4266 8025
420 618 3488 826 formé tous ces acteurs traveſtis qui m'a-
150 817 3488 1025 voient parlé, & les avoit inſtruits du rôle
416 1015 3484 1223 que chacun devoit jouer auprès de moi.
416 1213 3508 1615 eepaulel eeen ei releré onmne eſli
416 1606 3519 1807 d'une ſalle de ſpectacle, les jours de bal.
420 1801 3488 2005 On l'avoit fait redeſcendre à ſa place na-
420 1999 3488 2197 turelle. Pendant ce temps-là, je m'étois
404 2190 3484 2393 laiſſé ſuſpendre ſans m'en appercevoir, &,
54 2384 3488 2586 tandis que les autres deſcendoient, j'étois
416 2579 3492 2785 reſté en l'air. Un nouveau plancher, ſorti
420 2781 3480 2982 des deux côtés de la ſalle, s'étoit réuni
408 2980 3476 3182 ſous mes pieds, cachant toute l'aſſemblée
416 3174 3476 3378 & les lumières qui ſe trouvoient alors,
412 3372 3480 3576 ſous terre, à mon égard. J'étois donc dans
82 3543 3476 3772 l'obſcurité. J'avois ſu gagner la porte,
412 3767 3472 3969 mais rien de miraculeux dans tout cela.
63 3944 3480 4163 Je n'avois point ſenti qu'on m'avoit dé-
416 4157 3484 4358 croché, & qu'on m'avoit mis de l'or dans
289 4357 3488 4552 mes poches. Mais qu'eſt - ce que c'étoit
412 4544 3484 4748 donc que cette Société? Il falloit qu'elle
74 4742 3484 4950 fût, en effet, bien puiſſante, ou, du
408 4948 1789 5148 moins, bien riche.
598 5143 3488 5342 Je revis, le ſoir, Camargo à la ta-
416 5341 3694 5540 verne. Je la remerciai de la fête; je lui
416 5535 3492 5737 expliquai, comme je viens de le dire,
70 5730 3484 5931 toutes les circonſtances qui m'avoient paru
416 5927 3480 6132 extraordinaires; elle ſourit & ne me nia
408 6127 2552 6337 rien de ce que je diſois.
2671 6330 2901 6493 By
