4266 7859
430 638 3434 858 “prit-elle, ſi tu ſavois quelque choſe;
423 842 3438 1047 “car enfin nous te dévoilerons, par la
426 1035 3426 1240 “ſuite, des myſtères plus importans? Ne
68 1227 3438 1424 “ferois-tu pas les aveux qu'on exigeroit
430 1419 3446 1623 “de toi?“ -- „Ma chère amie, lui ré-
442 1612 3453 1813 “pondis-je, fie-toi ſur mon honneur &
449 1793 3446 2000 “ma diſcrétion. J'ignore quels ſont vos
446 1986 3449 2188 “prétendus ſecrets; je ſuppoſe qu'ils ſont
438 2178 3453 2374 “de quelqu'importance; car enfin, s'il
446 2366 3453 2564 “n'étoit queſtion que de bagatelles, vous
446 2556 3449 2756 “n'exigeriez pas, ſans doute, que je fiſſe
450 2752 3453 2946 “les frais de beaucoup de courage & de
115 2941 3457 3142 “conſtance; que je ſouffriſſe une perſé-
130 3137 3465 3331 “cution ſérieuſe, pour me diſpenſer d'a-
449 3322 3457 3521 “vouer des niaiſeries. Je ſuppoſe auſſi que
453 3515 3457 3708 “vos myſtères ſont innocens, qu'il n'y
457 3707 3453 3910 “eſt queſtion que de choſes honnêtes;
449 3900 3461 4096 “car, ſi par hazard, ce que je ne crois
449 4089 3461 4289 “pas, il y avoit à reprocher des fripon-
457 4285 3465 4474 “neries à votre Société, je ne pourrois
118 4470 3469 4666 “pas, en conſcience, me faire le martyr
465 4662 3465 4851 “& la victime des coquins.“ -- „Mon-
449 4851 3461 5047 “ſieur de Perlencour, me répondit Ca-
457 5043 3473 5244 “margo, nous ne ſommes point des co-
457 5236 3469 5436 “quins; il s'en faut de beaucoup; nous ne
465 5425 3473 5633 “ſommes pas, non plus, des enfans,
161 5618 3476 5806 “& nos myſtères ne ſont pas des niai-
473 5801 3470 5981 “ſeries. Quand nous vous demandons le
480 5995 3472 6199 “ſecret, c'eſt que nous comptons que les
2552 6195 2854 6381 Bvi
