4266 8170
858 621 4269 850 “objets ſont de quelqu'importance; au
857 826 4270 1066 “reſte, le mieux & le plus court, ſi vous
846 1043 4271 1257 “étiez arrêté, ſeroit, je crois, de dire
628 1235 4273 1467 “que vous ne nous connoiſſez pas, &
862 1451 3568 1665 “de perſiſter dans cette aſſertion.“
941 1652 4276 1873 Je ne trouvai pas ce parti fort juſte,
874 1855 4277 2064 en cas que je fuſſe interrogé juridique-
866 2057 4278 2266 ment; car enfin, vis-à-vis des particuliers,
870 2257 4279 2467 je ſuis libre de ne dire que ce que je
866 2452 4281 2670 veux; mais je dois la vérité à ceux que
874 2651 4282 2865 la loi autoriſe à la demander, & qui le
878 2849 4283 3067 font légalément. Je ne voulus pas faire
878 3050 4286 3460 i in pes 'ureat le urWi e qui
890 3451 4287 3653 m'annonçoit qu'elle n'étoit pas trop con-
890 3637 4288 3867 tente de moi. Je quittai le ſérieux: je me
890 3846 4290 4050 mis à dire des folies, ce qui m'alloit aſſez
890 4047 4291 4266 bien. Je hazardai quelques careſſes, qui
882 4248 4292 4457 furent bien reçues; enfin je parvins à faire
882 4450 4294 4650 ſourire ma belle. Je vis la ſérénité renaître
897 4646 4295 4853 dans ſes yeux, & nous nous quittâmes
898 4846 4296 5054 bons amis, en nous embraſſant fort ten-
898 5040 4298 5257 drement. Je ſuis aſſurément diſpoſé à être
910 5249 4299 5460 diſcret; mais pourquoi ces gens-là ont-
898 5434 4300 5665 ils beſoin d'un ſi grand ſecret? Qu'ils
910 5645 4302 5867 gardent, pour eux, tous leurs myſtères,
905 5850 4303 6068 s'ils doivent me compromettre avec la
906 6060 1443 6226 Juſtice.
