4266 7926
1595 443 2077 630 e
1653 1202 2046 1334 Suite.
341 1601 3344 1798 E revenois hier au ſoir, mon ami,
345 1788 3352 1990 de Kengſington, maiſon royale. Je ſuivois
345 1986 3363 2177 mon cheminpar Hide-Park, où il régnoit
341 2173 3360 2369 une grande ſolitude; car il étoit déjà nuit.
341 2364 3363 2563 Je fus, tout-à coup, aſſailli par ſix bri-
345 2558 3363 2755 gands, qui fondirent ſur moi, me prirent
341 2755 3359 2951 au collet, & voulurent m'entraîner. Je
96 2943 3363 3143 ſecouai cette canaille. Je n'avois, pour
96 3140 3360 3333 arme, que ma canne dont je jouai ſi bien,
131 3332 3363 3526 que je menai, tambour battant, mes ſix
349 3519 3364 3715 coquins, quoiqu'ils fuſſent tous armés de
349 3709 3363 3908 gourdins, ou plutôt de maſſues. Je parai
357 3908 3355 4103 tous leurs coups; je n'en reçus pas un ſeul,
353 4098 3364 4294 & j'en diſtribuai un bon nombre, dont
357 4285 3360 4675 ee unbhe e eeeo e leun, leppoouiii
364 4670 3352 4865 légèrement ces poliſſons à coups de canne,
364 4868 3363 5062 pendant plus de cinquante pas, au bout
368 5059 3356 5250 deſquels je les abandonnai à leur mau-
369 5251 3357 5445 vais ſort, & je rentrai, dans la ville,
376 5444 1423 5623 par Piccadilly.
576 5632 3364 5826 J'allai rejoindre Camargo à la taverne.
388 5821 3360 6001 Je lui racontai mon accident. Elle ſourit,
401 6021 3364 6219 & me dit que j'étois un petit Céſar. Nous
