4266 8109
687 595 856 680 .
679 603 4265 832 paſsâmes la ſoirée enſemble. Notre con-
992 802 4265 1024 verſation fut aſſez gaie. nous ſoupâmes
992 1004 4266 1212 tête-à-tête, & nous nous quittâmes fort
988 1208 4266 1422 bons amis & fort tard. Tout le monde
991 1407 4267 1635 dormoit au logis. Mon valet vint m'ou-
988 1611 4267 1827 vrir, tombant de ſommeil. Je trouvai,
988 1812 4268 2023 dans ma chambre, ſur ma table, un rou-
987 2003 4268 2218 leau de cent guinées. Je demandai à mon
991 2208 4268 2417 homme ce que c'étoit que cela; il me ré-
995 2409 4269 2617 pondit, en balbutiant, qu'on l'avoit ap-
991 2597 4269 2815 porté pour moi. Je n'en pus tirer d'autre
1007 2807 4270 3013 explication. Je ſentis que cela devoit me
1000 3004 4270 3211 venir jde la part de la Société ſouterreine.
1004 3201 4271 3401 Ces gens-là, ſans doute, vouloient me
996 3400 4271 3605 recevoir dans leur corps, puiſqu'ils me
987 3587 4271 3800 faiſoient de pareilles avances; mais qu'eſt-
988 3797 4272 4024 ce que c'étoit donc que ce corps myſté-
992 4000 2465 4194 rieux & généreux?
1180 4169 4273 4402 Le lendemain je parlai à Camargo, du
999 4394 4273 4614 préſent que j'avois reçu. Elle ſourit & ne
995 4582 4274 4800 voulut convenir de rien. En la quittant,
995 4782 4274 4990 je fus attaqué ſur la place de Bloomsbury-
996 4985 4274 5196 Square, par une troupe de Watch-men;
988 5182 4275 5384 du moins ils me parurent tels. Tu ſais que
992 5382 4275 5588 ces hommes ſont des vieillards, encore
1000 5578 4276 5805 verts, armés ſeulement de bâtons, qui
983 5782 4276 5984 rempliſſent, à Londres, à-peu-près les
987 5979 4277 6187 mêmes fonctions que le guet à Paris.
1015 6179 4277 6405 „Meſſieurs leur dis-je, que voulez-vous
