4266 7769
2197 482 2646 654 u
969 699 3905 910 “je, n'eſt point la mienne; je ne ſais
976 893 3920 1091 “rien ſur ſon compte; j'en donne ma pa-
969 1083 3920 1281 “role d'honneur.“ Pour toute réponſe,
980 1273 3920 1472 on expédia l'ordre de me mettre au cachot.
965 1462 3927 1661 Je proteſtai contre cette violence inique,
737 1653 3927 1852 &, voyant approcher deux vieillards pour
969 1843 3927 2042 m'arrêter, je les couchai, par terre, cha-
980 2026 3935 2225 cun d'un coup de poing; je renverſai le
988 2212 3939 2414 bureau des prétendus Juges ou Magiſ-
984 2402 3935 2589 trats; je les chaſſai eux - mêmes de leur
976 2592 3935 2791 Etude; je terraſſai trois ou quatre hommes
980 2783 3943 2977 qui fondirent ſur moi pour me ſaiſir, &
972 2969 3943 3163 je ſottis victorieux, de cette maiſon d'ini-
980 3163 1380 3343 quité.
1174 3321 3946 3539 Je courois de toutes mes forces pour
980 3535 3946 3722 regagner mon logis. Tout - à - coup mes
988 3722 3946 3912 jambes heurtent contre je ne ſais quel
991 3908 3939 4098 obſtacle, & je tombe la face dans la
987 4098 3950 4285 boue. Une bande d'aſſaſſins fond ſur
995 4283 3955 4471 moi; tout aveuglé, je me défends
904 4471 3946 4661 autant qu'il eſt poſſible; j'en terraſſe plu-
999 4657 3954 4850 ſieurs, j'échappe deux ou trois fois aux
999 4844 3950 5034 brigands, mais ils m'entrelaſſoient toujours
995 5034 3946 5228 je ne ſais quoi dans les jambes, pour me
1003 5224 3939 5399 faire tomber; c'étoit d'abord une corde
999 5410 3942 5613 tendue; enſuite leurs cannes, dont ils
999 5599 3954 5799 m'incommodoient cruellement; les ſcélé-
1003 5790 3931 5989 rats, en embuſcade, m'avoient attendu;
1014 5973 3939 6175 ils n'ont pas manqué leur coup. Ils ſont
