4266 8364
402 759 3592 957 enfin venus à bout de m'enlever, de me
407 964 3603 1180 bander les yeux, de me boucher exactement
394 1176 3607 1391 labouche & de me garotter Bientôt ils m'ont
398 1381 3607 1589 fait entrer dans une maiſon voiſine, dans la
402 1581 3608 1785 même, je crois, que je venois de quit-
406 1784 3607 1992 ter, m'ont deſcendu & m'ont jetté au
406 1982 3607 2163 fond d'un noir cachot, dont ils ont fermé,
402 2184 3624 2389 ſur moi, la porte, avec pluſieurs verroux
98 2381 3624 2594 & une groſſe ſerrure en dehors. Je ſuis
85 2579 3616 2800 reſté couché ſur la terre humide, accablé
410 2788 3613 2995 de fatigue. J'y ai maudit mon ſort pendant
406 2990 3612 3410 ureeſes; pai ſ'iereie, danss ma de,
398 3401 3599 3614 les moyens de m'échapper de ce ténébreux
406 3595 3624 3809 abîme; je me ſuis enfin endormi d'un pro-
406 3801 1530 3965 fond ſommeil.
1789 4606 2214 4753 Suite.
474 4984 633 5126 D
427 5035 3628 5247 mon réveil, je ne ſus ſi j'étois dans
427 5237 3632 5450 le jour ou dans la nuit; j'étois dans une
435 5434 3628 5656 obſcurité qui me laiſſoit, à peine, en-
439 5648 3620 5857 trevoir les objets qui étoient autour de
443 5850 3636 6064 moi; & ces objets ſe réduiſoient aux
439 6055 3599 6270 quatre murailles. La voûte étoit très-haute:
443 6253 3641 6478 en la conſidérant bien, je crus apperce-
451 6459 3640 6700 voir un pain rond qui pendoit; mais qui
3797 7339 3967 7480 L
