4266 7984
289 791 3509 991 rité; j'appercevois plus diſtinctement les
285 987 3305 1183 objets; mais ils me faiſoient voir plus
62 1179 3470 1382 clairement que j'étois ſans reſſource, &
69 1375 2650 1572 dans une ſituation déſeſpérante.
403 1571 3317 1768 Je ſentis qu'il falloit d'abord parvenir
273 1764 3325 1958 au pain & à l'eau, dont j'allois bientôt
273 1956 3313 2148 éprouver le beſoin. Je me ſentois peu d'ap-
61 2144 3317 2533 le coinmennea pu ſau al le presllan uu
285 2528 3321 2729 je pus. J'étois encore loin de toucher aux
289 2720 3568 3101 uie auecoenie rde éaint oe ai le arede la
301 3105 3329 3310 fatigue; mais je n'avois pas encore pu tou-
293 3305 3317 3497 cher au pain deſiré. Cependant je voyois
289 3493 3321 3702 les ſouris qui grimpoient effrontément
289 3689 3317 3891 juſques - là, & qui mangeoient, à leur
297 3885 3321 4083 aiſe, mon pain devant moi. Je redoublai
293 4077 3305 4282 d'ardeur, ou plutôt de rage, & je vins
289 4273 3324 4467 enfin à bout de toucher, du doigt, l'ali-
301 4462 3325 4658 ment fatal; mais, comme il étoit attaché
309 4658 3321 4852 à une corde, & mobile dans l'air, mon
305 4850 3321 5042 doigt, en le touchant, le fit ſautiller, ba-
297 5046 3313 5244 lancer, tournoyer. La cruche s'en reſſen-
301 5238 3309 5446 tit; & la mobilité de ces deux objets; ne
293 5426 1960 5628 me fut d'aucune utilité.
501 5614 3536 5819 L'impatience croiſſoit, chez moi, avec
305 5811 3301 6023 le beſoin. Je ſautois toujours un peu plus
160 6011 3305 6211 haut. Je touchois à chaque ſaut; mais je
316 6195 3317 6415 ne réuſſiſſois qu'à faire brandiller les ob-
