4266 7861
1427 747 1910 926 e
-14 967 3146 1180 “gleterre, pour vous enfermer dans une
-14 1164 3150 1370 “indigne priſon. Nous avons découvert
-14 1354 3317 1559 “cette priſon. Nous venions vous en tirer
-13 1545 3153 1745 “à main armée; mais vous avez prévenu
-13 1734 3157 1931 “nos vœux & notre eſpérance. Venez,
-12 1920 3157 2119 “mon cher ami, toute la Société brûle
-12 2106 3165 2305 “de vous embraſſer & de vous dédom-
-12 2288 3180 2491 “mager, autant qu'il ſera en ſon pouvoir,
-11 2477 3165 2679 “de tout ce que vous avez ſouffert, avec
-11 2667 3173 2866 “tant de courage, pour elle.“ -- „Meſ-
-10 2853 3305 3056 “ſieurs, leur répondis-je, je ſuis très-ſen-
-10 3047 3176 3242 “ſible à vos politeſſes; mais vous devez ſen-
-10 3237 3180 3431 “tir qu'après toutes les fatigues, que je
-9 3423 3184 3620 “viens d'eſſuyer, ce que j'ai de plus preſſé à
-9 3613 3188 3803 faire, c'eſt de retourner chez moi, pour
-8 3802 3218 3996 “m'y repoſer.“ -- „Rien de plus vrai que
-8 3985 3188 4182 “ce que vous dites aſſurément, reprit le
-7 4178 3446 4369 “chef; nous le ſentons comme vous;
-7 4364 3192 4554 “mais, ſi vous ſortez d'ici, vous allez
-7 4550 3195 4740 “trouver, à la porte, de nouveaux
-6 4735 3188 4930 “hommes, qui vont vous arrêter; &,
-6 4924 3192 5118 “ſi vous en doutez, nous allons vous
-5 5112 3188 5310 “les faire voir. Nous n'avons pas d'autre
-5 5300 3195 5492 “parti à prendre, que de vous conduire
-5 5487 3199 5689 “chez vous ou chez nous. Dans le pre-
-4 5671 3195 5875 “mier gîte, vous ne ſerez pas en sûreté;
-4 5858 3241 6054 “& il nous faudra ſoutenir un combat,
-3 6039 3195 6248 “& verſer du ſang pour vous y mener.
-3 6221 3233 6448 “Chez nous, au contraire, vous ſerez
2375 6437 2660 6631 Ci
