4266 8192
894 922 4025 1133 “en sûreté, comme nous-mêmes, & il
890 1127 4013 1328 “n'y a aucune difficulté pour vous y con-
902 1328 4017 1532 “duire, parce que nous avons, au bas
898 1528 4021 1729 “de l'eſcalier que vous voyez, un che-
911 1730 4018 1927 „min ſouterrein, qui aboutit dans notre
894 1930 4017 2132 „aſyle. Vous ne ſavez pas, mon cher
898 2126 4021 2331 “ami, qu'il y a un complot formé pour
902 2330 4025 2533 “vous perdre. Vous avez des ennemis ca-
910 2528 4029 2731 “chés, qui vous pourſuivent. Ils ont
902 2728 4025 2917 “voulu vous faire aſſaſſiner, l'autre jour,
902 2929 4029 3130 “dans la rue. Vous avez eu le bonheur
906 3126 4029 3331 “de vous échapper. Le lendemain ils vous
906 3326 4033 3531 “ont fait arrêter, & vous ont plongé dans
902 3527 4033 3727 “un cachot ſouterrein, d'où vous avez
910 3720 4029 3917 “eu le talent de ſortir. Venez avec nous;
923 3925 4034 4126 “cachez-vous, dans nos foyers, pendant
918 4125 4033 4333 “quelques jours, juſqu'à ce que nous
914 4326 4025 4527 “ayons pu reclamer, en votre faveur,
922 4523 4172 4728 “la protection du Gouvernement, auquel
926 4723 4177 4922 “nous découvrirons les trames odieuſes
934 4920 3969 5123 “dont vous riſquez d'être la victime.“
1135 5116 4021 5317 Je ne ſavois que penſer de tout ce que
934 5321 4017 5522 j'apprenois. Qui eſt-ce qui me pourſuivoit?
930 5518 4009 5719 quels ennemis pouvois-je avoir? Etoit-ce
930 5714 4001 5917 la famille du Comte de S. Flour? Hélas
926 5917 4009 6120 je ne pouvois reſter en France pour ce
930 6112 4013 6320 duel. Etoit-ce la même cauſe qui atta-
946 6313 4013 6515 quoit ma sûreté en Angleterre? J'étois
946 6513 4005 6726 indéterminé. On me fit voir, par une
