4266 8011
-15 934 3272 1152 fenêtre, les hommes armés qui m'atten-
-14 1145 3280 1343 doient à la porte; &, comme on me
-14 1331 3260 1539 voyoit encore indécis: „Mon bon ami,
-13 1526 3541 1729 “dit le chef, vous n'oſez, je le vois,
-13 1694 3288 1924 “vous confier entre nos mains. Il faut
-13 1916 3284 2117 “vous donner les gages & les garans qui
-12 2111 3280 2305 „conviennent le plus à un brave jeune
-12 2298 3280 2499 “homme comme vous. Ce ſont des armes;
-11 2485 3276 2692 “ſi vous n'avez pas craint pluſieurs
-11 2687 3276 2887 “hommes, quand vous étiez privé de
-10 2882 3264 3082 “ce ſecours, quels mortels redouterez-
-10 3050 3463 3276 “vous, quand vous ſerez armé de pied
-10 3274 3249 3470 “en cap? Prenez, mon cher ami, nos
-9 3463 3257 3662 “fuſils, nos épées & nos piſtolets.“ On
-9 3654 3249 3858 me força d'accepter, au moins, une épée,
-8 3851 3257 4056 un fuſil, avec une bayonnette, & quatre
-8 4051 3257 4273 piſtolets. Je riois pour cacher mon in-
-7 4242 3257 4440 quiétude. Je me diſois cependant: „Je
-7 4437 3260 4636 “ſuis armé; s'ils penſent avoir bon mar-
-7 4627 3268 4822 “ché de moi, je leur ferai voir qu'ils ont
-6 4819 3257 5025 “grand tort. Je me défendrai juſqu'à mon
-6 5015 3257 5221 “dernier ſoupir; & je ne paſſerai au
-5 5206 3261 5415 “rang des morts, qu'en bonne compa-
-5 5401 3253 5610 “gnie.“ On me verſa un verre d'eau-
-5 5591 3249 5809 de-vie, & nous deſcendîmes l'eſcalier qui
-4 5784 2707 6001 conduiſoit au chemin ſouterrein.
1316 6178 2124 6375 .
2349 6444 2699 6694 Cij
