4266 8101
2504 1410 2916 1557 Suite.
1096 1813 4155 2041 Nous ne tardâmes pas à gagner ce
993 2023 4159 2234 ſombre veſtibule, où l'on nous conduiſi
1100 2226 4163 2433 aux flambeaux; & bientôt nous arrivâmes
1108 2422 4163 2630 dans une caverne immenſe, ou plutôt
1104 2621 4163 2830 dans un aſſemblage de cavernes, abou-
1100 2816 4175 3023 tiſſant l'une dans l'autre, qui étoient le
1104 3014 4167 3221 ſéjour de la Société ſouterreine. Vouseuſſiez
1112 3212 4171 3416 dit du ſombre empire de Pluton. Ce pré-
704 3410 4167 3616 tendu Tartare, ſéjour d'une eſpèce de
1100 3608 4167 3818 peuple Gnôme, avoit pourtant ſes beau-
1104 3810 4167 4017 tés. C'étoit, je crois, une mine de fer
1100 4008 4167 4214 ou d'argent. Il y avoit des criſtalliſations
1100 4206 4179 4414 fort curieuſes, ſur leſquelles des milliers
1104 4400 4167 4606 de lumières faiſoient un très-brillant effet.
1108 4571 4171 4805 Je n'eus pas le temps d'examiner, bien en
1120 4795 4163 5004 détail, tous ces objets. Je me vis accueilli
1104 5002 4163 5205 par une cinquantaine d'hommes, tous
1112 5197 4163 5401 d'une figure très-guerrière, & dont aucun
1104 5395 3679 5593 ne paroiſſoit devoir me craindre.
1310 5589 4151 5799 Il y avoit un chef, qui étoit aſſis ſur
1120 5779 4115 5995 un ſiége plus élevé que les autres. Il ſ
1128 5985 4147 6192 leva, & vint m'embraſſer. „Soyez le bien
1124 6187 4111 6395 “venu, me dit-il, mon cher Céſar.
1144 6385 4123 6627 Sur-le-champ, j'entendis une fanfare guer
