4266 8039
473 822 3544 1055 rière, qui célébroit mon arrivée, avec
477 1032 3553 1258 les trompettes, les timbales, & tous les
136 1230 3881 1452 inſtrumens militaires, tandis que j'étois
481 1434 3556 1649 embraſſé ſucceſſivement par tous les in-
426 1627 3556 1844 dividus de cette fière Société. J'aurois
481 1828 3564 2038 mieux aimé un baiſer de la plus mince
450 2026 3564 2234 griſette de dix-huit ans, que toutes ces
481 2179 3564 2424 embraſſades. On verſa, à la ronde, un
485 2408 3568 2618 vin très-fort, mais délicieux; & tous ces
172 2607 3572 2822 héros chanterent des chanſons militaires
176 2807 3568 3015 de leur compoſition, où ils célébroient
422 3003 2619 3214 ma bravoure & mon arrivée.
462 3195 3564 3423 Enſuite, on procéda à ma réception
211 3391 3564 3605 en règle. Je n'en décris point le détail,
293 3595 3568 3823 qui étoit plaiſant & bizarre, quoique
469 3798 3579 3999 pourtant impoſant. Ce que j'y vis de par-
473 3995 3572 4193 ticulier, c'eſt qu'on ne me fit point pro-
493 4187 3721 4389 noncer de ſermens. „Nous nous fions
254 4383 4046 4589 “à l'honneur des récipiendaires, me dit
246 4575 3572 4799 “le chef; nous les avons éprouvés avant
485 4771 3572 4981 “de les recevoir. Des ſermens ne doivent
493 4968 3564 5179 “pas ſe commander; & ils ne lient pas
501 5168 3572 5377 “plus un homme d'honneur, que ſa ſimple
505 5364 1297 5556 “parole.“
697 5560 3568 5764 Alors nous entendîmes une muſique
497 5740 3580 5962 plus douce, & les Dames entrerent, con-
340 5941 3564 6159 duites par Camargo, la plus brillante de
501 6136 3670 6336 toutes. Jé vis un eſſaim de jeunes Beautés,
517 6324 3568 6553 dont pluſieurs me parurent éblouiſſantes.
2771 6548 3085 6697 Civ
