<PcGts xmlns="http://schema.primaresearch.org/PAGE/gts/pagecontent/2017-07-15" xmlns:xsi="http://www.w3.org/2001/XMLSchema-instance" xsi:schemaLocation="http://schema.primaresearch.org/PAGE/gts/pagecontent/2017-07-15 http://schema.primaresearch.org/PAGE/gts/pagecontent/2017-07-15/pagecontent.xsd"><Metadata><Creator>User123</Creator><Created>2020-10-17T17:12:50</Created><LastChange>2020-10-17T17:12:50</LastChange></Metadata><Page imageFilename="0067.png" imageHeight="8251" imageWidth="4266"><TextRegion id="r0" type="paragraph" orientation="-0.0"><Coords points="1,1 4264,1 4264,8249 1,8249"/><TextLine id="r0_l001"><Coords points="928,4 1476,4 1476,85 928,85"/><TextEquiv index="1"><Unicode></Unicode></TextEquiv></TextLine><TextLine id="r0_l002"><Coords points="2619,1 4158,1 4158,121 2619,121"/><TextEquiv index="1"><Unicode></Unicode></TextEquiv></TextLine><TextLine id="r0_l003"><Coords points="105,28 528,28 528,113 105,113"/><TextEquiv index="1"><Unicode>„</Unicode></TextEquiv></TextLine><TextLine id="r0_l004"><Coords points="2218,706 2734,706 2734,949 2218,949"/><TextEquiv index="1"><Unicode>L</Unicode></TextEquiv></TextLine><TextLine id="r0_l005"><Coords points="2845,1153 2844,1153 2844,1093 2844,1092 2771,1092 2770,1093 2770,1094 2768,1096 2444,1096 2443,1097 2443,1127 2442,1128 2441,1128 2440,1129 2439,1130 2439,1131 2438,1132 2437,1132 2436,1133 2435,1134 2435,1135 2434,1136 2433,1136 2432,1137 2431,1138 2431,1139 2430,1140 2429,1140 2428,1141 2427,1142 2427,1143 2426,1144 2421,1144 2419,1146 2419,1147 2418,1148 2409,1148 2407,1150 2407,1151 2407,1151 2406,1152 2405,1152 2404,1153 2386,1153 2385,1152 2384,1152 2382,1151 2382,1150 2382,1149 2381,1148 2380,1148 2378,1147 2378,1146 2377,1144 2372,1144 2370,1143 2370,1142 2369,1140 2368,1140 2366,1139 2366,1138 2365,1136 2364,1136 2362,1135 2362,1097 2362,1096 2125,1096 2124,1097 2124,1153 2124,1153 2117,1153 2116,1153 2116,1149 2116,1148 1973,1148 1971,1147 1971,1146 1971,1145 1970,1145 1967,1143 1967,1093 1967,1092 1497,1092 1495,1094 1495,1095 1494,1096 1428,1096 1427,1097 1427,1099 1426,1100 1424,1100 1423,1100 1423,1099 1422,1098 1422,1097 1422,1096 1206,1096 1205,1097 1205,1131 1204,1132 1203,1132 1201,1134 1201,1135 1200,1136 1199,1136 1197,1138 1197,1139 1196,1140 1195,1140 1193,1142 1193,1143 1192,1144 1187,1144 1185,1146 1185,1147 1184,1148 1175,1148 1172,1151 1172,1152 1172,1152 1138,1152 1136,1151 1136,1150 1135,1148 1134,1148 1132,1147 1132,1146 1131,1144 1130,1144 1128,1143 1128,1142 1127,1140 1126,1140 1124,1139 1124,1101 1124,1100 941,1100 938,1098 938,1097 938,1096 933,1096 930,1094 930,1093 930,1092 929,1092 926,1090 926,1089 926,1088 925,1088 922,1086 922,1085 922,1084 921,1084 918,1082 918,1077 918,1076 917,1076 914,1074 914,1065 914,1064 913,1064 910,1062 910,1049 910,1048 893,1048 890,1046 890,1045 890,1044 889,1044 886,1042 886,1041 886,1040 885,1040 882,1038 882,1037 883,1036 884,1036 885,1035 886,1035 886,1035 886,1030 889,1027 890,1027 890,1027 890,1026 893,1023 894,1023 894,1023 894,1022 897,1019 939,1019 939,1019 939,956 940,955 1094,955 1095,954 1096,954 1096,954 1096,953 1098,951 1116,951 1116,951 1116,932 1117,931 1118,931 1119,930 1120,930 1120,930 1120,929 1123,926 1132,926 1132,927 1132,929 1135,931 1136,931 1136,932 1136,1003 1137,1003 1313,1003 1314,1002 1314,1001 1316,999 1406,999 1406,999 1406,994 1407,993 1407,992 1408,991 1413,991 1415,994 1415,995 1416,995 1417,995 1419,998 1419,999 1420,999 1563,999 1563,1000 1563,1001 1566,1003 1571,1003 1571,1004 1571,1005 1572,1005 1729,1005 1729,1005 1729,953 1731,951 1740,951 1741,950 1741,949 1743,947 1761,947 1761,948 1761,949 1764,951 1765,951 1765,952 1765,961 1768,963 1769,963 1769,964 1769,965 1772,967 1777,967 1777,968 1777,969 1780,971 1781,971 1781,972 1781,973 1782,974 1782,1003 1783,1003 1858,1003 1858,1003 1858,933 1857,931 1856,931 1854,930 1854,928 1855,927 1856,927 1857,926 1858,926 1859,925 1870,925 1870,926 1870,930 1870,930 1869,930 1866,933 1866,1003 1867,1003 1982,1003 1983,1002 1983,1001 1985,999 2064,999 2064,999 2064,968 2065,967 2066,967 2070,963 2075,963 2076,962 2076,961 2078,959 2079,959 2080,958 2080,957 2083,954 2084,954 2084,954 2084,953 2086,951 2099,951 2100,953 2100,1003 2101,1003 2244,1003 2245,1005 2245,1006 2247,1007 2467,1007 2467,1007 2467,997 2469,995 2470,995 2471,994 2471,993 2473,991 2474,991 2475,990 2475,989 2477,987 2478,987 2479,986 2479,986 2479,985 2481,983 2576,983 2576,983 2576,949 2577,948 2588,948 2588,949 2588,955 2589,955 2756,955 2758,953 2758,952 2759,951 2777,951 2778,953 2778,958 2780,959 2781,959 2782,961 2782,995 2783,995 2926,995 2927,997 2927,999 2928,999 3079,999 3080,1001 3080,1003 3081,1003 3123,1003 3125,1006 3125,1007 3126,1007 3127,1007 3128,1009 3128,1010 3129,1011 3129,1019 3130,1019 3131,1019 3133,1022 3133,1055 3134,1055 3294,1055 3294,1055 3294,973 3293,971 3288,971 3286,970 3286,969 3285,967 3284,967 3282,966 3282,961 3281,959 3280,959 3278,958 3278,956 3279,955 3280,955 3281,954 3282,953 3282,952 3283,951 3333,951 3334,953 3334,954 3335,954 3336,954 3341,959 3342,959 3342,960 3342,1003 3343,1003 3572,1003 3572,1003 3572,937 3574,935 3583,935 3584,934 3584,933 3586,931 3587,931 3588,930 3590,930 3591,931 3592,931 3592,932 3592,933 3595,935 3596,935 3596,936 3596,951 3597,951 3624,951 3625,953 3625,954 3627,955 3640,955 3640,956 3640,957 3643,959 3648,959 3649,961 3649,962 3651,963 3652,963 3653,965 3653,966 3655,967 3656,967 3657,969 3657,974 3659,975 3660,975 3661,977 3661,982 3663,983 3664,983 3665,985 3665,1003 3666,1003 3846,1003 3846,1003 3846,1001 3848,999 4008,999 4008,999 4008,996 4009,995 4010,995 4011,994 4011,979 4012,978 4012,977 4014,975 4015,975 4015,975 4015,974 4016,973 4016,960 4017,959 4018,959 4020,957 4024,953 4024,952 4025,951 4035,951 4036,953 4036,1018 4040,1022 4040,1027 4041,1027 4042,1027 4044,1030 4044,1042 4042,1044 4041,1044 4040,1045 4040,1083 4040,1083 4039,1083 4036,1086 4036,1091 4035,1092 4030,1092 4027,1095 4027,1096 4027,1096 3949,1096 3947,1095 3947,1094 3946,1092 3513,1092 3512,1093 3512,1151 3512,1151 3504,1151 3503,1151 3503,1093 3503,1092 3493,1092 3492,1093 3492,1121 3491,1122 3491,1124 3491,1124 3485,1124 3483,1123 3483,1122 3482,1120 3469,1120 3467,1119 3467,1118 3466,1116 3465,1116 3463,1115 3463,1093 3463,1092 3171,1092 3170,1091 3086,1091 3011,1091 3010,1092 2858,1092 2857,1093 2857,1153 2857,1153"/><TextEquiv index="1"><Unicode>élégantes du plus grand ton. La Beauté</Unicode></TextEquiv></TextLine><TextLine id="r0_l006"><Coords points="2759,1353 2756,1350 2743,1350 2742,1350 2742,1349 2740,1347 2740,1346 2739,1346 2737,1345 2737,1342 2737,1341 1358,1341 1357,1342 1356,1342 1354,1344 1354,1345 1353,1346 1340,1346 1338,1345 1338,1344 1337,1342 1336,1342 1334,1341 1334,1303 1334,1302 921,1302 918,1300 918,1234 918,1233 916,1233 915,1233 915,1232 914,1231 914,1228 915,1227 915,1226 916,1225 917,1225 918,1224 918,1220 919,1219 919,1218 920,1217 934,1217 934,1217 934,1216 935,1215 935,1198 936,1197 937,1197 939,1195 939,1182 940,1181 941,1181 943,1179 943,1178 944,1177 945,1177 947,1175 947,1174 948,1173 949,1173 951,1171 951,1170 951,1169 651,1169 648,1167 648,1166 648,1165 647,1165 644,1163 644,1155 647,1152 3027,1152 3028,1151 3028,1146 3030,1144 3034,1144 3036,1147 3036,1148 3037,1148 3038,1148 3041,1151 3512,1151 3513,1152 3643,1152 3645,1155 3645,1156 3646,1156 3647,1156 3649,1159 3649,1209 3650,1209 3950,1209 3951,1211 3951,1212 3953,1213 3962,1213 3963,1215 3963,1216 3965,1217 3970,1217 3972,1220 3972,1221 3973,1221 3974,1221 3975,1223 3975,1228 3977,1229 3978,1229 3979,1231 3979,1240 3981,1241 4039,1241 4040,1243 4040,1248 4042,1249 4043,1249 4044,1251 4044,1260 4043,1261 4042,1261 4040,1263 4040,1268 4039,1269 3976,1269 3975,1270 3975,1281 3975,1281 3974,1281 3971,1284 3971,1285 3971,1285 3970,1285 3967,1288 3967,1289 3967,1289 3966,1289 3963,1292 3963,1293 3963,1293 3962,1293 3961,1294 3352,1294 3350,1296 3350,1297 3350,1297 3349,1297 3348,1298 3146,1298 3145,1299 3145,1300 3143,1302 3142,1302 3141,1303 3141,1312 3139,1314 3138,1314 3137,1315 3137,1316 3135,1318 3130,1318 3129,1319 3129,1320 3127,1322 3122,1322 3120,1324 3120,1325 3119,1326 3097,1326 3096,1327 3096,1352 3096,1352 2766,1352 2765,1353"/><TextEquiv index="1"><Unicode>ſe voyoit ſur le même pied, avec la no-</Unicode></TextEquiv></TextLine><TextLine id="r0_l007"><Coords points="2413,1556 2411,1555 2411,1554 2410,1552 2385,1552 2382,1550 2382,1496 2382,1495 2042,1495 2039,1498 2039,1499 2039,1499 2017,1499 2016,1499 2016,1498 2014,1495 1395,1495 1394,1496 1394,1503 1394,1503 1393,1503 1390,1506 1390,1515 1390,1515 1389,1515 1386,1518 1386,1523 1386,1523 1385,1523 1382,1526 1382,1527 1382,1527 1381,1527 1378,1530 1378,1535 1378,1535 1377,1535 1375,1537 1374,1538 1374,1539 1374,1539 1373,1539 1372,1540 1368,1540 1366,1542 1366,1543 1366,1543 1365,1543 1364,1544 1361,1544 1356,1539 1355,1539 1354,1539 1354,1500 1354,1499 1022,1499 1019,1502 1019,1503 1019,1503 953,1503 951,1505 951,1506 950,1507 940,1507 939,1507 939,1506 937,1503 920,1503 919,1503 919,1502 917,1499 916,1499 915,1499 915,1498 914,1497 914,1482 917,1479 918,1479 918,1479 918,1384 917,1382 908,1382 906,1381 906,1380 905,1378 904,1378 902,1377 902,1369 907,1364 907,1363 908,1362 914,1362 914,1362 914,1361 915,1360 915,1359 916,1358 1232,1358 1233,1357 1233,1356 1235,1354 1268,1354 1270,1357 1270,1358 1271,1358 1272,1358 1274,1361 1274,1362 1275,1362 1276,1362 1277,1364 1277,1365 1278,1366 1278,1410 1279,1410 1709,1410 1709,1410 1709,1360 1711,1358 1728,1358 1729,1360 1729,1361 1731,1362 1732,1362 1733,1364 1733,1410 1734,1410 1951,1410 1951,1410 1951,1368 1953,1366 1954,1366 1955,1365 1955,1364 1957,1362 2035,1362 2035,1362 2035,1361 2038,1358 2039,1358 2039,1358 2039,1357 2042,1354 2240,1354 2241,1356 2241,1357 2243,1358 2244,1358 2245,1360 2245,1402 2246,1402 2292,1402 2294,1405 2294,1410 2295,1410 2296,1410 2296,1411 2298,1413 2298,1414 2299,1414 2668,1414 2669,1413 2669,1412 2670,1411 2671,1411 2672,1410 2758,1410 2758,1410 2758,1354 2759,1353 2765,1353 2765,1354 2765,1410 2766,1410 2786,1410 2786,1410 2786,1408 2787,1407 2788,1407 2790,1405 2790,1392 2792,1390 2793,1390 2794,1389 2794,1380 2796,1378 2797,1378 2798,1377 2798,1377 2798,1376 2800,1374 2801,1374 2802,1373 2802,1373 2802,1372 2804,1370 2805,1370 2805,1370 2806,1369 2806,1368 2808,1366 2809,1366 2809,1366 2810,1365 2810,1364 2812,1362 2813,1362 2813,1362 2814,1361 2814,1360 2816,1358 2821,1358 2822,1357 2822,1356 2824,1354 2845,1354 2846,1356 2846,1357 2848,1358 2849,1358 2850,1360 2850,1361 2852,1362 2853,1362 2854,1364 2854,1406 2855,1406 3076,1406 3076,1406 3076,1360 3078,1358 3079,1358 3080,1357 3080,1356 3082,1354 3087,1354 3089,1352 3096,1352 3098,1354 3099,1354 3100,1356 3100,1357 3102,1358 3103,1358 3104,1360 3104,1406 3105,1406 3175,1406 3177,1409 3177,1410 3178,1410 3179,1410 3181,1413 3181,1463 3182,1463 3212,1463 3213,1465 3213,1466 3214,1466 3215,1467 3216,1467 3217,1469 3217,1494 3216,1495 3022,1495 3020,1497 3020,1498 3019,1499 3017,1499 3015,1498 3015,1497 3014,1495 2787,1495 2786,1496 2786,1554 2786,1554 2779,1554 2778,1554 2778,1496 2778,1495 2631,1495 2628,1498 2628,1499 2628,1499 2428,1499 2427,1500 2427,1551 2427,1551 2426,1551 2425,1552 2424,1552 2423,1553 2423,1554 2421,1556"/><TextEquiv index="1"><Unicode>bleſſe; mais c'étoit pour ſervir.</Unicode></TextEquiv></TextLine><TextLine id="r0_l008"><Coords points="1384,1759 1383,1759 1383,1702 1383,1701 1182,1701 1181,1702 1181,1703 1179,1705 1090,1705 1088,1707 1088,1708 1087,1709 1078,1709 1075,1712 1075,1713 1075,1713 1054,1713 1051,1711 1051,1710 1051,1709 1046,1709 1043,1707 1043,1706 1043,1705 1042,1705 1039,1703 1039,1666 1039,1665 945,1665 943,1664 943,1662 942,1661 943,1660 943,1658 944,1657 945,1657 947,1655 947,1654 948,1653 949,1653 951,1651 951,1646 953,1644 1055,1644 1055,1644 1055,1571 1056,1570 1056,1569 1057,1568 1058,1568 1058,1568 1060,1566 1060,1565 1061,1564 1103,1564 1104,1563 1104,1562 1106,1560 1119,1560 1127,1568 1128,1568 1128,1569 1128,1616 1129,1616 1414,1616 1414,1616 1414,1615 1417,1612 1752,1612 1753,1611 1753,1610 1755,1608 1906,1608 1906,1608 1906,1563 1907,1562 1907,1561 1908,1560 1909,1560 1911,1558 1911,1557 1912,1556 1921,1556 1923,1554 1923,1553 1924,1552 1979,1552 1979,1553 1979,1554 1986,1560 2179,1560 2181,1558 2181,1557 2182,1556 2192,1556 2193,1558 2193,1560 2194,1560 2635,1560 2637,1558 2637,1557 2638,1556 2776,1556 2778,1554 2786,1554 2788,1556 2910,1556 2911,1558 2911,1608 2912,1608 3286,1608 3286,1608 3286,1561 3287,1560 3288,1560 3289,1559 3290,1558 3290,1557 3291,1556 3296,1556 3298,1554 3298,1553 3299,1552 3313,1552 3314,1554 3314,1604 3315,1604 3535,1604 3536,1606 3536,1608 3537,1608 3761,1608 3761,1608 3761,1559 3762,1558 3762,1557 3763,1556 3768,1556 3770,1554 3770,1553 3771,1552 3780,1552 3782,1550 3782,1549 3783,1548 3785,1548 3786,1547 3791,1547 3792,1548 3793,1548 3794,1550 3794,1551 3795,1551 3796,1551 3798,1554 3798,1608 3799,1608 4007,1608 4007,1608 4007,1607 4010,1604 4019,1604 4019,1605 4019,1606 4026,1612 4043,1612 4044,1614 4044,1615 4046,1616 4047,1616 4048,1618 4048,1623 4050,1624 4051,1624 4052,1625 4052,1626 4052,1627 4054,1628 4059,1628 4060,1630 4060,1635 4056,1639 4056,1640 4056,1640 4045,1640 4044,1641 4044,1696 4043,1697 3775,1697 3774,1698 3774,1716 3773,1717 3674,1717 3673,1718 3673,1720 3672,1721 3671,1721 3669,1723 3669,1724 3668,1725 3659,1725 3657,1727 3657,1728 3656,1729 3647,1729 3645,1731 3645,1732 3644,1733 3642,1733 3641,1733 3641,1732 3640,1731 3635,1725 3634,1725 3633,1725 3633,1698 3633,1697 3357,1697 3353,1693 3146,1693 3142,1693 3141,1694 3141,1699 3139,1701 3135,1701 3132,1699 3132,1698 3132,1697 2908,1697 2907,1698 2907,1699 2905,1701 2871,1701 2870,1702 2870,1756 2870,1756 2863,1756 2862,1756 2862,1698 2862,1697 2367,1697 2366,1698 2366,1700 2365,1701 2324,1701 2322,1700 2322,1699 2321,1697 1872,1697 1870,1699 1870,1700 1869,1701 1779,1701 1778,1702 1778,1743 1777,1744 1777,1745 1777,1745 1776,1745 1773,1748 1773,1749 1773,1749 1760,1749 1757,1752 1757,1753 1757,1753 1638,1753 1636,1752 1636,1698 1636,1697 1440,1697 1439,1698 1439,1699 1437,1701 1395,1701 1394,1702 1394,1759 1394,1759"/><TextEquiv index="1"><Unicode>Je me rappellai la ſociété des voleurs, dont</Unicode></TextEquiv></TextLine><TextLine id="r0_l009"><Coords points="2735,1960 2734,1960 2734,1900 2734,1899 2577,1899 2576,1900 2576,1901 2574,1903 2573,1903 2572,1904 2572,1905 2570,1907 2563,1907 2562,1906 2561,1906 2560,1906 2560,1905 2559,1903 2551,1903 2550,1902 2549,1902 2548,1902 2548,1901 2547,1899 2251,1899 2249,1901 2249,1902 2249,1902 2248,1902 2247,1903 2095,1903 2091,1899 2070,1899 2069,1900 2069,1959 2069,1959 1882,1959 1881,1959 1881,1900 1881,1899 1565,1899 1564,1900 1564,1953 1563,1954 1563,1955 1563,1955 1562,1955 1559,1958 1559,1959 1559,1959 1550,1959 1547,1957 1547,1956 1547,1955 1521,1955 1520,1955 1520,1954 1519,1953 1519,1903 1519,1902 1448,1902 1447,1902 1447,1901 1446,1899 1246,1899 1245,1900 1245,1902 1245,1902 1244,1902 1241,1905 1241,1906 1241,1906 1240,1906 1239,1907 1232,1907 1231,1906 1230,1906 1229,1906 1229,1904 1229,1903 1022,1903 968,1903 967,1904 967,1905 965,1907 918,1907 917,1906 916,1906 914,1905 914,1904 914,1903 909,1903 906,1901 906,1893 909,1890 914,1890 914,1890 914,1829 915,1828 915,1827 916,1826 921,1826 923,1824 923,1823 924,1822 929,1822 931,1820 931,1819 932,1818 933,1818 935,1816 935,1815 936,1814 946,1814 947,1816 947,1817 949,1818 1072,1818 1072,1818 1072,1771 1074,1769 1079,1769 1080,1768 1080,1767 1082,1765 1094,1765 1098,1769 1102,1769 1103,1770 1104,1770 1104,1771 1104,1781 1105,1781 1106,1781 1107,1782 1108,1782 1108,1783 1108,1818 1109,1818 1373,1818 1374,1817 1374,1816 1376,1814 1378,1814 1378,1814 1378,1764 1381,1761 1382,1761 1382,1761 1382,1760 1383,1759 1394,1759 1396,1761 1401,1761 1402,1763 1402,1764 1403,1765 1403,1814 1404,1814 1656,1814 1656,1814 1656,1784 1659,1781 1761,1781 1761,1781 1761,1768 1764,1765 1765,1765 1765,1765 1765,1764 1768,1761 1853,1761 1854,1760 1854,1759 1855,1758 1856,1758 1857,1757 1861,1757 1862,1759 1862,1814 1863,1814 1995,1814 1995,1815 1995,1816 1998,1818 2240,1818 2241,1817 2241,1816 2243,1814 2281,1814 2281,1814 2281,1769 2282,1768 2282,1767 2284,1765 2285,1765 2286,1764 2286,1763 2288,1761 2405,1761 2407,1764 2407,1765 2408,1765 2409,1765 2411,1768 2411,1777 2412,1777 2413,1777 2415,1780 2415,1781 2416,1781 2417,1781 2419,1784 2419,1785 2420,1785 2421,1785 2423,1788 2423,1793 2425,1794 2426,1794 2427,1796 2427,1814 2428,1814 2656,1814 2656,1814 2656,1769 2657,1768 2657,1767 2659,1765 2704,1765 2705,1764 2705,1763 2706,1762 2707,1762 2708,1761 2858,1761 2858,1761 2858,1759 2860,1757 2861,1757 2862,1756 2870,1756 2870,1757 2870,1769 2871,1770 2871,1810 2872,1810 3111,1810 3112,1809 3112,1808 3114,1806 3184,1806 3185,1808 3185,1809 3187,1810 3261,1810 3261,1811 3261,1812 3264,1814 3466,1814 3467,1813 3467,1812 3469,1810 3512,1810 3512,1810 3512,1767 3514,1765 3515,1765 3515,1765 3516,1764 3516,1763 3518,1761 3519,1761 3520,1760 3520,1759 3522,1757 3527,1757 3528,1756 3528,1755 3530,1753 3534,1753 3536,1756 3536,1757 3537,1757 3538,1757 3540,1760 3540,1810 3541,1810 3814,1810 3814,1810 3814,1767 3816,1765 3817,1765 3818,1764 3818,1763 3819,1762 3820,1762 3826,1756 3826,1755 3828,1753 4010,1753 4012,1756 4012,1757 4013,1757 4014,1757 4016,1760 4016,1765 4017,1765 4018,1765 4019,1766 4020,1768 4020,1769 4021,1769 4026,1769 4028,1772 4028,1842 4029,1842 4051,1842 4052,1844 4052,1845 4054,1846 4055,1846 4056,1848 4056,1853 4055,1854 4054,1854 4052,1856 4052,1861 4051,1862 4050,1862 4048,1864 4048,1865 4047,1866 3993,1866 3992,1867 3992,1892 3991,1893 3991,1894 3991,1894 3990,1894 3988,1896 3988,1897 3987,1898 3917,1898 3916,1899 3890,1899 3889,1898 3655,1898 3654,1899 3636,1899 3635,1898 3634,1898 3633,1898 3633,1897 3632,1895 3400,1895 3399,1896 3399,1909 3397,1911 3380,1911 3378,1913 3378,1914 3377,1915 3377,1915 3376,1915 3374,1917 3374,1918 3374,1918 3373,1919 3372,1919 3370,1921 3370,1922 3370,1922 3369,1923 3368,1923 3366,1925 3366,1926 3365,1927 3360,1927 3358,1929 3358,1930 3357,1931 3345,1931 3344,1930 3343,1930 3342,1930 3342,1904 3342,1903 3327,1903 3326,1904 3326,1957 3326,1957 3311,1957 3310,1957 3310,1904 3310,1903 3273,1903 3272,1902 3271,1902 3270,1902 3270,1900 3270,1899 3053,1899 3052,1900 3052,1902 3052,1902 2902,1902 2901,1903 2900,1903 2899,1904 2899,1905 2898,1906 2897,1906 2896,1907 2894,1907 2893,1906 2831,1906 2830,1906 2830,1905 2829,1903 2809,1903 2808,1902 2807,1902 2806,1902 2806,1901 2805,1899 2741,1899 2740,1900 2740,1960 2740,1960"/><TextEquiv index="1"><Unicode>m'avoit parlé ma chère Levrette, chez leſ-</Unicode></TextEquiv></TextLine><TextLine id="r0_l010"><Coords points="966,2161 965,2160 964,2160 963,2160 963,2159 962,2157 957,2157 955,2156 955,2105 955,2104 949,2104 946,2102 946,2101 946,2100 936,2100 935,2100 935,2099 931,2095 931,2091 930,2090 930,2089 930,2088 929,2088 926,2086 926,2085 926,2084 925,2084 922,2082 922,2077 922,2076 921,2076 918,2074 918,2073 918,2072 917,2072 914,2070 914,2055 915,2054 915,2053 916,2052 917,2052 918,2051 918,2047 919,2046 919,2045 920,2044 921,2044 923,2042 923,2041 924,2040 925,2040 927,2038 927,2037 928,2036 929,2036 931,2034 931,2033 932,2032 933,2032 935,2030 935,2029 936,2028 937,2028 939,2026 939,2025 940,2024 941,2024 943,2022 943,2021 945,2019 962,2019 963,2018 963,2017 965,2015 1201,2015 1201,2015 1201,1965 1203,1963 1212,1963 1213,1962 1213,1961 1215,1959 1224,1959 1225,1961 1225,1962 1227,1963 1422,1963 1422,1963 1422,1962 1423,1961 1423,1960 1424,1959 1482,1959 1483,1961 1483,1962 1485,1963 1486,1963 1487,1965 1487,1970 1489,1971 1490,1971 1491,1973 1491,2011 1492,2011 1558,2011 1560,2014 1560,2015 1561,2015 1874,2015 1874,2015 1874,1965 1876,1963 1877,1963 1877,1963 1879,1961 1879,1960 1880,1959 2208,1959 2209,1961 2209,1962 2211,1963 2212,1963 2213,1965 2213,2015 2214,2015 2576,2015 2576,2015 2576,1965 2578,1963 2579,1963 2580,1962 2580,1961 2582,1959 2603,1959 2604,1960 2741,1960 2742,1962 2742,1963 2743,1963 2744,1963 2745,1965 2745,1970 2747,1971 2748,1971 2749,1973 2749,1974 2750,1975 2750,2011 2751,2011 2796,2011 2798,2014 2798,2015 2799,2015 3036,2015 3036,2015 3036,1985 3038,1983 3039,1983 3040,1982 3040,1981 3042,1979 3043,1979 3044,1978 3044,1978 3044,1977 3046,1975 3047,1975 3048,1974 3048,1974 3048,1973 3050,1971 3055,1971 3056,1970 3056,1969 3058,1967 3063,1967 3064,1969 3064,1970 3066,1971 3079,1971 3080,1973 3080,1974 3081,1974 3082,1975 3083,1975 3084,1977 3084,1978 3085,1978 3086,1979 3087,1979 3088,1981 3088,1982 3089,1982 3090,1983 3091,1983 3092,1985 3092,2007 3093,2007 3147,2007 3149,2010 3149,2011 3150,2011 3310,2011 3310,2011 3310,1958 3311,1957 3504,1957 3504,1957 3504,1956 3505,1955 3571,1955 3572,1957 3572,1958 3574,1959 3575,1959 3576,1961 3576,2011 3577,2011 3963,2011 3963,2011 3963,1961 3965,1959 3966,1959 3967,1958 3967,1957 3969,1955 3987,1955 3987,1956 3987,1957 3990,1959 3991,1959 3991,1960 3991,1961 3992,1962 3992,2007 3993,2007 4026,2007 4028,2010 4028,2011 4029,2011 4047,2011 4048,2013 4048,2014 4055,2020 4056,2020 4056,2021 4056,2026 4054,2028 4053,2028 4052,2029 4052,2087 4051,2088 4050,2088 4048,2090 4048,2095 4047,2096 4047,2096 4042,2096 4040,2098 4040,2099 4039,2100 4022,2100 4019,2098 4019,2097 4019,2096 3823,2096 3822,2097 3822,2099 3821,2100 3816,2100 3814,2102 3814,2103 3813,2104 3808,2104 3806,2103 3806,2101 3806,2100 2980,2100 2979,2101 2979,2103 2978,2104 2977,2104 2975,2106 2975,2115 2966,2124 2961,2124 2959,2126 2959,2127 2958,2128 2940,2128 2939,2128 2939,2105 2939,2104 1734,2104 1733,2105 1733,2107 1732,2108 1727,2108 1725,2107 1725,2106 1724,2104 1090,2104 1088,2106 1088,2107 1087,2108 1020,2108 1019,2109 1019,2156 1019,2156 1018,2156 1017,2157 972,2157 971,2158 971,2159 969,2161"/><TextEquiv index="1"><Unicode>quels elle avoit été conduite, &amp; où elle avoit</Unicode></TextEquiv></TextLine><TextLine id="r0_l011"><Coords points="1465,2359 1464,2359 1464,2303 1464,2302 1299,2302 1298,2303 1298,2356 1297,2357 1297,2358 1297,2358 1255,2358 1253,2357 1253,2339 1253,2338 1138,2338 1136,2337 1136,2307 1136,2306 969,2306 967,2308 967,2309 966,2310 957,2310 955,2309 955,2308 954,2306 941,2306 939,2305 939,2304 938,2302 937,2302 935,2301 935,2300 934,2298 929,2298 926,2296 926,2295 926,2294 925,2294 922,2292 922,2287 922,2286 921,2286 918,2284 918,2283 918,2282 917,2282 914,2280 914,2271 914,2270 913,2270 910,2268 913,2265 914,2265 914,2265 914,2252 917,2249 918,2249 918,2249 918,2240 921,2237 922,2237 922,2237 922,2236 925,2233 930,2233 930,2233 930,2232 933,2229 934,2229 934,2229 934,2228 937,2225 938,2225 938,2225 938,2224 941,2221 950,2221 951,2220 951,2219 953,2217 1075,2217 1075,2218 1075,2219 1078,2221 1268,2221 1269,2220 1269,2219 1271,2217 1543,2217 1543,2217 1543,2216 1546,2213 1664,2213 1664,2213 1664,2196 1665,2195 1665,2194 1666,2193 1667,2193 1668,2192 1668,2184 1669,2183 1669,2182 1670,2181 1671,2181 1671,2181 1673,2179 1673,2178 1674,2177 1675,2177 1677,2175 1677,2174 1678,2173 1679,2173 1681,2171 1681,2170 1682,2169 1683,2169 1685,2167 1685,2166 1686,2165 1691,2165 1693,2163 1693,2162 1694,2161 1695,2161 1696,2160 1718,2160 1719,2161 1720,2161 1721,2163 1721,2164 1722,2164 1723,2164 1725,2167 1725,2217 1726,2217 2127,2217 2129,2215 2129,2214 2130,2213 2131,2213 2132,2212 2132,2211 2134,2209 2136,2209 2136,2210 2136,2211 2139,2213 2236,2213 2238,2216 2238,2217 2239,2217 2297,2217 2297,2218 2297,2219 2300,2221 2305,2221 2305,2222 2306,2223 2306,2228 2308,2229 2309,2229 2310,2231 2310,2273 2311,2273 2503,2273 2503,2273 2503,2228 2508,2223 2508,2222 2509,2221 2563,2221 2564,2220 2564,2219 2566,2217 2724,2217 2725,2216 2725,2215 2727,2213 2842,2213 2842,2213 2842,2167 2844,2165 2865,2165 2866,2164 2866,2163 2868,2161 2869,2161 2870,2160 2928,2160 2929,2161 2930,2161 2931,2163 2931,2164 2932,2164 2940,2164 2941,2165 2942,2165 2943,2167 2943,2168 2944,2168 2945,2168 2946,2169 2958,2169 2975,2187 2975,2192 2976,2192 2977,2192 2983,2199 2983,2201 2984,2201 3173,2201 3173,2201 3173,2162 3174,2161 3175,2161 3176,2160 3184,2160 3185,2159 3185,2158 3186,2157 3187,2157 3188,2156 3195,2156 3201,2163 3201,2165 3202,2165 3397,2165 3399,2163 3399,2162 3400,2161 3401,2161 3402,2160 3434,2160 3435,2159 3435,2158 3436,2157 3437,2157 3438,2156 3451,2156 3451,2156 3451,2155 3454,2152 3461,2152 3462,2153 3463,2153 3463,2154 3463,2155 3465,2156 3469,2156 3470,2157 3471,2157 3471,2158 3471,2177 3472,2177 3660,2177 3661,2179 3661,2180 3663,2181 3668,2181 3669,2183 3669,2184 3671,2185 3672,2185 3673,2187 3673,2188 3675,2189 3676,2189 3677,2191 3677,2209 3678,2209 3733,2209 3733,2210 3733,2213 3734,2213 4035,2213 4036,2215 4036,2216 4038,2217 4043,2217 4044,2219 4044,2224 4046,2225 4047,2225 4048,2227 4048,2232 4050,2233 4051,2233 4052,2235 4052,2244 4054,2245 4055,2245 4056,2247 4056,2249 4056,2249 4055,2249 4054,2250 4053,2250 4052,2251 4052,2305 4051,2306 4050,2306 4048,2305 4048,2303 4048,2302 3619,2302 3616,2300 3616,2299 3616,2298 3234,2298 3233,2299 3233,2305 3232,2306 3223,2306 3221,2305 3221,2303 3221,2302 2578,2302 2576,2304 2576,2305 2575,2306 2404,2306 2403,2307 2403,2308 2401,2310 2400,2310 2399,2311 2399,2320 2397,2322 2396,2322 2395,2323 2395,2324 2393,2326 2392,2326 2391,2327 2391,2328 2389,2330 2384,2330 2383,2331 2383,2332 2381,2334 2368,2334 2366,2333 2366,2332 2366,2331 2365,2330 2364,2330 2362,2329 2362,2328 2361,2326 2360,2326 2358,2325 2358,2307 2358,2306 2207,2306 2205,2305 2205,2304 2204,2302 1896,2302 1895,2303 1895,2304 1893,2306 1889,2306 1886,2304 1886,2303 1886,2302 1601,2302 1600,2303 1600,2346 1600,2346 1598,2346 1596,2345 1596,2344 1595,2342 1594,2342 1592,2341 1592,2340 1591,2338 1590,2338 1588,2337 1588,2336 1587,2334 1582,2334 1580,2333 1580,2332 1579,2330 1578,2330 1576,2329 1576,2328 1575,2326 1574,2326 1572,2325 1572,2324 1571,2322 1570,2322 1568,2321 1568,2303 1568,2302 1471,2302 1470,2303 1470,2359 1470,2359"/><TextEquiv index="1"><Unicode>eu, pour ſervantes, une Ducheſſe &amp; une</Unicode></TextEquiv></TextLine><TextLine id="r0_l012"><Coords points="2687,2560 2685,2559 2685,2504 2685,2503 2482,2503 2479,2506 2479,2507 2479,2507 2477,2507 2476,2508 2475,2508 2474,2507 2473,2507 2471,2506 2471,2505 2471,2504 2470,2504 2469,2503 2041,2503 2040,2504 2040,2510 2039,2511 2037,2511 2035,2510 2035,2509 2034,2507 2029,2507 2028,2507 2028,2506 2026,2503 1425,2503 1424,2504 1355,2504 1354,2505 1354,2547 1353,2548 1348,2548 1346,2550 1346,2551 1345,2552 1323,2552 1322,2553 1322,2554 1321,2555 1321,2556 1321,2556 1304,2556 1302,2555 1302,2554 1301,2553 1301,2508 1301,2507 980,2507 979,2508 979,2510 977,2512 976,2512 975,2513 975,2514 973,2516 970,2516 969,2515 968,2515 967,2515 967,2509 967,2508 936,2508 935,2507 928,2507 927,2507 927,2506 925,2503 924,2503 923,2503 923,2502 922,2501 922,2490 925,2487 930,2487 930,2487 930,2486 933,2483 943,2483 943,2483 943,2383 943,2382 936,2382 935,2382 935,2381 933,2378 924,2378 923,2378 923,2377 921,2375 921,2374 920,2374 919,2374 919,2373 918,2372 918,2369 921,2366 934,2366 935,2365 935,2364 937,2362 941,2362 943,2365 943,2366 944,2366 1091,2366 1092,2368 1092,2369 1094,2370 1095,2370 1096,2372 1096,2414 1097,2414 1451,2414 1451,2414 1451,2372 1453,2370 1454,2370 1455,2369 1455,2368 1457,2366 1458,2366 1459,2365 1459,2364 1461,2362 1462,2362 1463,2361 1463,2360 1464,2359 1519,2359 1519,2359 1519,2352 1521,2350 1523,2350 1523,2351 1523,2352 1524,2353 1524,2354 1525,2354 1526,2354 1527,2356 1527,2358 1528,2358 1571,2358 1571,2359 1571,2360 1574,2362 1720,2362 1721,2364 1721,2366 1722,2366 1796,2366 1798,2369 1798,2415 1799,2415 2060,2415 2060,2415 2060,2372 2062,2370 2063,2370 2064,2369 2064,2369 2064,2368 2066,2366 2067,2366 2068,2365 2068,2364 2070,2362 2277,2362 2277,2362 2277,2361 2280,2358 2313,2358 2313,2359 2313,2360 2317,2363 2318,2363 2318,2364 2318,2419 2319,2419 2624,2419 2624,2419 2624,2373 2625,2372 2625,2371 2626,2370 2628,2370 2628,2370 2628,2365 2631,2362 2647,2362 2649,2365 2649,2366 2650,2366 2651,2366 2653,2369 2653,2374 2654,2374 2655,2374 2657,2377 2657,2382 2658,2382 2687,2382 2693,2389 2693,2410 2695,2411 2696,2411 2696,2412 2697,2413 2697,2414 2698,2414 2699,2414 2700,2415 3036,2415 3036,2415 3036,2368 3038,2366 3039,2366 3040,2365 3040,2364 3041,2363 3042,2362 3043,2362 3044,2361 3044,2360 3045,2359 3046,2358 3047,2358 3048,2357 3048,2356 3050,2354 3240,2354 3242,2357 3242,2358 3243,2358 3244,2358 3245,2360 3245,2361 3246,2362 3246,2415 3247,2415 3504,2415 3504,2415 3504,2368 3506,2366 3507,2366 3507,2366 3507,2365 3510,2362 3511,2362 3511,2362 3511,2361 3514,2358 3530,2358 3536,2365 3536,2410 3537,2410 3939,2410 3939,2410 3939,2368 3941,2366 3942,2366 3943,2365 3943,2364 3945,2362 3950,2362 3951,2361 3951,2360 3953,2358 3970,2358 3971,2360 3971,2410 3972,2410 4029,2410 4030,2411 4031,2411 4032,2413 4032,2414 4034,2415 4039,2415 4040,2417 4040,2418 4041,2418 4042,2418 4044,2421 4044,2422 4045,2423 4046,2423 4047,2423 4048,2425 4048,2426 4049,2427 4050,2427 4051,2427 4052,2429 4052,2507 4052,2507 4051,2507 4050,2508 4047,2508 4046,2507 4045,2507 4044,2507 4044,2506 4042,2503 3957,2503 3955,2502 3955,2500 3955,2499 3752,2499 3749,2502 3749,2503 3749,2503 3707,2503 3706,2504 3705,2504 3704,2503 3634,2503 3632,2502 3632,2501 3632,2500 3446,2500 3445,2499 3395,2499 3394,2500 3394,2557 3394,2557 3392,2557 3391,2557 3391,2500 3391,2499 3131,2499 3128,2502 3128,2503 3128,2503 2714,2503 2713,2504 2713,2560 2713,2560"/><TextEquiv index="1"><Unicode>Marquiſe. Le chef avoit eu le bonheur de</Unicode></TextEquiv></TextLine><TextLine id="r0_l013"><Coords points="2137,2760 2136,2760 2136,2706 2136,2705 1900,2705 1899,2706 1899,2747 1898,2748 1898,2749 1898,2749 1897,2749 1895,2751 1894,2752 1894,2753 1894,2753 1865,2753 1862,2756 1862,2757 1862,2757 1861,2757 1860,2758 1858,2758 1857,2757 1856,2757 1854,2756 1854,2755 1854,2754 1853,2754 1850,2752 1850,2738 1850,2737 1694,2737 1693,2737 1693,2736 1691,2733 1690,2733 1689,2733 1689,2702 1689,2701 1452,2701 1451,2702 1451,2704 1450,2705 1449,2705 1447,2707 1447,2708 1446,2709 1444,2709 1443,2709 1443,2708 1442,2707 1442,2706 1442,2705 1254,2705 1253,2706 1253,2749 1253,2749 1252,2749 1245,2756 1245,2757 1245,2757 1244,2757 1243,2758 1212,2758 1211,2757 1210,2757 1209,2757 1209,2756 1207,2753 1206,2753 1205,2753 1205,2706 1205,2705 929,2705 926,2703 926,2702 926,2701 920,2701 919,2701 919,2700 918,2699 918,2686 918,2685 917,2685 914,2683 914,2654 914,2653 913,2653 910,2651 910,2609 910,2608 896,2608 894,2607 894,2603 898,2599 898,2595 899,2594 899,2593 900,2592 901,2592 906,2587 906,2586 908,2584 975,2584 975,2584 975,2578 977,2576 978,2576 979,2575 979,2574 981,2572 990,2572 991,2571 991,2570 993,2568 1135,2568 1136,2567 1136,2566 1138,2564 1143,2564 1144,2563 1144,2562 1146,2560 1176,2560 1176,2561 1176,2562 1179,2564 1369,2564 1370,2563 1370,2562 1372,2560 1377,2560 1379,2563 1379,2564 1380,2564 1386,2564 1386,2565 1386,2568 1387,2568 1414,2568 1414,2569 1414,2570 1415,2571 1415,2612 1416,2612 1550,2612 1552,2615 1552,2616 1553,2616 1635,2616 1636,2618 1636,2619 1637,2619 1638,2620 1639,2620 1640,2622 1640,2633 1641,2633 1824,2633 1826,2631 1826,2626 1827,2625 1828,2625 1830,2623 1830,2622 1832,2620 1841,2620 1842,2619 1842,2618 1844,2616 1885,2616 1886,2615 1886,2614 1888,2612 1889,2612 1891,2615 1891,2616 1892,2616 2221,2616 2221,2616 2221,2566 2223,2564 2236,2564 2237,2563 2237,2562 2239,2560 2257,2560 2257,2561 2257,2616 2258,2616 2445,2616 2446,2617 2447,2617 2447,2618 2447,2619 2449,2620 2700,2620 2700,2620 2700,2561 2701,2560 2837,2560 2838,2562 2838,2563 2840,2564 2841,2564 2842,2566 2842,2612 2843,2612 3209,2612 3209,2612 3209,2598 3211,2596 3212,2596 3213,2595 3213,2586 3215,2584 3216,2584 3217,2583 3217,2578 3219,2576 3220,2576 3221,2575 3221,2570 3223,2568 3224,2568 3225,2567 3225,2562 3227,2560 3228,2560 3229,2559 3229,2558 3231,2556 3233,2556 3234,2557 3512,2557 3513,2556 3518,2556 3520,2554 3520,2553 3521,2552 3535,2552 3536,2554 3536,2555 3537,2555 3538,2556 3539,2556 3540,2558 3540,2559 3541,2559 3542,2560 3543,2560 3544,2562 3544,2564 3545,2564 3591,2564 3592,2566 3592,2612 3593,2612 3922,2612 3923,2614 3923,2616 3924,2616 3954,2616 3955,2618 3955,2619 3957,2620 3966,2620 3967,2622 3967,2627 3969,2628 3970,2628 3971,2630 3971,2644 3972,2644 4042,2644 4044,2647 4044,2648 4045,2648 4054,2648 4056,2651 4056,2652 4057,2652 4058,2652 4060,2655 4060,2660 4060,2660 4059,2660 4058,2661 4054,2661 4048,2667 4048,2668 4048,2668 4047,2668 4046,2669 4041,2669 4040,2670 4040,2671 4038,2673 3976,2673 3975,2674 3975,2696 3974,2697 3973,2697 3971,2699 3971,2700 3970,2701 3638,2701 3637,2702 3637,2703 3636,2704 3636,2705 3636,2705 3554,2705 3552,2704 3552,2703 3551,2701 3331,2701 3330,2702 3330,2704 3329,2705 3328,2705 3326,2704 3326,2703 3325,2701 2912,2701 2911,2702 2911,2703 2910,2704 2910,2705 2910,2705 2622,2705 2621,2706 2621,2707 2619,2709 2606,2709 2604,2708 2604,2707 2603,2705 2566,2705 2564,2704 2564,2703 2563,2701 2149,2701 2148,2702 2148,2760 2148,2760"/><TextEquiv index="1"><Unicode>s'eſquiver, quand on avoit arrêté ſes con-</Unicode></TextEquiv></TextLine><TextLine id="r0_l014"><Coords points="2339,2963 2338,2963 2338,2961 2337,2959 2336,2959 2334,2958 2334,2904 2334,2903 2203,2903 2201,2905 2201,2906 2200,2907 2017,2907 2016,2908 2016,2912 2015,2913 2015,2914 2014,2915 1997,2915 1995,2914 1995,2904 1995,2903 1948,2903 1947,2904 1947,2961 1947,2961 1936,2961 1935,2961 1935,2904 1935,2903 1367,2903 1366,2904 1366,2906 1365,2907 1356,2907 1354,2909 1354,2910 1353,2911 1352,2911 1351,2910 1350,2910 1350,2909 1349,2907 913,2907 910,2905 910,2901 912,2899 913,2899 914,2898 914,2833 915,2832 915,2831 916,2830 917,2830 919,2828 919,2827 920,2826 926,2826 926,2826 926,2813 927,2812 927,2811 928,2810 929,2810 930,2809 930,2797 931,2796 931,2795 932,2794 933,2794 935,2792 935,2787 936,2786 937,2786 939,2784 939,2783 940,2782 941,2782 943,2780 943,2779 944,2778 945,2778 946,2777 947,2776 947,2775 948,2774 949,2774 951,2772 951,2771 952,2770 953,2770 954,2769 958,2769 959,2768 959,2767 960,2766 961,2766 962,2765 966,2765 967,2764 967,2763 968,2762 969,2762 970,2761 974,2761 975,2760 975,2759 976,2758 977,2758 978,2757 989,2757 990,2758 991,2758 991,2759 991,2760 993,2761 1074,2761 1076,2764 1076,2765 1077,2765 1082,2765 1084,2768 1084,2773 1085,2773 1086,2773 1088,2776 1088,2781 1089,2781 1090,2781 1092,2784 1092,2785 1093,2785 1094,2785 1096,2788 1096,2797 1098,2798 1103,2798 1104,2800 1104,2818 1105,2818 1406,2818 1406,2818 1406,2801 1407,2800 1407,2799 1408,2798 1409,2798 1410,2797 1410,2785 1411,2784 1411,2783 1412,2782 1413,2782 1413,2782 1415,2780 1415,2779 1416,2778 1417,2778 1419,2776 1419,2775 1420,2774 1421,2774 1423,2772 1423,2771 1424,2770 1425,2770 1426,2769 1434,2769 1435,2768 1435,2767 1436,2766 1437,2766 1438,2765 1473,2765 1478,2770 1479,2770 1479,2771 1479,2777 1480,2777 1481,2777 1482,2778 1483,2778 1483,2779 1483,2814 1484,2814 1966,2814 1967,2816 1967,2817 1969,2818 2120,2818 2120,2818 2120,2804 2122,2802 2123,2802 2124,2801 2124,2792 2126,2790 2127,2790 2128,2789 2128,2780 2131,2777 2132,2777 2132,2777 2132,2764 2135,2761 2136,2761 2137,2760 2149,2760 2150,2761 2340,2761 2341,2762 2342,2762 2342,2763 2342,2764 2344,2765 2673,2765 2673,2765 2673,2763 2674,2762 2675,2762 2676,2761 2687,2761 2689,2764 2689,2765 2690,2765 2691,2765 2693,2768 2693,2769 2694,2769 2695,2769 2697,2772 2697,2814 2698,2814 2886,2814 2886,2814 2886,2772 2888,2770 2889,2770 2890,2769 2890,2765 2891,2764 2891,2763 2893,2761 3071,2761 3072,2760 3072,2759 3073,2758 3074,2758 3075,2757 3086,2757 3087,2758 3088,2758 3088,2759 3088,2814 3089,2814 3338,2814 3338,2814 3338,2772 3341,2769 3374,2769 3374,2769 3374,2768 3377,2765 3418,2765 3419,2764 3419,2763 3420,2762 3421,2762 3422,2761 3426,2761 3427,2760 3427,2759 3428,2758 3429,2758 3430,2757 3433,2757 3438,2762 3439,2762 3439,2763 3439,2810 3440,2810 3499,2810 3499,2811 3499,2812 3500,2813 3500,2814 3501,2814 3636,2814 3637,2816 3637,2817 3639,2818 3971,2818 3971,2818 3971,2768 3974,2765 3975,2765 3975,2765 3975,2764 3978,2761 3990,2761 3991,2763 3991,2764 3992,2764 3993,2765 3994,2765 3995,2767 3995,2768 3996,2769 3996,2814 3997,2814 4031,2814 4032,2816 4032,2817 4034,2818 4055,2818 4056,2820 4056,2821 4058,2822 4059,2822 4060,2824 4060,2902 4059,2903 4033,2903 4032,2904 4032,2905 4030,2907 4026,2907 4024,2906 4024,2905 4023,2903 3832,2903 3830,2905 3830,2906 3830,2906 3829,2906 3828,2907 3826,2909 3826,2910 3825,2911 3821,2911 3820,2910 3819,2910 3818,2910 3818,2905 3817,2903 3513,2903 3512,2904 3512,2905 3510,2907 3365,2907 3362,2905 3362,2904 3362,2903 2347,2903 2346,2904 2346,2963 2346,2963"/><TextEquiv index="1"><Unicode>frères. Son nom étoit Grinciador. Il trouvoit</Unicode></TextEquiv></TextLine><TextLine id="r0_l015"><Coords points="3877,3165 3874,3163 3874,3162 3874,3161 3861,3161 3858,3159 3858,3158 3858,3157 3853,3157 3850,3155 3850,3150 3850,3149 3849,3149 3846,3147 3846,3109 3846,3108 3686,3108 3685,3108 3685,3107 3684,3106 3684,3105 3684,3104 3593,3104 3592,3105 3592,3163 3592,3163 3577,3163 3576,3163 3576,3105 3576,3104 3478,3104 3475,3107 3475,3108 3475,3108 3453,3108 3451,3107 3451,3105 3451,3104 3122,3104 2913,3104 2911,3106 2911,3107 2910,3108 2811,3108 2810,3109 2810,3159 2806,3163 2806,3164 2805,3165 2804,3165 2802,3164 2802,3163 2801,3161 2764,3161 2761,3159 2761,3105 2761,3104 2554,3104 2552,3106 2552,3107 2551,3108 2541,3108 2540,3108 2540,3107 2538,3104 2324,3104 2322,3106 2322,3107 2321,3108 2316,3108 2312,3104 2211,3104 2209,3103 2209,3102 2208,3100 2010,3100 2007,3103 2007,3104 2007,3104 1815,3104 1814,3105 1814,3139 1812,3141 1811,3141 1810,3142 1810,3143 1808,3145 1803,3145 1802,3146 1802,3147 1800,3149 1795,3149 1794,3150 1794,3151 1792,3153 1776,3153 1773,3151 1773,3150 1773,3149 1772,3149 1769,3147 1769,3105 1769,3104 1465,3104 1463,3106 1463,3107 1462,3108 1457,3108 1453,3104 1024,3104 1023,3105 1023,3156 1022,3157 981,3157 979,3159 979,3160 978,3161 977,3161 975,3160 975,3159 974,3157 965,3157 963,3156 963,3101 963,3100 948,3100 947,3100 947,3099 945,3096 940,3096 939,3096 939,3095 922,3078 922,3061 922,3060 921,3060 918,3058 918,3055 919,3054 919,3053 920,3052 921,3052 922,3051 922,3047 923,3046 923,3045 924,3044 925,3044 926,3043 926,3039 927,3038 927,3037 928,3036 933,3036 935,3034 935,3033 936,3032 937,3032 939,3030 939,3029 940,3028 941,3028 943,3026 943,3025 944,3024 945,3024 946,3023 950,3023 951,3022 951,3021 952,3020 953,3020 954,3019 966,3019 967,3018 967,3017 968,3016 969,3016 970,3015 1201,3015 1201,3015 1201,2973 1203,2971 1204,2971 1205,2970 1205,2969 1206,2968 1207,2967 1208,2967 1209,2966 1209,2965 1211,2963 1232,2963 1233,2965 1233,2967 1234,2967 1486,2967 1487,2969 1487,2970 1489,2971 1494,2971 1495,2973 1495,2986 1497,2987 1498,2987 1499,2989 1499,3015 1500,3015 1554,3015 1555,3016 1780,3016 1781,3015 1931,3015 1931,3015 1931,2965 1933,2963 1934,2963 1936,2961 1947,2961 1949,2963 1950,2963 1951,2965 1951,2966 1952,2966 1953,2967 1954,2967 1955,2969 1955,2970 1957,2971 1958,2971 1959,2973 1959,3015 1960,3015 2152,3015 2152,3015 2152,2990 2155,2987 2156,2987 2156,2987 2156,2974 2159,2971 2160,2971 2160,2971 2160,2970 2163,2967 2338,2967 2338,2967 2338,2964 2339,2963 2482,2963 2483,2965 2483,2966 2484,2966 2485,2967 2486,2967 2487,2969 2487,3015 2488,3015 2704,3015 2708,3011 2711,3011 2712,3012 2713,3012 2713,3013 2713,3019 2714,3019 3112,3019 3112,3019 3112,3002 3115,2999 3116,2999 3116,2999 3116,2998 3119,2995 3120,2995 3120,2995 3120,2986 3123,2983 3124,2983 3124,2983 3124,2982 3127,2979 3128,2979 3128,2979 3128,2978 3131,2975 3132,2975 3132,2975 3132,2974 3135,2971 3140,2971 3140,2971 3140,2970 3143,2967 3176,2967 3177,2966 3177,2965 3179,2963 3180,2963 3181,2962 3181,2961 3183,2959 3188,2959 3189,2958 3189,2957 3191,2955 3220,2955 3221,2957 3221,2958 3222,2959 3223,2959 3224,2959 3225,2961 3225,3016 3226,3016 3249,3016 3250,3018 3250,3019 3251,3019 3439,3019 3439,3019 3439,2969 3441,2967 3442,2967 3442,2967 3443,2966 3443,2965 3445,2963 3454,2963 3455,2962 3455,2961 3457,2959 3462,2959 3463,2961 3463,2962 3465,2963 3587,2963 3588,2965 3588,3019 3589,3019 3745,3019 3745,3019 3745,3018 3747,3016 3806,3016 3806,3017 3806,3018 3807,3018 3947,3018 3947,3018 3947,2977 3949,2975 3950,2975 3951,2974 3951,2969 3953,2967 3954,2967 3955,2966 3955,2965 3957,2963 3966,2963 3967,2965 3967,2966 3969,2967 3970,2967 3971,2969 3971,2974 3973,2975 3974,2975 3975,2977 3975,3015 3976,3015 4030,3015 4032,3018 4032,3019 4033,3019 4038,3019 4040,3022 4040,3023 4041,3023 4042,3023 4043,3024 4047,3024 4048,3026 4048,3027 4049,3027 4050,3027 4051,3028 4055,3028 4056,3030 4056,3035 4058,3036 4068,3036 4068,3037 4068,3051 4067,3052 4062,3052 4060,3054 4060,3055 4059,3056 4058,3056 4056,3058 4056,3087 4055,3088 4054,3088 4052,3090 4052,3107 4051,3108 4050,3108 4049,3109 4048,3110 4048,3111 4047,3112 3932,3112 3931,3113 3931,3135 3929,3137 3928,3137 3927,3138 3927,3143 3913,3157 3908,3157 3907,3158 3907,3159 3905,3161 3904,3161 3903,3162 3903,3163 3901,3165"/><TextEquiv index="1"><Unicode>queles François n'avoient pas aſſez d'énergie</Unicode></TextEquiv></TextLine><TextLine id="r0_l016"><Coords points="3896,3365 3895,3365 3895,3311 3895,3310 3872,3310 3871,3310 3871,3309 3870,3308 3870,3307 3870,3306 3171,3306 3169,3305 3169,3303 3169,3302 2848,3302 2846,3304 2846,3305 2845,3306 2750,3306 2749,3307 2749,3321 2748,3322 2747,3322 2746,3323 2746,3324 2745,3325 2745,3338 2745,3338 2739,3338 2737,3337 2737,3307 2737,3306 2480,3306 2479,3307 2479,3309 2478,3310 2473,3310 2471,3309 2471,3308 2470,3306 2320,3306 2318,3305 2318,3304 2317,3302 2214,3302 2213,3303 2213,3361 2213,3361 2206,3361 2205,3361 2205,3303 2205,3302 2082,3302 2080,3304 2080,3305 2079,3306 2054,3306 2052,3305 2052,3304 2051,3302 1698,3302 1697,3303 1697,3353 1695,3355 1694,3355 1693,3356 1693,3357 1692,3358 1691,3358 1689,3360 1689,3361 1688,3362 1650,3362 1648,3361 1648,3360 1648,3359 1647,3359 1644,3357 1644,3307 1644,3306 1449,3306 1447,3305 1447,3304 1446,3302 1278,3302 1190,3302 1189,3303 1189,3304 1188,3305 1188,3306 1188,3306 980,3306 979,3307 979,3357 977,3359 976,3359 975,3360 975,3361 974,3362 936,3362 935,3362 935,3361 933,3358 932,3358 931,3358 931,3357 930,3356 930,3354 931,3353 931,3352 933,3350 934,3350 934,3350 934,3349 937,3346 942,3346 943,3345 943,3248 941,3245 940,3245 939,3245 939,3240 937,3237 936,3237 935,3237 935,3236 933,3233 932,3233 931,3233 931,3232 930,3231 930,3225 931,3224 931,3223 933,3221 942,3221 943,3220 943,3219 945,3217 962,3217 963,3216 963,3215 965,3213 966,3213 966,3213 967,3212 967,3211 969,3209 974,3209 975,3211 975,3217 976,3217 1390,3217 1390,3217 1390,3207 1392,3205 1401,3205 1403,3203 1403,3202 1404,3201 1413,3201 1423,3212 1423,3213 1424,3213 1741,3213 1741,3213 1741,3171 1743,3169 1744,3169 1745,3168 1745,3167 1747,3165 1752,3165 1753,3164 1753,3163 1755,3161 1765,3161 1765,3162 1765,3165 1766,3165 2006,3165 2007,3164 2007,3163 2009,3161 2022,3161 2024,3159 2024,3158 2025,3157 2026,3157 2027,3156 2029,3156 2030,3157 2031,3157 2031,3158 2031,3159 2034,3161 2043,3161 2044,3163 2044,3164 2046,3165 2047,3165 2048,3167 2048,3217 2049,3217 2302,3217 2302,3217 2302,3166 2303,3165 2308,3165 2310,3163 2310,3162 2311,3161 2518,3161 2520,3159 2520,3158 2521,3157 2547,3157 2548,3159 2548,3160 2550,3161 2555,3161 2556,3163 2556,3164 2558,3165 2636,3165 2636,3166 2636,3167 2639,3169 2640,3169 2640,3170 2640,3171 2641,3172 2641,3176 2643,3177 2644,3177 2644,3178 2644,3209 2645,3209 2748,3209 2750,3212 2750,3213 2751,3213 2931,3213 2931,3213 2931,3170 2932,3169 2938,3169 2939,3168 2939,3167 2941,3165 3014,3165 3016,3163 3016,3162 3017,3161 3031,3161 3032,3163 3032,3217 3033,3217 3261,3217 3261,3217 3261,3216 3262,3215 3262,3214 3263,3213 3419,3213 3419,3213 3419,3171 3425,3165 3434,3165 3435,3164 3435,3163 3437,3161 3442,3161 3442,3161 3442,3160 3443,3159 3443,3158 3444,3157 3447,3157 3447,3158 3447,3159 3452,3163 3592,3163 3592,3164 3592,3213 3593,3213 3822,3213 3822,3213 3822,3171 3824,3169 3829,3169 3830,3168 3830,3167 3832,3165 3842,3165 3842,3166 3842,3169 3843,3169 3898,3169 3899,3171 3899,3213 3900,3213 4039,3213 4040,3215 4040,3216 4042,3217 4051,3217 4052,3219 4052,3224 4051,3225 4050,3225 4048,3227 4048,3236 4046,3238 4045,3238 4044,3239 4044,3240 4043,3241 4042,3241 4040,3243 4040,3301 4039,3302 4013,3302 4012,3303 4012,3304 4010,3306 3965,3306 3963,3308 3963,3309 3962,3310 3908,3310 3907,3311 3907,3365 3907,3365"/><TextEquiv index="1"><Unicode>pour remplir ſes deſſeins. Il vouloit aller</Unicode></TextEquiv></TextLine><TextLine id="r0_l017"><Coords points="2711,3565 2710,3565 2710,3505 2710,3504 2573,3504 2572,3505 2572,3506 2570,3508 2555,3508 2554,3507 2553,3507 2552,3507 2552,3506 2551,3504 2335,3504 2334,3505 2334,3506 2332,3508 2214,3508 2213,3509 2213,3511 2213,3511 2212,3511 2211,3512 2208,3512 2207,3511 2206,3511 2205,3511 2205,3510 2204,3508 2200,3508 2199,3507 2198,3507 2197,3507 2197,3506 2196,3504 1843,3504 1842,3505 1842,3511 1842,3511 1839,3511 1838,3511 1838,3510 1836,3507 1835,3507 1834,3507 1834,3506 1833,3504 1581,3504 1580,3505 1580,3507 1580,3507 1577,3507 1576,3507 1576,3506 1575,3504 1571,3504 1570,3503 1569,3503 1568,3503 1568,3501 1568,3500 1335,3500 1334,3501 1334,3502 1332,3504 1259,3504 1257,3506 1257,3507 1257,3507 1051,3507 1050,3508 1038,3508 1037,3507 968,3507 967,3507 967,3506 966,3504 962,3504 961,3503 960,3503 959,3503 959,3502 958,3500 954,3500 953,3499 952,3499 951,3499 951,3498 949,3495 948,3495 947,3495 947,3494 945,3491 944,3491 943,3491 943,3490 941,3487 940,3487 939,3487 939,3486 937,3483 936,3483 935,3483 935,3452 934,3451 935,3450 935,3449 937,3447 938,3447 938,3447 938,3446 941,3443 942,3443 942,3443 942,3442 945,3439 946,3439 947,3438 947,3433 957,3423 971,3423 971,3423 971,3396 972,3395 973,3395 978,3390 979,3390 979,3390 979,3380 980,3379 981,3379 987,3373 987,3368 988,3367 989,3367 990,3366 994,3366 995,3365 995,3364 997,3362 1276,3362 1277,3364 1277,3365 1279,3366 1324,3366 1326,3369 1326,3370 1327,3370 1328,3370 1330,3373 1330,3419 1331,3419 1514,3419 1515,3418 1515,3409 1517,3407 1518,3407 1519,3406 1519,3393 1521,3391 1522,3391 1523,3390 1523,3389 1526,3386 1527,3386 1527,3386 1527,3381 1530,3378 1531,3378 1531,3378 1531,3369 1534,3366 1543,3366 1544,3365 1544,3364 1546,3362 1563,3362 1564,3361 1564,3360 1566,3358 1570,3358 1578,3366 1764,3366 1765,3368 1765,3369 1767,3370 1772,3370 1773,3372 1773,3377 1775,3378 1776,3378 1777,3380 1777,3381 1778,3382 1778,3383 1779,3383 1971,3383 1971,3383 1971,3364 1972,3363 1973,3363 1974,3362 2204,3362 2205,3361 2214,3361 2216,3363 2217,3363 2217,3364 2217,3415 2218,3415 2398,3415 2399,3417 2399,3418 2401,3419 2592,3419 2592,3419 2592,3413 2594,3411 2595,3411 2596,3410 2596,3401 2599,3398 2600,3398 2600,3398 2600,3393 2603,3390 2604,3390 2604,3390 2604,3373 2607,3370 2612,3370 2612,3370 2612,3369 2616,3365 2616,3364 2617,3363 2618,3363 2619,3362 2621,3365 2621,3366 2622,3366 2623,3366 2624,3368 2624,3369 2625,3370 2626,3370 2627,3370 2628,3372 2628,3377 2631,3379 2632,3379 2632,3380 2632,3385 2635,3387 2636,3387 2636,3388 2636,3389 2637,3390 2637,3394 2639,3395 2640,3395 2640,3396 2640,3397 2641,3398 2641,3418 2643,3419 2882,3419 2882,3419 2882,3369 2885,3366 2890,3366 2890,3366 2890,3365 2893,3362 2898,3362 2898,3362 2898,3361 2901,3358 2905,3358 2907,3361 2907,3362 2908,3362 2909,3362 2911,3365 2911,3411 2912,3411 3031,3411 3032,3413 3032,3415 3033,3415 3463,3415 3463,3415 3463,3373 3467,3369 3467,3368 3468,3367 3469,3367 3470,3366 3471,3368 3471,3369 3473,3370 3689,3370 3689,3370 3689,3368 3690,3367 3691,3367 3692,3366 3693,3365 3693,3364 3694,3363 3695,3363 3696,3362 3704,3362 3705,3364 3705,3365 3706,3366 3708,3367 3709,3367 3709,3368 3709,3371 3710,3371 3888,3371 3889,3370 3890,3370 3891,3369 3891,3368 3893,3366 3894,3366 3895,3365 3907,3365 3908,3366 3909,3366 3911,3369 3911,3370 3912,3370 3913,3370 3915,3373 3915,3419 3916,3419 3971,3419 3971,3420 3971,3421 3974,3423 3979,3423 3979,3424 3979,3425 3981,3427 3982,3427 3983,3427 3983,3428 3983,3433 3988,3438 3988,3451 3989,3451 4051,3451 4052,3453 4052,3454 4054,3455 4055,3455 4056,3457 4056,3466 4054,3468 4053,3468 4052,3469 4052,3474 4051,3475 4022,3475 4020,3477 4020,3478 4019,3479 4006,3479 4004,3481 4004,3486 4003,3487 4001,3487 4000,3488 3980,3488 3979,3489 3979,3495 3979,3495 3978,3495 3975,3498 3975,3503 3975,3503 3974,3503 3973,3504 3969,3504 3967,3506 3967,3507 3967,3507 3966,3507 3965,3508 3961,3508 3959,3510 3959,3511 3959,3511 3958,3511 3957,3512 3821,3512 3818,3510 3818,3509 3818,3508 3740,3508 3739,3507 3511,3507 3510,3508 3332,3508 3330,3510 3330,3511 3330,3511 3327,3511 3326,3511 3326,3510 3325,3508 3309,3508 3308,3507 3307,3507 3306,3507 3306,3506 3305,3504 3138,3504 3118,3504 3117,3505 3117,3510 3115,3512 2863,3512 2862,3513 2862,3539 2861,3540 2860,3540 2858,3542 2858,3543 2857,3544 2856,3544 2854,3546 2854,3547 2853,3548 2852,3548 2850,3550 2850,3551 2849,3552 2844,3552 2842,3554 2842,3555 2841,3556 2836,3556 2834,3558 2834,3559 2833,3560 2792,3560 2789,3558 2789,3557 2789,3556 2788,3556 2786,3555 2786,3550 2785,3548 2784,3548 2783,3547 2782,3547 2782,3546 2781,3545 2781,3537 2781,3536 2780,3536 2779,3536 2778,3535 2778,3534 2777,3533 2777,3505 2777,3504 2721,3504 2720,3505 2720,3565 2720,3565"/><TextEquiv index="1"><Unicode>établir ſa Société en Angleterre. N'étois-</Unicode></TextEquiv></TextLine><TextLine id="r0_l018"><Coords points="3884,3767 3883,3767 3883,3710 3883,3709 3537,3709 3536,3710 3536,3764 3536,3764 3529,3764 3528,3764 3528,3763 3528,3762 3346,3762 3345,3762 3345,3706 3345,3705 3155,3705 3154,3706 3154,3763 3154,3763 3142,3763 3141,3763 3141,3706 3141,3705 3026,3705 3023,3708 3023,3709 3023,3709 2775,3709 2774,3709 2774,3708 2772,3705 2401,3705 2398,3708 2398,3709 2398,3709 2368,3709 2366,3708 2366,3707 2365,3705 1762,3705 1761,3706 1761,3764 1761,3764 1742,3764 1741,3764 1741,3706 1741,3705 1267,3705 1266,3706 1266,3765 1266,3765 1244,3765 1243,3764 1238,3764 1237,3764 1237,3763 1237,3762 1155,3762 1152,3760 1152,3759 1152,3758 1151,3758 1148,3756 1148,3710 1148,3709 968,3709 967,3710 967,3724 966,3725 965,3725 963,3727 963,3740 961,3742 960,3742 959,3743 959,3748 957,3750 952,3750 951,3751 951,3752 949,3754 940,3754 939,3755 939,3756 937,3758 929,3758 927,3757 927,3756 926,3754 925,3754 923,3753 923,3752 922,3751 922,3745 923,3744 923,3743 925,3741 926,3741 927,3740 927,3739 929,3737 934,3737 934,3737 934,3646 934,3645 921,3645 918,3643 918,3583 921,3580 922,3580 922,3580 922,3579 925,3576 926,3576 926,3576 926,3575 929,3572 934,3572 934,3572 934,3571 937,3568 954,3568 955,3570 955,3571 957,3572 958,3572 959,3574 959,3575 960,3575 961,3576 962,3576 963,3578 963,3587 965,3588 966,3588 967,3590 967,3616 968,3616 1022,3616 1024,3619 1024,3620 1025,3620 1338,3620 1338,3620 1338,3574 1340,3572 1341,3572 1342,3571 1342,3566 1344,3564 1357,3564 1358,3566 1358,3567 1360,3568 1361,3568 1362,3570 1362,3612 1363,3612 1502,3612 1503,3611 1503,3610 1504,3609 1505,3608 1506,3608 1507,3610 1507,3611 1509,3612 1510,3612 1511,3614 1511,3619 1513,3620 1693,3620 1693,3620 1693,3570 1695,3568 1696,3568 1696,3568 1697,3567 1697,3566 1699,3564 1708,3564 1709,3563 1709,3562 1711,3560 1720,3560 1721,3562 1721,3563 1723,3564 1724,3564 1725,3566 1725,3620 1726,3620 1954,3620 1955,3619 1955,3618 1956,3617 1957,3617 1958,3616 2241,3616 2241,3616 2241,3615 2245,3611 2245,3610 2246,3609 2247,3609 2248,3608 2250,3611 2250,3612 2251,3612 2308,3612 2310,3615 2310,3616 2311,3616 2393,3616 2395,3619 2395,3620 2396,3620 2644,3620 2644,3620 2644,3567 2645,3566 2645,3565 2646,3564 2672,3564 2673,3565 2721,3565 2721,3566 2721,3567 2723,3568 2724,3568 2725,3570 2725,3616 2726,3616 2728,3616 2729,3618 2729,3620 2730,3620 2930,3620 2931,3619 2931,3618 2932,3617 2933,3617 2935,3615 2935,3614 2936,3613 2937,3613 2939,3611 2939,3598 2941,3596 2942,3596 2943,3595 2943,3590 2945,3588 2946,3588 2947,3587 2947,3582 2949,3580 2950,3580 2950,3580 2951,3579 2951,3578 2953,3576 2954,3576 2955,3575 2955,3570 2956,3569 2957,3568 2958,3568 2959,3567 2959,3566 2961,3564 2966,3564 2967,3563 2967,3562 2969,3560 2990,3560 2992,3563 2992,3564 2993,3564 2999,3564 2999,3565 2999,3570 3000,3571 3000,3572 3001,3572 3002,3572 3003,3573 3190,3573 3191,3572 3196,3572 3197,3571 3197,3570 3199,3568 3208,3568 3209,3567 3209,3566 3211,3564 3224,3564 3225,3566 3225,3567 3227,3568 3240,3568 3242,3571 3242,3572 3243,3572 3244,3572 3245,3574 3245,3578 3246,3579 3246,3580 3247,3580 3248,3580 3249,3582 3249,3583 3250,3584 3250,3620 3251,3620 3439,3620 3439,3620 3439,3574 3441,3572 3442,3572 3443,3571 3443,3566 3445,3564 3458,3564 3459,3566 3459,3567 3460,3567 3461,3568 3462,3568 3463,3570 3463,3572 3464,3572 3676,3572 3677,3571 3677,3570 3679,3568 3680,3568 3680,3569 3681,3570 3681,3571 3683,3572 3930,3572 3931,3574 3931,3575 3933,3576 3934,3576 3935,3578 3935,3616 3936,3616 4026,3616 4028,3619 4028,3620 4029,3620 4034,3620 4036,3623 4036,3624 4037,3624 4042,3624 4044,3627 4044,3632 4045,3632 4046,3632 4048,3635 4048,3636 4049,3636 4050,3636 4052,3639 4052,3692 4051,3693 4050,3693 4048,3695 4048,3696 4047,3697 4046,3697 4044,3699 4044,3700 4043,3701 4042,3701 4040,3703 4040,3704 4039,3705 4038,3705 4037,3706 4036,3707 4036,3708 4035,3709 3899,3709 3898,3710 3898,3767 3898,3767"/><TextEquiv index="1"><Unicode>je point dans cette odieuſe Société? Le</Unicode></TextEquiv></TextLine><TextLine id="r0_l019"><Coords points="1393,3968 1392,3968 1392,3936 1392,3935 1308,3935 1306,3934 1306,3912 1306,3911 1278,3911 1180,3911 1179,3912 1179,3968 1179,3968 1163,3968 1162,3968 1162,3912 1162,3911 1142,3911 1140,3910 1140,3909 1139,3907 961,3907 959,3906 959,3905 958,3903 949,3903 947,3902 947,3901 946,3899 945,3899 943,3898 943,3897 942,3895 941,3895 939,3894 939,3889 938,3887 937,3887 935,3886 935,3881 933,3878 932,3878 931,3878 931,3877 930,3876 930,3870 931,3869 931,3868 933,3866 934,3866 934,3866 934,3858 935,3857 935,3856 937,3854 938,3854 939,3853 939,3844 941,3842 942,3842 943,3841 943,3840 945,3838 946,3838 946,3838 947,3837 947,3836 949,3834 950,3834 951,3833 951,3832 953,3830 958,3830 959,3829 959,3828 961,3826 966,3826 967,3825 967,3824 969,3822 1015,3822 1015,3822 1015,3776 1017,3774 1022,3774 1023,3773 1023,3772 1025,3770 1227,3770 1228,3769 1229,3769 1229,3769 1229,3768 1231,3766 1235,3766 1236,3765 1237,3765 1238,3764 1243,3764 1244,3765 1267,3765 1268,3766 1269,3766 1269,3767 1269,3878 1270,3878 1431,3878 1431,3878 1431,3856 1433,3854 1434,3854 1435,3853 1435,3848 1437,3846 1438,3846 1439,3845 1439,3845 1439,3844 1441,3842 1442,3842 1443,3841 1443,3840 1445,3838 1446,3838 1447,3837 1447,3836 1449,3834 1450,3834 1451,3833 1451,3832 1453,3830 1454,3830 1455,3829 1455,3828 1457,3826 1462,3826 1463,3825 1463,3824 1465,3822 1624,3822 1624,3822 1624,3780 1626,3778 1627,3778 1628,3777 1628,3772 1630,3770 1631,3770 1632,3769 1632,3768 1634,3766 1635,3766 1636,3765 1741,3765 1742,3764 1762,3764 1763,3765 1764,3765 1765,3767 1765,3822 1766,3822 1861,3822 1862,3824 1862,3825 1864,3826 1911,3826 1911,3826 1911,3787 1912,3786 1913,3786 1914,3785 1914,3777 1915,3776 1915,3775 1916,3774 1930,3774 1931,3776 1931,3777 1932,3777 1933,3778 1934,3778 1935,3780 1935,3781 1937,3782 1938,3782 1939,3784 1939,3789 1941,3790 1942,3790 1943,3792 1943,3826 1944,3826 2059,3826 2060,3825 2060,3820 2062,3818 2221,3818 2221,3818 2221,3775 2222,3774 2223,3774 2224,3773 2225,3773 2225,3773 2225,3768 2227,3766 2249,3766 2249,3767 2249,3814 2250,3814 2293,3814 2293,3815 2293,3816 2294,3817 2294,3818 2295,3818 2438,3818 2439,3820 2439,3821 2441,3822 2653,3822 2653,3822 2653,3779 2654,3778 2655,3778 2657,3776 2657,3775 2658,3774 2659,3774 2661,3772 2661,3771 2662,3770 2663,3770 2665,3768 2665,3767 2666,3766 2677,3766 2678,3765 2679,3766 2765,3766 2765,3767 2765,3768 2766,3769 2766,3830 2767,3830 2768,3830 2770,3833 2770,3834 2771,3834 2772,3834 2773,3835 2960,3835 2961,3834 2962,3834 2962,3834 2963,3833 2963,3832 2965,3830 2966,3830 2967,3829 2967,3828 2969,3826 2970,3826 2971,3825 2971,3824 2973,3822 3048,3822 3048,3822 3048,3819 3049,3818 3051,3818 3052,3817 3052,3763 3053,3762 3054,3762 3055,3761 3082,3761 3083,3762 3354,3762 3354,3763 3354,3764 3355,3764 3536,3764 3537,3765 3584,3765 3585,3766 3596,3766 3596,3767 3596,3768 3598,3769 3599,3770 3600,3770 3600,3771 3600,3822 3601,3822 3878,3822 3878,3822 3878,3773 3879,3772 3879,3771 3880,3770 3881,3770 3884,3767 3899,3767 3899,3768 3899,3777 3900,3777 3901,3777 3903,3780 3903,3818 3904,3818 4023,3818 4023,3818 4023,3817 4026,3814 4031,3814 4032,3816 4032,3817 4034,3818 4035,3818 4036,3820 4036,3821 4038,3822 4055,3822 4056,3824 4056,3898 4056,3898 4055,3898 4053,3900 4052,3901 4052,3902 4052,3902 4051,3902 4049,3904 4048,3905 4048,3906 4047,3907 4033,3907 4032,3908 4032,3909 4031,3910 4031,3911 4031,3911 4026,3911 4024,3910 4024,3909 4023,3907 3832,3907 3830,3909 3830,3910 3829,3911 3730,3911 3729,3912 3729,3963 3729,3963 3728,3963 3725,3966 3725,3967 3725,3967 3691,3967 3689,3966 3689,3965 3688,3963 3687,3963 3685,3962 3685,3912 3685,3911 3413,3911 3411,3913 3411,3914 3410,3915 3409,3915 3406,3913 3406,3912 3406,3911 3215,3911 3213,3910 3213,3909 3212,3907 3025,3907 3024,3908 3024,3909 3022,3911 3005,3911 3004,3912 3004,3941 3003,3942 3003,3943 3003,3943 2832,3943 2830,3942 2830,3941 2829,3939 2828,3939 2826,3938 2826,3908 2826,3907 2460,3907 2459,3908 2459,3958 2458,3959 2445,3959 2443,3961 2443,3962 2442,3963 2437,3963 2434,3961 2434,3960 2434,3959 2416,3959 2415,3959 2415,3957 2414,3956 2414,3908 2414,3907 2279,3907 2278,3908 2278,3966 2278,3966 2274,3966 2273,3966 2273,3908 2273,3907 2078,3907 2076,3909 2076,3910 2075,3911 2000,3911 1999,3912 1999,3914 1998,3915 1945,3915 1943,3917 1943,3922 1942,3923 1941,3923 1939,3925 1939,3930 1938,3931 1937,3931 1936,3932 1935,3933 1935,3934 1934,3935 1932,3935 1931,3935 1931,3934 1930,3933 1930,3908 1930,3907 1524,3907 1523,3908 1523,3959 1523,3959 1501,3959 1500,3960 1500,3961 1499,3962 1499,3963 1499,3963 1481,3963 1479,3962 1479,3961 1478,3959 1473,3959 1471,3958 1471,3936 1471,3935 1406,3935 1405,3936 1405,3968 1405,3968"/><TextEquiv index="1"><Unicode>chef, qui m'avoit parlé, n'étoit-il point</Unicode></TextEquiv></TextLine><TextLine id="r0_l020"><Coords points="1447,4168 1446,4168 1446,4109 1446,4108 1352,4108 1351,4109 1217,4109 1216,4108 1012,4108 1011,4109 1010,4108 1009,4108 1008,4107 1007,4107 1007,4106 1006,4104 989,4104 987,4103 987,4102 986,4100 981,4100 979,4099 979,4098 978,4096 969,4096 958,4086 958,4085 958,4084 952,4084 951,4084 951,4078 951,4077 950,4077 947,4075 947,4071 946,4070 946,4069 946,4068 945,4068 942,4066 942,4065 942,4064 941,4064 939,4063 939,4050 938,4048 937,4048 936,4047 935,4047 935,4046 934,4045 934,4040 935,4039 935,4037 936,4036 937,4036 939,4034 939,4017 940,4016 941,4016 943,4014 943,4013 944,4012 945,4012 947,4010 947,4001 948,4000 949,4000 951,3998 951,3997 952,3996 953,3996 954,3995 958,3995 959,3994 959,3993 960,3992 961,3992 963,3990 963,3989 964,3988 965,3988 967,3986 967,3985 969,3983 982,3983 983,3982 983,3981 984,3980 985,3980 986,3979 994,3979 998,3975 1007,3975 1007,3975 1007,3974 1010,3971 1160,3971 1160,3971 1160,3970 1162,3968 1180,3968 1181,3970 1181,3971 1182,3971 1183,3971 1185,3974 1185,4024 1186,4024 1386,4024 1386,4024 1386,3978 1389,3975 1390,3975 1390,3975 1390,3970 1392,3968 1561,3968 1562,3967 1587,3967 1588,3969 1588,4020 1589,4020 1838,4020 1838,4020 1838,3977 1840,3975 1841,3975 1842,3974 1842,3973 1843,3972 1844,3972 1846,3970 1846,3969 1848,3967 1998,3967 1999,3969 1999,3970 2001,3971 2006,3971 2007,3973 2007,4024 2008,4024 2253,4024 2253,4024 2253,4010 2256,4007 2257,4007 2257,4007 2257,4002 2260,3999 2261,3999 2261,3999 2261,3990 2264,3987 2265,3987 2265,3987 2265,3978 2268,3975 2269,3975 2269,3975 2269,3970 2272,3967 2273,3967 2274,3966 2278,3966 2279,3967 2284,3967 2286,3970 2286,3975 2287,3975 2288,3975 2290,3978 2290,3979 2291,3979 2292,3979 2294,3982 2294,3987 2295,3987 2296,3987 2298,3990 2298,3995 2299,3995 2300,3995 2302,3998 2302,4003 2303,4003 2304,4003 2306,4006 2306,4020 2307,4020 2608,4020 2608,4020 2608,3985 2609,3984 2610,3984 2615,3979 2616,3979 2616,3979 2616,3978 2619,3975 2776,3975 2778,3978 2778,3979 2779,3979 2828,3979 2829,3980 2830,3980 2830,3981 2830,3982 2833,3984 2834,3984 2834,3985 2834,4024 2835,4024 3046,4024 3048,4022 3048,4021 3049,4020 3063,4020 3064,4022 3064,4023 3066,4024 3430,4024 3431,4026 3431,4027 3433,4028 3434,4028 3435,4030 3435,4035 3437,4036 3438,4036 3439,4038 3439,4080 3440,4080 3628,4080 3628,4080 3628,4035 3629,4034 3629,4033 3630,4032 3631,4032 3633,4030 3633,4029 3634,4028 3636,4028 3636,4028 3636,3995 3637,3994 3637,3993 3638,3992 3639,3991 3640,3991 3641,3990 3641,3985 3643,3983 3644,3983 3645,3982 3645,3981 3647,3979 3651,3979 3653,3982 3653,3983 3654,3983 3659,3983 3660,3984 3661,3986 3661,3991 3662,3991 3663,3991 3665,3994 3665,4024 3666,4024 4010,4024 4012,4022 4012,4021 4013,4020 4035,4020 4036,4022 4036,4023 4038,4024 4043,4024 4044,4026 4044,4031 4046,4032 4047,4032 4047,4033 4048,4034 4048,4035 4050,4036 4051,4036 4052,4038 4052,4047 4054,4048 4055,4048 4056,4050 4056,4083 4054,4085 4053,4085 4052,4086 4052,4091 4051,4092 4050,4092 4049,4093 4048,4094 4048,4095 4047,4096 4042,4096 4040,4098 4040,4107 4038,4109 4037,4109 4036,4110 4036,4111 4035,4112 4034,4112 4033,4113 4027,4113 4026,4112 4025,4112 4024,4112 4024,4111 4023,4109 3735,4109 3733,4111 3733,4112 3733,4112 3732,4112 3731,4113 3727,4113 3725,4115 3725,4116 3725,4116 3724,4116 3723,4117 3678,4117 3677,4118 3677,4148 3676,4149 3642,4149 3641,4150 3641,4151 3639,4153 3638,4153 3637,4154 3637,4155 3635,4157 3627,4157 3624,4155 3624,4146 3624,4145 3490,4145 3487,4143 3487,4142 3487,4141 3486,4141 3483,4139 3483,4110 3483,4109 3267,4109 3266,4110 3266,4111 3265,4112 3264,4112 3263,4113 3112,4113 3111,4112 3110,4112 3109,4111 3108,4111 3108,4110 3108,4109 2880,4109 2879,4110 2879,4111 2878,4112 2876,4112 2874,4111 2874,4110 2874,4109 2634,4109 2632,4111 2632,4112 2632,4112 2631,4112 2630,4113 2624,4113 2623,4112 2622,4112 2621,4111 2620,4111 2620,4110 2620,4109 1994,4109 1993,4110 1993,4166 1993,4166 1985,4166 1984,4166 1984,4110 1984,4109 1928,4109 1927,4110 1927,4115 1926,4116 1924,4116 1922,4115 1922,4110 1922,4109 1549,4109 1548,4108 1452,4108 1451,4109 1451,4168 1451,4168"/><TextEquiv index="1"><Unicode>Grinciador lui-même? En ce cas, je me</Unicode></TextEquiv></TextLine><TextLine id="r0_l021"><Coords points="1626,4570 1625,4570 1625,4513 1625,4512 1395,4512 1394,4513 1394,4527 1393,4528 1392,4528 1390,4530 1390,4531 1389,4532 1388,4532 1386,4534 1386,4535 1385,4536 1384,4536 1382,4538 1382,4539 1381,4540 1376,4540 1374,4542 1374,4543 1373,4544 1368,4544 1366,4546 1366,4547 1365,4548 1364,4548 1362,4547 1362,4546 1361,4544 1360,4544 1358,4543 1358,4542 1357,4540 1356,4540 1354,4539 1354,4513 1354,4512 1041,4512 1040,4513 1040,4514 1038,4516 1030,4516 1027,4514 1027,4513 1027,4512 933,4512 931,4511 931,4510 930,4508 929,4508 927,4507 927,4506 926,4505 926,4499 927,4498 927,4497 928,4496 929,4496 930,4495 934,4495 934,4495 934,4378 935,4377 935,4376 936,4375 937,4375 938,4374 938,4286 939,4285 939,4223 941,4221 946,4221 947,4220 947,4219 949,4217 969,4217 970,4218 971,4218 971,4219 971,4220 973,4221 1026,4221 1028,4224 1028,4225 1029,4225 1439,4225 1439,4225 1439,4175 1441,4173 1442,4173 1442,4173 1442,4172 1446,4168 1452,4168 1453,4169 1454,4169 1455,4171 1455,4172 1457,4173 1458,4173 1459,4175 1459,4176 1461,4177 1462,4177 1463,4179 1463,4221 1464,4221 1518,4221 1519,4223 1519,4224 1521,4225 1805,4225 1806,4224 1806,4223 1808,4221 1971,4221 1971,4221 1971,4199 1973,4197 1974,4197 1975,4196 1975,4187 1977,4185 1978,4185 1979,4184 1979,4171 1981,4169 1982,4169 1982,4169 1983,4168 1983,4167 1984,4166 1993,4166 1994,4165 1996,4168 1996,4169 1997,4169 2333,4169 2334,4171 2334,4172 2336,4173 2337,4173 2338,4175 2338,4221 2339,4221 2579,4221 2580,4223 2580,4224 2582,4225 2793,4225 2794,4224 2794,4223 2796,4221 3035,4221 3035,4221 3035,4220 3036,4219 3038,4217 3039,4217 3040,4219 3040,4220 3042,4221 3103,4221 3104,4223 3104,4225 3105,4225 3446,4225 3447,4224 3447,4223 3449,4221 3466,4221 3467,4223 3467,4224 3469,4225 3644,4225 3644,4225 3644,4177 3645,4176 3645,4174 3646,4173 3660,4173 3660,4173 3660,4172 3663,4169 3668,4169 3669,4171 3669,4172 3670,4172 3671,4173 3672,4173 3673,4175 3673,4225 3674,4225 3982,4225 3983,4227 3983,4229 3984,4229 3998,4229 4000,4232 4000,4233 4001,4233 4002,4233 4004,4236 4004,4241 4005,4241 4006,4241 4008,4244 4008,4249 4009,4249 4054,4249 4055,4250 4056,4250 4056,4251 4056,4269 4057,4269 4062,4269 4063,4270 4064,4270 4064,4271 4064,4273 4063,4274 4062,4274 4060,4276 4060,4277 4059,4278 4057,4278 4056,4279 4056,4438 4055,4439 4053,4439 4052,4440 4052,4503 4052,4503 4051,4503 4050,4504 4037,4504 4036,4505 4036,4506 4034,4508 3904,4508 3903,4509 3903,4511 3903,4511 3902,4511 3901,4512 3824,4512 3822,4514 3822,4515 3821,4516 3816,4516 3814,4515 3814,4514 3813,4512 3594,4512 3592,4514 3592,4519 3591,4520 3590,4520 3588,4522 3588,4527 3587,4528 3586,4528 3584,4530 3584,4539 3583,4540 3582,4540 3580,4542 3580,4551 3579,4552 3578,4552 3576,4554 3576,4555 3575,4556 3574,4556 3572,4558 3572,4559 3571,4560 3562,4560 3560,4559 3560,4558 3559,4556 3558,4556 3556,4555 3556,4554 3555,4552 3554,4552 3552,4551 3552,4509 3552,4508 3320,4508 3318,4510 3318,4511 3318,4511 3317,4511 3316,4512 3234,4512 3233,4513 3233,4559 3232,4560 3231,4560 3230,4561 3230,4562 3228,4564 3195,4564 3193,4563 3193,4562 3192,4560 3191,4560 3189,4559 3189,4517 3189,4516 2928,4516 2927,4517 2927,4519 2926,4520 2913,4520 2911,4519 2911,4518 2910,4516 2814,4516 2813,4517 2813,4569 2813,4569 2808,4569 2807,4569 2807,4517 2807,4516 2686,4516 2685,4517 2685,4559 2684,4560 2683,4560 2681,4562 2681,4563 2680,4564 2679,4564 2677,4566 2677,4567 2676,4568 2650,4568 2649,4568 2649,4567 2647,4564 2646,4564 2645,4564 2645,4563 2644,4562 2644,4513 2644,4512 2546,4512 2544,4511 2544,4510 2543,4508 2340,4508 2338,4510 2338,4515 2338,4515 2337,4515 2334,4518 2334,4531 2333,4532 2332,4532 2330,4534 2330,4543 2329,4544 2328,4544 2326,4546 2326,4551 2325,4552 2324,4552 2322,4554 2322,4555 2321,4556 2320,4556 2319,4557 2318,4558 2318,4559 2317,4560 2312,4560 2310,4559 2310,4558 2309,4556 2304,4556 2302,4555 2302,4509 2302,4508 1791,4508 1790,4509 1790,4510 1788,4512 1779,4512 1778,4513 1778,4529 1777,4530 1777,4531 1776,4532 1715,4532 1713,4534 1713,4539 1712,4540 1711,4540 1709,4542 1709,4547 1708,4548 1707,4548 1705,4550 1705,4551 1704,4552 1699,4552 1697,4554 1697,4555 1696,4556 1687,4556 1685,4555 1685,4513 1685,4512 1637,4512 1636,4513 1636,4570 1636,4570"/><TextEquiv index="1"><Unicode>eurs, de e eeo ais pas e qu'i aroi</Unicode></TextEquiv></TextLine><TextLine id="r0_l022"><Coords points="3957,4767 3956,4767 3956,4765 3956,4764 3561,4764 3560,4764 3560,4755 3560,4754 1465,4754 1463,4756 1463,4757 1463,4757 1462,4757 1461,4758 1225,4758 1224,4759 1224,4763 1224,4763 1219,4763 1218,4763 1218,4710 1218,4709 1045,4709 1044,4709 1044,4708 1042,4705 928,4705 927,4705 927,4704 926,4703 925,4701 924,4701 923,4701 923,4699 925,4697 926,4697 926,4697 926,4696 929,4693 934,4693 934,4693 934,4576 935,4575 935,4574 937,4572 938,4572 938,4572 938,4571 941,4568 1857,4568 1858,4569 2814,4569 2814,4570 2814,4571 2816,4572 3748,4572 3750,4575 3750,4576 3751,4576 3752,4576 3754,4579 3754,4580 3755,4580 3756,4580 3758,4583 3758,4616 3759,4616 4046,4616 4048,4619 4048,4620 4049,4620 4050,4620 4052,4623 4052,4624 4053,4624 4054,4624 4056,4627 4056,4636 4057,4636 4058,4636 4059,4637 4060,4637 4060,4638 4060,4640 4059,4641 4058,4641 4056,4643 4056,4692 4055,4693 4054,4693 4052,4695 4052,4696 4051,4697 4050,4697 4048,4699 4048,4700 4047,4701 4046,4701 4044,4703 4044,4704 4043,4705 3972,4705 3971,4706 3971,4767 3971,4767"/><TextEquiv index="1"><Unicode>là d'agréable. Pourquoi ces Meſſieurs</Unicode></TextEquiv></TextLine><TextLine id="r0_l023"><Coords points="3724,4964 3723,4964 3723,4908 3723,4907 3606,4907 3605,4907 3605,4906 3603,4903 3384,4903 3383,4904 3383,4905 3381,4907 3369,4907 3368,4906 3367,4907 3367,4963 3367,4963 3351,4963 3350,4963 3350,4904 3350,4903 2953,4903 2951,4905 2951,4906 2950,4907 2937,4907 2935,4906 2935,4905 2934,4903 2840,4903 2838,4902 2838,4901 2837,4899 2541,4899 2540,4900 2540,4901 2538,4903 2256,4903 2253,4901 2253,4900 2253,4899 2210,4899 2037,4899 2036,4900 2036,4901 2034,4903 1675,4903 1672,4901 1672,4900 1672,4899 1473,4899 1471,4901 1471,4902 1470,4903 1069,4903 1068,4904 1068,4905 1064,4909 1064,4910 1063,4911 1061,4911 1060,4911 1060,4910 1059,4909 1059,4908 1059,4907 965,4907 963,4906 963,4905 962,4903 945,4903 943,4902 943,4901 942,4900 942,4899 941,4899 939,4898 939,4857 937,4854 936,4854 935,4854 935,4847 934,4846 935,4845 935,4844 937,4842 938,4842 939,4841 939,4840 941,4838 942,4838 943,4837 943,4837 943,4836 945,4834 950,4834 951,4833 951,4828 953,4826 958,4826 959,4825 959,4824 961,4822 1091,4822 1092,4821 1092,4820 1094,4818 1205,4818 1205,4818 1205,4771 1206,4770 1207,4770 1211,4766 1216,4766 1217,4765 1217,4764 1218,4763 1225,4763 1225,4764 1225,4765 1227,4766 1232,4766 1233,4768 1233,4818 1234,4818 1442,4818 1443,4817 1443,4816 1445,4814 1450,4814 1450,4814 1450,4813 1453,4810 1454,4810 1455,4812 1455,4813 1457,4814 1624,4814 1624,4814 1624,4772 1626,4770 1627,4770 1628,4769 1628,4764 1630,4762 1691,4762 1693,4760 1693,4759 1694,4758 1696,4758 1697,4757 1698,4757 1699,4758 1700,4758 1701,4760 1701,4761 1702,4762 1703,4762 1704,4762 1705,4764 1705,4814 1706,4814 2181,4814 2181,4814 2181,4771 2182,4770 2183,4770 2189,4764 2189,4763 2190,4762 2195,4762 2197,4760 2197,4759 2198,4758 2200,4758 2201,4760 2201,4761 2203,4762 2204,4762 2205,4764 2205,4797 2207,4798 2208,4798 2209,4800 2209,4814 2210,4814 2443,4814 2443,4814 2443,4767 2444,4766 2454,4766 2455,4765 2455,4764 2457,4762 2648,4762 2648,4763 2648,4764 2651,4766 2652,4766 2652,4767 2652,4768 2653,4769 2653,4818 2654,4818 2854,4818 2854,4818 2854,4768 2856,4766 2861,4766 2862,4765 2862,4764 2864,4762 2873,4762 2874,4761 2874,4760 2876,4758 2878,4758 2879,4757 2880,4758 2882,4758 2882,4759 2882,4760 2885,4762 2886,4762 2886,4763 2886,4764 2887,4765 2887,4814 2888,4814 3088,4814 3088,4814 3088,4812 3090,4810 3091,4810 3092,4809 3092,4800 3094,4798 3095,4798 3096,4797 3096,4784 3098,4782 3099,4782 3100,4781 3100,4780 3102,4778 3103,4778 3104,4777 3104,4776 3106,4774 3107,4774 3108,4773 3108,4772 3110,4770 3111,4770 3112,4769 3112,4768 3114,4766 3115,4766 3116,4765 3116,4765 3116,4764 3118,4762 3148,4762 3149,4764 3149,4765 3151,4766 3245,4766 3245,4767 3245,4768 3248,4770 3249,4770 3249,4771 3249,4772 3250,4773 3250,4814 3251,4814 3325,4814 3326,4816 3326,4817 3328,4818 3511,4818 3511,4818 3511,4773 3512,4772 3512,4771 3513,4770 3514,4770 3516,4768 3516,4767 3517,4766 3522,4766 3524,4764 3524,4763 3525,4762 3535,4762 3537,4764 3588,4764 3588,4765 3588,4777 3590,4778 3591,4778 3592,4780 3592,4818 3593,4818 3724,4818 3725,4820 3725,4821 3727,4822 3951,4822 3951,4822 3951,4772 3953,4770 3954,4770 3954,4770 3955,4769 3955,4768 3956,4767 3971,4767 3971,4768 3971,4772 3974,4774 3975,4774 3975,4775 3975,4846 3976,4846 4046,4846 4055,4855 4056,4855 4056,4856 4056,4858 4056,4858 4055,4858 4054,4859 4053,4859 4052,4860 4052,4866 4052,4866 4051,4866 4050,4867 4046,4867 4044,4869 4044,4870 4044,4870 4043,4870 4042,4871 3984,4871 3983,4872 3983,4902 3982,4903 3933,4903 3931,4905 3931,4906 3930,4907 3839,4907 3838,4908 3838,4955 3838,4955 3837,4955 3835,4957 3834,4958 3834,4959 3834,4959 3816,4959 3814,4961 3814,4962 3813,4963 3800,4963 3796,4959 3795,4959 3794,4959 3794,4908 3794,4907 3737,4907 3736,4908 3736,4964 3736,4964"/><TextEquiv index="1"><Unicode>avoient - ils eu le deſir de faire l'acqui-</Unicode></TextEquiv></TextLine><TextLine id="r0_l024"><Coords points="3102,5157 3100,5156 3100,5106 3100,5105 2833,5105 2830,5103 2830,5102 2830,5101 2598,5101 2596,5103 2596,5104 2596,5104 2595,5104 2594,5105 2490,5105 2487,5103 2487,5102 2487,5101 1916,5101 1915,5102 1915,5155 1914,5156 1914,5157 1914,5157 1880,5157 1879,5157 1879,5156 1877,5153 1876,5153 1874,5152 1874,5102 1874,5101 1614,5101 1612,5103 1612,5104 1612,5104 1506,5104 1505,5105 1430,5105 1429,5104 1428,5104 1427,5104 1427,5102 1427,5101 1194,5101 1193,5102 1193,5103 1191,5105 940,5105 939,5106 939,5107 937,5109 929,5109 927,5108 927,5107 926,5106 926,5102 925,5100 924,5100 923,5100 923,5099 922,5098 922,5096 923,5095 923,5094 925,5092 926,5092 926,5092 926,5031 927,5030 927,5029 928,5028 937,5028 947,5018 947,5005 948,5004 949,5004 951,5002 951,4997 952,4996 953,4996 955,4994 955,4989 956,4988 957,4988 959,4986 959,4981 960,4980 961,4980 963,4978 963,4977 964,4976 965,4976 967,4974 967,4973 968,4972 969,4972 970,4971 974,4971 975,4970 975,4969 976,4968 977,4968 978,4967 1114,4967 1115,4968 1116,4968 1116,4969 1116,4970 1119,4972 1120,4972 1120,4973 1120,5020 1121,5020 1248,5020 1249,5019 1249,5018 1251,5016 1414,5016 1414,5016 1414,4970 1417,4967 1418,4967 1418,4967 1418,4966 1421,4963 1430,4963 1431,4962 1431,4961 1433,4959 1437,4959 1439,4962 1439,4963 1440,4963 1445,4963 1447,4966 1447,5016 1448,5016 1998,5016 1999,5015 1999,5014 2001,5012 2116,5012 2116,5012 2116,5010 2118,5008 2119,5008 2120,5007 2120,4994 2123,4991 2124,4991 2124,4991 2124,4982 2127,4979 2128,4979 2128,4979 2128,4974 2131,4971 2132,4971 2132,4971 2132,4970 2135,4967 2136,4967 2136,4967 2136,4966 2139,4963 2140,4963 2140,4963 2140,4962 2143,4959 2148,4959 2148,4959 2148,4958 2151,4955 2171,4955 2173,4958 2173,4959 2174,4959 2175,4959 2177,4962 2177,5016 2178,5016 2572,5016 2572,5016 2572,4977 2573,4976 2574,4976 2576,4974 2576,4973 2577,4972 2578,4972 2579,4971 2689,4971 2689,4971 2689,4969 2691,4967 2733,4967 2733,4967 2733,4965 2734,4964 2735,4964 2736,4963 2737,4965 2737,4966 2739,4967 2752,4967 2753,4969 2753,4970 2755,4971 2760,4971 2761,4973 2761,4974 2763,4975 2768,4975 2770,4978 2770,4979 2771,4979 2772,4979 2774,4982 2774,4983 2775,4983 2776,4983 2778,4986 2778,4987 2779,4987 2780,4988 2781,4988 2782,4990 2782,4991 2783,4991 2784,4992 2785,4992 2786,4994 2786,5016 2787,5016 3342,5016 3342,5016 3342,4970 3345,4967 3346,4967 3346,4967 3346,4966 3349,4963 3369,4963 3370,4965 3370,4970 3372,4971 3373,4971 3374,4973 3374,4974 3375,4975 3375,4983 3376,4983 3388,4983 3389,4984 3390,4984 3391,4986 3391,5016 3392,5016 3491,5016 3491,5017 3491,5018 3494,5020 3717,5020 3717,5020 3717,4970 3720,4967 3721,4967 3721,4967 3721,4966 3723,4964 3737,4964 3737,4965 3737,4966 3739,4967 3740,4967 3741,4969 3741,4970 3742,4971 3742,5016 3743,5016 3745,5016 3745,5017 3745,5018 3746,5019 3746,5020 3747,5020 3946,5020 3947,5019 3947,5018 3949,5016 3962,5016 3964,5019 3964,5020 3965,5020 3983,5020 3983,5021 3983,5022 3984,5023 3986,5024 3987,5024 3987,5025 3987,5026 3988,5027 3988,5044 3989,5044 4047,5044 4048,5046 4048,5047 4050,5048 4055,5048 4056,5050 4056,5063 4055,5064 4054,5064 4052,5066 4052,5067 4051,5068 4046,5068 4044,5070 4044,5071 4043,5072 4014,5072 4012,5074 4012,5075 4011,5076 3984,5076 3983,5077 3983,5100 3983,5100 3982,5100 3981,5101 3977,5101 3975,5103 3975,5104 3975,5104 3974,5104 3973,5105 3816,5105 3812,5109 3808,5109 3806,5111 3806,5112 3806,5112 3805,5112 3804,5113 3793,5113 3792,5112 3791,5112 3790,5112 3790,5111 3789,5109 3785,5109 3784,5108 3783,5108 3782,5108 3782,5107 3781,5105 3574,5105 3572,5107 3572,5108 3572,5108 3571,5108 3570,5109 3563,5109 3562,5108 3561,5108 3560,5108 3560,5106 3560,5105 3462,5105 3461,5104 3224,5104 3223,5105 3146,5105 3145,5106 3145,5151 3144,5152 3144,5153 3144,5153 3143,5153 3139,5157"/><TextEquiv index="1"><Unicode>ſition de ma perſonne? Pourquoi avoient-</Unicode></TextEquiv></TextLine><TextLine id="r0_l025"><Coords points="1981,5364 1980,5364 1980,5303 1980,5302 1754,5302 1753,5303 1753,5322 1753,5322 1752,5322 1741,5333 1741,5334 1741,5334 1736,5334 1733,5337 1733,5338 1733,5338 1731,5338 1730,5339 1729,5338 1718,5338 1717,5338 1717,5307 1717,5306 928,5306 927,5306 927,5305 926,5304 926,5299 926,5298 852,5298 850,5297 850,5284 852,5282 853,5282 854,5281 854,5280 856,5278 857,5278 858,5277 858,5276 859,5275 860,5274 861,5274 862,5273 862,5263 863,5262 926,5262 926,5262 926,5229 927,5228 927,5227 929,5225 930,5225 931,5224 931,5223 933,5221 934,5221 934,5221 934,5181 935,5180 935,5179 937,5177 938,5177 938,5177 938,5176 941,5173 950,5173 951,5172 951,5171 953,5169 1010,5169 1011,5168 1011,5167 1013,5165 1018,5165 1020,5168 1020,5169 1021,5169 1022,5169 1023,5171 1023,5217 1024,5217 1074,5217 1076,5220 1076,5221 1077,5221 1499,5221 1499,5221 1499,5220 1502,5217 1503,5217 1503,5217 1503,5216 1506,5213 1511,5213 1511,5213 1511,5211 1512,5210 1513,5210 1514,5209 1652,5209 1652,5209 1652,5200 1655,5197 1656,5197 1656,5197 1656,5184 1659,5181 1660,5181 1660,5181 1660,5176 1663,5173 1664,5173 1664,5173 1664,5172 1671,5165 1873,5165 1874,5167 1874,5172 1876,5173 1877,5173 1879,5176 1879,5177 1880,5177 1881,5177 1882,5179 1882,5188 1884,5189 1885,5189 1886,5191 1886,5192 1888,5193 1889,5193 1890,5195 1890,5200 1892,5201 1893,5201 1894,5203 1894,5204 1895,5205 1895,5217 1896,5217 2176,5217 2176,5217 2176,5210 2177,5209 2177,5203 2179,5201 2180,5201 2180,5201 2180,5200 2181,5199 2181,5187 2183,5185 2188,5185 2189,5187 2189,5217 2190,5217 2382,5217 2382,5217 2382,5196 2385,5193 2386,5193 2386,5193 2386,5188 2389,5185 2390,5185 2390,5185 2390,5172 2391,5171 2391,5170 2392,5169 2393,5169 2399,5163 2399,5162 2400,5161 2406,5161 2406,5162 2406,5163 2409,5165 2410,5165 2410,5166 2410,5167 2411,5168 2411,5173 2412,5173 2426,5173 2427,5175 2427,5217 2428,5217 2616,5217 2616,5217 2616,5216 2619,5213 2701,5213 2701,5213 2701,5171 2703,5169 2708,5169 2709,5168 2709,5167 2711,5165 2716,5165 2717,5164 2717,5163 2719,5161 2733,5161 2733,5162 2733,5184 2735,5185 2736,5185 2737,5187 2737,5222 2738,5222 2921,5222 2922,5221 2926,5221 2927,5220 2927,5219 2929,5217 2999,5217 2999,5217 2999,5216 3002,5213 3131,5213 3133,5216 3133,5217 3134,5217 3390,5217 3391,5216 3391,5215 3393,5213 3466,5213 3467,5215 3467,5216 3469,5217 3721,5217 3721,5217 3721,5215 3723,5213 3749,5213 3749,5213 3749,5172 3750,5171 3750,5170 3751,5169 3757,5169 3757,5169 3757,5168 3758,5167 3758,5166 3759,5165 3761,5165 3762,5167 3762,5168 3764,5169 3769,5169 3769,5170 3769,5171 3772,5173 3773,5173 3773,5174 3773,5175 3774,5176 3774,5221 3775,5221 3945,5221 3946,5222 3947,5222 3947,5223 3947,5224 3949,5225 3953,5225 3954,5226 3955,5226 3955,5227 3955,5232 3958,5234 3959,5234 3959,5235 3959,5236 3962,5238 3963,5238 3963,5239 3963,5274 3964,5274 4023,5274 4024,5276 4024,5277 4026,5278 4031,5278 4032,5280 4032,5281 4034,5282 4039,5282 4040,5284 4040,5285 4042,5286 4055,5286 4056,5288 4056,5293 4058,5294 4059,5294 4060,5296 4060,5301 4060,5301 4059,5302 4058,5302 4056,5304 4056,5305 4055,5306 4049,5306 4048,5307 4048,5309 4047,5310 4046,5310 4044,5312 4044,5321 4043,5322 4042,5322 4040,5324 4040,5329 4039,5330 4038,5330 4036,5332 4036,5333 4035,5334 4030,5334 4028,5336 4028,5337 4027,5338 4026,5338 4025,5339 4017,5339 4016,5340 4016,5341 4015,5342 4014,5342 4013,5343 4007,5343 4006,5342 4005,5342 4004,5342 4004,5341 4003,5340 4003,5311 4003,5310 3404,5310 3403,5310 3403,5309 3401,5306 2832,5306 2830,5308 2830,5317 2829,5318 2828,5318 2826,5320 2826,5325 2825,5326 2820,5326 2818,5328 2818,5329 2816,5331 2815,5331 2814,5332 2814,5333 2813,5334 2804,5334 2802,5336 2802,5337 2801,5338 2800,5338 2799,5339 2797,5339 2796,5338 2795,5338 2794,5338 2794,5337 2792,5334 2791,5334 2790,5334 2790,5303 2790,5302 2508,5302 2507,5303 2507,5322 2507,5322 2506,5322 2503,5325 2503,5334 2503,5334 2502,5334 2501,5335 2499,5337 2499,5338 2499,5338 2498,5338 2495,5341 2495,5342 2495,5342 2494,5342 2491,5345 2491,5346 2491,5346 2490,5346 2487,5349 2487,5350 2487,5350 2486,5350 2485,5351 2481,5351 2479,5353 2479,5354 2479,5354 2478,5354 2477,5355 2469,5355 2467,5357 2467,5358 2467,5358 2466,5358 2465,5359 2450,5359 2449,5358 2448,5358 2447,5358 2447,5357 2446,5355 2442,5355 2441,5354 2440,5354 2439,5354 2439,5353 2438,5351 2434,5351 2433,5350 2432,5350 2431,5350 2431,5349 2429,5346 2428,5346 2427,5346 2427,5345 2425,5342 2424,5342 2423,5342 2423,5303 2423,5302 1993,5302 1992,5303 1992,5363 1992,5363 1989,5363 1988,5364"/><TextEquiv index="1"><Unicode>ils montré, à mon égard, cette attention,</Unicode></TextEquiv></TextLine><TextLine id="r0_l026"><Coords points="927,5568 926,5568 926,5459 927,5458 927,5457 929,5455 930,5455 931,5454 931,5449 933,5447 934,5447 935,5446 935,5441 937,5439 938,5439 939,5438 939,5437 941,5435 946,5435 947,5434 947,5433 949,5431 958,5431 959,5430 959,5429 961,5427 966,5427 967,5426 967,5425 969,5423 978,5423 979,5422 979,5421 981,5419 982,5419 983,5420 983,5421 983,5422 985,5423 1285,5423 1285,5423 1285,5394 1286,5393 1286,5392 1287,5391 1288,5391 1290,5389 1290,5388 1291,5387 1296,5387 1297,5386 1297,5385 1299,5383 1301,5383 1302,5385 1302,5386 1304,5387 1309,5387 1310,5389 1310,5390 1312,5391 1313,5391 1314,5393 1314,5419 1315,5419 1939,5419 1939,5419 1939,5384 1940,5383 1941,5383 1941,5383 1943,5381 1943,5380 1944,5379 1962,5379 1962,5379 1962,5378 1963,5377 1963,5376 1964,5375 1975,5375 1975,5375 1975,5369 1978,5366 1979,5366 1979,5366 1979,5365 1980,5364 1988,5364 1989,5363 1995,5363 1995,5364 1995,5365 1998,5367 2191,5367 2193,5365 2193,5364 2194,5363 2196,5363 2197,5362 2222,5362 2223,5363 2225,5363 2225,5364 2225,5365 2226,5366 2228,5367 2229,5367 2229,5368 2229,5419 2230,5419 2446,5419 2447,5418 2447,5417 2449,5415 2450,5415 2451,5416 2451,5417 2451,5418 2453,5419 2689,5419 2689,5419 2689,5405 2691,5403 2692,5403 2693,5402 2693,5393 2695,5391 2696,5391 2697,5390 2697,5385 2700,5382 2701,5382 2701,5382 2701,5381 2703,5379 2712,5379 2713,5378 2713,5373 2716,5370 2717,5370 2717,5370 2717,5369 2719,5367 2728,5367 2729,5366 2729,5365 2731,5363 2732,5363 2733,5362 2755,5362 2756,5363 2757,5363 2757,5364 2757,5365 2758,5366 2758,5411 2759,5411 2938,5411 2939,5413 2939,5414 2941,5415 2942,5415 2943,5417 2943,5418 2945,5419 3156,5419 3156,5419 3156,5418 3157,5417 3157,5409 3159,5407 3160,5407 3160,5407 3160,5406 3161,5405 3161,5392 3162,5391 3163,5391 3173,5381 3173,5376 3174,5375 3175,5375 3176,5374 3177,5373 3177,5372 3178,5371 3183,5371 3191,5363 3192,5363 3193,5362 3201,5362 3201,5362 3201,5361 3204,5358 3207,5358 3208,5359 3209,5359 3209,5360 3209,5361 3212,5363 3217,5363 3217,5364 3217,5365 3219,5366 3220,5367 3221,5367 3221,5368 3221,5373 3224,5375 3225,5375 3225,5376 3225,5383 3226,5383 3350,5383 3350,5384 3350,5385 3357,5391 3362,5391 3362,5392 3362,5393 3373,5403 3374,5403 3374,5404 3374,5405 3375,5406 3375,5411 3376,5411 3377,5411 3383,5418 3383,5431 3384,5431 3385,5431 3387,5434 3387,5437 3386,5438 3386,5439 3386,5439 3385,5439 3383,5441 3383,5445 3382,5446 3382,5447 3382,5447 3377,5447 3374,5450 3374,5451 3374,5451 3365,5451 3363,5453 3363,5489 3362,5490 3362,5491 3361,5492 3361,5492 3360,5492 3358,5494 3358,5507 3357,5508 3016,5508 3015,5509 3015,5562 3015,5562 3009,5562 3008,5562 3008,5509 3008,5508 2945,5508 2943,5507 2943,5506 2942,5504 2449,5504 2447,5506 2447,5507 2446,5508 2367,5508 2366,5509 2366,5555 2361,5560 2324,5560 2322,5559 2322,5558 2321,5556 2320,5556 2318,5555 2318,5505 2318,5504 1839,5504 1838,5505 1838,5507 1837,5508 1832,5508 1830,5510 1830,5511 1829,5512 1828,5512 1826,5511 1826,5510 1825,5508 1307,5508 1306,5509 1306,5522 1304,5524 1303,5524 1302,5525 1302,5538 1301,5539 1301,5540 1301,5540 1300,5540 1298,5542 1298,5550 1297,5551 1297,5552 1297,5552 1292,5552 1289,5555 1289,5556 1289,5556 1284,5556 1281,5559 1281,5560 1281,5560 1280,5560 1277,5563 1277,5564 1277,5564 1275,5564 1273,5563 1273,5513 1273,5512 1024,5512 1023,5513 1023,5560 1023,5560 1001,5560 999,5562 999,5563 998,5564 993,5564 991,5566 991,5567 990,5568"/><TextEquiv index="1"><Unicode>que je trouvois ſi peu flatteuſe?</Unicode></TextEquiv></TextLine><TextLine id="r0_l027"><Coords points="1174,5771 1173,5771 1173,5723 1173,5722 1135,5722 1132,5720 1132,5719 1132,5718 1131,5718 1128,5716 1128,5707 1128,5706 1127,5706 1124,5704 1124,5700 1131,5693 1144,5693 1144,5693 1144,5682 1144,5681 892,5681 890,5680 890,5679 889,5677 876,5677 874,5676 874,5675 873,5674 873,5673 872,5673 870,5672 870,5671 872,5669 873,5669 874,5668 874,5667 876,5665 1144,5665 1144,5665 1144,5575 1147,5572 1361,5572 1362,5571 1362,5570 1364,5568 3003,5568 3003,5568 3003,5567 3006,5564 3007,5564 3007,5564 3007,5563 3008,5562 3016,5562 3016,5563 3016,5564 3017,5564 3905,5564 3911,5571 3911,5572 3912,5572 3958,5572 3959,5574 3959,5575 3961,5576 3962,5576 3963,5578 3963,5616 3964,5616 4013,5616 4014,5617 4015,5617 4016,5619 4016,5620 4018,5621 4027,5621 4028,5623 4028,5624 4030,5625 4031,5625 4032,5627 4032,5628 4034,5629 4035,5629 4036,5631 4036,5632 4038,5633 4039,5633 4040,5635 4040,5644 4042,5645 4043,5645 4044,5647 4044,5656 4043,5657 4041,5657 4040,5658 4040,5680 4039,5681 4038,5681 4036,5683 4036,5692 4035,5693 4034,5693 4032,5695 4032,5696 4031,5697 4030,5697 4028,5699 4028,5700 4027,5701 4026,5701 4024,5703 4024,5704 4023,5705 4022,5705 4020,5707 4020,5708 4019,5709 4018,5709 4017,5710 3896,5710 3895,5711 3895,5712 3894,5713 3893,5713 3892,5714 3537,5714 3536,5715 3536,5716 3534,5718 2892,5718 2891,5719 2891,5752 2889,5754 2888,5754 2887,5755 2887,5756 2885,5758 2872,5758 2870,5760 2870,5761 2869,5762 1251,5762 1250,5763 1250,5770 1250,5770 1185,5770 1184,5771"/><TextEquiv index="1"><Unicode>J'abordai Camargo, qui me fit mille</Unicode></TextEquiv></TextLine><TextLine id="r0_l028"><Coords points="3456,5970 3455,5970 3455,5912 3455,5911 3222,5911 3221,5912 3221,5955 3221,5955 3220,5955 3217,5958 3217,5959 3217,5959 3216,5959 3215,5960 3186,5960 3185,5961 3185,5962 3183,5964 3176,5964 3175,5963 3174,5963 3173,5963 3173,5962 3172,5961 3172,5960 3171,5960 3169,5959 3169,5908 3169,5907 2477,5907 2475,5906 2475,5905 2474,5903 2347,5903 2346,5904 2346,5966 2346,5966 2343,5966 2342,5966 2342,5904 2342,5903 2267,5903 2266,5904 2266,5905 2264,5907 1719,5907 1717,5909 1717,5910 1716,5911 1618,5911 1616,5913 1616,5914 1615,5915 1614,5915 1612,5917 1612,5922 1611,5923 1586,5923 1584,5922 1584,5921 1583,5919 1578,5919 1576,5918 1576,5916 1576,5915 993,5915 992,5916 992,5917 990,5919 944,5919 943,5919 943,5918 942,5917 942,5916 942,5915 932,5915 931,5915 931,5914 922,5905 922,5860 922,5859 921,5859 918,5857 921,5854 922,5854 923,5853 923,5853 923,5852 924,5851 925,5851 927,5849 927,5848 928,5847 929,5847 931,5845 931,5844 932,5843 933,5843 935,5841 935,5840 937,5838 938,5838 939,5837 939,5836 941,5834 942,5834 943,5833 943,5832 945,5830 954,5830 955,5829 955,5828 957,5826 1115,5826 1116,5825 1116,5824 1118,5822 1164,5822 1164,5822 1164,5785 1165,5784 1165,5783 1166,5782 1167,5782 1168,5781 1168,5777 1169,5776 1169,5775 1170,5774 1171,5774 1174,5771 1241,5771 1242,5770 1377,5770 1378,5772 1378,5826 1379,5826 1588,5826 1588,5826 1588,5776 1590,5774 1591,5774 1592,5773 1592,5772 1594,5770 1595,5770 1596,5769 1596,5768 1598,5766 1603,5766 1604,5768 1604,5769 1606,5770 1652,5770 1652,5771 1652,5772 1653,5773 1653,5822 1654,5822 1842,5822 1842,5822 1842,5772 1844,5770 1849,5770 1850,5769 1850,5768 1852,5766 1857,5766 1858,5765 1858,5764 1860,5762 1870,5762 1870,5763 1870,5766 1871,5766 2011,5766 2011,5767 2011,5768 2015,5772 2015,5773 2016,5774 2016,5818 2017,5818 2159,5818 2161,5821 2161,5822 2162,5822 2378,5822 2378,5822 2378,5805 2381,5802 2382,5802 2382,5802 2382,5797 2385,5794 2386,5794 2386,5794 2386,5789 2387,5788 2387,5787 2388,5786 2389,5786 2390,5785 2390,5781 2391,5780 2391,5779 2392,5778 2393,5778 2393,5778 2395,5776 2395,5775 2396,5774 2397,5774 2399,5772 2399,5771 2400,5770 2405,5770 2407,5768 2407,5767 2408,5766 2430,5766 2431,5768 2431,5769 2433,5770 2438,5770 2439,5772 2439,5773 2440,5773 2441,5774 2442,5774 2443,5776 2443,5814 2444,5814 2547,5814 2548,5816 2548,5822 2549,5822 2777,5822 2778,5821 2778,5816 2780,5814 2788,5814 2790,5817 2790,5818 2791,5818 3019,5818 3019,5818 3019,5817 3020,5816 3020,5812 3022,5810 3026,5810 3028,5813 3028,5814 3029,5814 3030,5814 3032,5817 3032,5818 3033,5818 3183,5818 3184,5819 3185,5819 3185,5820 3185,5821 3187,5822 3326,5822 3326,5822 3326,5780 3328,5778 3329,5778 3329,5778 3330,5777 3330,5776 3332,5774 3337,5774 3338,5773 3338,5772 3340,5770 3345,5770 3346,5772 3346,5773 3348,5774 3353,5774 3355,5777 3355,5778 3356,5778 3357,5778 3358,5780 3358,5789 3360,5790 3361,5790 3362,5792 3362,5793 3363,5794 3363,5806 3364,5806 3442,5806 3443,5808 3443,5822 3444,5822 3761,5822 3761,5822 3761,5777 3762,5776 3762,5775 3763,5774 3769,5774 3769,5774 3769,5773 3772,5770 3789,5770 3790,5772 3790,5822 3791,5822 3979,5822 3979,5822 3979,5821 3982,5818 3984,5821 3984,5822 3985,5822 4042,5822 4043,5823 4044,5823 4044,5824 4044,5887 4045,5887 4051,5887 4052,5889 4052,5890 4051,5891 4050,5891 4048,5893 4048,5898 4047,5899 4046,5899 4044,5901 4044,5902 4043,5903 3981,5903 3980,5904 3980,5905 3978,5907 3949,5907 3947,5909 3947,5910 3946,5911 3460,5911 3459,5912 3459,5970 3459,5970"/><TextEquiv index="1"><Unicode>amitiés. Je lui en fis autant qu'aux deux</Unicode></TextEquiv></TextLine><TextLine id="r0_l029"><Coords points="3651,6170 3650,6170 3650,6114 3650,6113 3357,6113 3354,6111 3354,6110 3354,6109 2808,6109 2804,6113 2679,6113 2677,6112 2677,6111 2676,6109 2428,6109 2427,6110 2427,6112 2426,6113 2425,6113 2422,6111 2422,6110 2422,6109 1988,6109 1987,6110 1987,6112 1986,6113 1923,6113 1922,6114 1922,6170 1922,6170 1905,6170 1904,6170 1904,6114 1904,6113 1851,6113 1850,6114 1850,6164 1848,6166 1847,6166 1846,6167 1846,6168 1845,6169 1840,6169 1838,6168 1838,6166 1838,6165 1812,6165 1809,6163 1809,6162 1809,6161 1795,6161 1794,6161 1794,6159 1793,6158 1793,6146 1793,6145 1642,6145 1641,6145 1641,6144 1640,6143 1640,6118 1640,6117 1489,6117 1487,6116 1487,6115 1486,6113 1307,6113 1306,6114 1306,6164 1305,6165 1304,6165 1301,6168 1301,6169 1301,6169 1275,6169 1274,6169 1274,6168 1272,6165 1271,6165 1269,6164 1269,6114 1269,6113 1073,6113 1072,6114 1072,6115 1071,6116 1070,6117 1069,6117 1068,6118 1068,6131 1066,6133 1065,6133 1064,6134 1064,6139 1051,6152 1051,6153 1051,6153 1045,6153 1044,6154 1044,6159 1043,6160 1043,6161 1043,6161 1042,6161 1039,6164 1039,6165 1039,6165 1037,6165 1035,6164 1035,6163 1034,6161 1033,6161 1032,6161 1032,6160 1031,6159 1031,6114 1031,6113 925,6113 922,6111 922,6039 923,6038 923,6037 924,6036 934,6036 934,6036 934,6035 937,6032 942,6032 942,6032 942,6031 945,6028 1156,6028 1156,6028 1156,6014 1158,6012 1176,6012 1176,6013 1176,6014 1179,6016 1358,6016 1358,6016 1358,5978 1361,5975 1366,5975 1366,5975 1366,5974 1369,5971 1376,5971 1377,5972 1378,5972 1378,5973 1378,5974 1381,5976 1382,5976 1382,5977 1382,5990 1385,5992 1386,5992 1386,5993 1386,6024 1387,6024 1567,6024 1568,6026 1568,6027 1570,6028 1575,6028 1576,6030 1576,6031 1577,6031 1578,6032 1579,6032 1580,6033 1737,6033 1737,6033 1737,5978 1740,5975 1741,5975 1741,5975 1741,5974 1744,5971 1764,5971 1765,5973 1765,6033 1766,6033 1767,6033 1768,6032 1770,6030 1770,6029 1771,6028 1781,6028 1781,6028 1781,6027 1782,6026 1782,6025 1783,6024 1951,6024 1951,6024 1951,5977 1952,5976 1953,5976 1955,5974 1955,5973 1956,5972 1957,5972 1958,5971 1965,5971 1975,5982 1975,6024 1976,6024 2330,6024 2330,6024 2330,5973 2331,5972 2332,5972 2337,5967 2341,5967 2342,5966 2347,5966 2349,5968 2350,5968 2350,5969 2350,5970 2353,5972 2354,5972 2354,5973 2354,6020 2355,6020 2592,6020 2592,6020 2592,6010 2594,6008 2596,6008 2596,6009 2596,6024 2597,6024 2886,6024 2886,6024 2886,5974 2888,5972 2889,5972 2891,5970 2891,5969 2892,5968 2893,5968 2894,5967 2902,5967 2903,5966 2903,5965 2904,5964 2905,5964 2906,5963 2909,5963 2911,5966 2911,5967 2912,5967 3082,5967 3083,5968 3084,5968 3084,5969 3084,5970 3087,5972 3088,5972 3088,5973 3088,6024 3089,6024 3357,6024 3359,6022 3359,6021 3360,6020 3369,6020 3375,6027 3375,6028 3376,6028 3435,6028 3435,6028 3435,6013 3436,6012 3437,6012 3438,6011 3439,6011 3439,6011 3439,6006 3441,6004 3442,6004 3443,6003 3443,5994 3446,5991 3447,5991 3447,5991 3447,5982 3450,5979 3451,5979 3451,5979 3451,5974 3455,5970 3460,5970 3461,5971 3606,5971 3607,5972 3608,5972 3608,5973 3608,5974 3610,5975 3614,5975 3615,5976 3616,5976 3616,5977 3616,5978 3617,5979 3617,6024 3618,6024 3672,6024 3673,6026 3673,6027 3675,6028 3826,6028 3826,6028 3826,6018 3828,6016 3829,6016 3830,6015 3830,5982 3833,5979 3834,5979 3834,5979 3834,5978 3836,5976 3837,5976 3838,5975 3840,5975 3841,5976 3842,5976 3842,5977 3842,5978 3845,5980 3850,5980 3850,5981 3850,5982 3851,5983 3853,5984 3854,5984 3854,5985 3854,5986 3857,5988 3858,5988 3858,5989 3858,6016 3859,6016 3963,6016 3963,6017 3963,6018 3964,6019 3964,6020 3965,6020 3966,6020 3968,6022 3968,6023 3968,6024 3969,6024 3986,6024 3992,6031 3992,6052 3993,6052 4039,6052 4040,6054 4040,6055 4043,6057 4044,6057 4044,6058 4044,6075 4043,6076 3989,6076 3988,6077 3988,6102 3987,6103 3987,6104 3986,6105 3981,6105 3979,6107 3979,6108 3978,6109 3888,6109 3887,6110 3887,6111 3885,6113 3657,6113 3656,6114 3656,6170 3656,6170"/><TextEquiv index="1"><Unicode>nymphes, qui avoient eu la bonté de s'at-</Unicode></TextEquiv></TextLine><TextLine id="r0_l030"><Coords points="2026,6339 2023,6337 2023,6336 2023,6335 2022,6335 2019,6333 2019,6311 2019,6310 1550,6310 1548,6312 1548,6313 1547,6314 1391,6314 1390,6315 1390,6322 1390,6322 1309,6322 1308,6323 1305,6323 1304,6322 1303,6322 1302,6322 1302,6321 1300,6318 960,6318 959,6318 959,6317 957,6314 952,6314 951,6314 951,6313 951,6312 949,6310 948,6310 947,6310 947,6309 945,6306 944,6306 943,6306 943,6247 943,6246 937,6246 934,6244 934,6243 934,6242 933,6242 931,6241 931,6240 930,6239 930,6237 931,6236 931,6235 932,6234 933,6234 935,6232 935,6231 936,6230 937,6230 939,6228 939,6227 940,6226 945,6226 947,6224 947,6223 948,6222 949,6222 950,6221 956,6221 957,6222 958,6222 959,6223 959,6224 959,6225 961,6226 966,6226 967,6228 967,6229 968,6229 1156,6229 1156,6229 1156,6184 1159,6181 1160,6181 1160,6181 1160,6180 1163,6177 1172,6177 1172,6177 1172,6176 1173,6175 1173,6174 1174,6173 1176,6173 1176,6174 1176,6175 1181,6180 1181,6189 1182,6189 1183,6189 1185,6192 1185,6230 1186,6230 1511,6230 1511,6230 1511,6180 1518,6173 1526,6173 1528,6176 1528,6177 1529,6177 1530,6177 1531,6179 1531,6180 1532,6181 1532,6185 1533,6185 1534,6185 1536,6188 1536,6193 1537,6193 1538,6193 1540,6196 1540,6201 1541,6201 1542,6201 1544,6204 1544,6213 1545,6213 1546,6213 1548,6216 1548,6225 1549,6225 1674,6225 1675,6226 1676,6226 1676,6227 1677,6228 1677,6229 1679,6230 1897,6230 1898,6229 1898,6176 1901,6173 1902,6173 1902,6173 1902,6172 1904,6170 1922,6170 1923,6172 1923,6229 1924,6229 1925,6229 1927,6232 1927,6278 1928,6278 2144,6278 2144,6278 2144,6261 2145,6260 2145,6259 2146,6258 2147,6258 2149,6256 2149,6255 2150,6254 2151,6254 2152,6253 2152,6249 2153,6248 2153,6247 2154,6246 2155,6246 2156,6245 2157,6244 2157,6243 2158,6242 2159,6242 2161,6240 2161,6239 2162,6238 2164,6238 2164,6238 2164,6201 2165,6200 2165,6199 2167,6197 2168,6197 2169,6196 2169,6195 2171,6193 2172,6193 2173,6192 2173,6191 2175,6189 2180,6189 2181,6188 2181,6187 2183,6185 2199,6185 2200,6186 2201,6186 2201,6187 2201,6188 2203,6189 2207,6189 2208,6190 2209,6190 2209,6191 2209,6192 2211,6193 2216,6193 2217,6195 2217,6200 2220,6202 2221,6202 2221,6203 2221,6221 2222,6221 2431,6221 2431,6221 2431,6175 2433,6173 2434,6173 2435,6172 2435,6171 2437,6169 2442,6169 2443,6168 2443,6167 2445,6165 2454,6165 2455,6167 2455,6168 2456,6168 2457,6169 2458,6169 2459,6171 2459,6221 2460,6221 2652,6221 2652,6221 2652,6209 2653,6208 2653,6207 2655,6205 2656,6205 2656,6205 2656,6197 2657,6196 2657,6195 2659,6193 2660,6193 2661,6192 2661,6191 2663,6189 2664,6189 2665,6188 2665,6187 2667,6185 2668,6185 2669,6184 2669,6179 2671,6177 2672,6177 2672,6177 2673,6176 2673,6175 2675,6173 2680,6173 2681,6172 2681,6171 2683,6169 2704,6169 2705,6171 2705,6172 2707,6173 2708,6173 2709,6175 2709,6176 2711,6177 2712,6177 2713,6179 2713,6222 2714,6222 2749,6222 2750,6224 2750,6225 2751,6225 2971,6225 2971,6225 2971,6224 2973,6222 2974,6222 2975,6221 3072,6221 3072,6221 3072,6183 3074,6181 3145,6181 3145,6181 3145,6179 3147,6177 3148,6177 3148,6177 3148,6176 3151,6173 3152,6173 3152,6173 3152,6172 3155,6169 3164,6169 3165,6168 3165,6167 3167,6165 3184,6165 3185,6167 3185,6168 3186,6169 3187,6169 3188,6169 3189,6171 3189,6172 3190,6173 3191,6173 3192,6173 3193,6175 3193,6225 3194,6225 3487,6225 3487,6225 3487,6224 3489,6222 3490,6222 3491,6221 3649,6221 3649,6221 3649,6171 3650,6170 3656,6170 3657,6172 3657,6173 3658,6173 3664,6173 3665,6175 3665,6181 3666,6181 3667,6181 3668,6182 3669,6182 3669,6183 3669,6193 3670,6193 3671,6193 3672,6194 3673,6194 3673,6195 3673,6201 3674,6201 3675,6201 3677,6204 3677,6209 3678,6209 3679,6209 3681,6212 3681,6225 3682,6225 3947,6225 3947,6225 3947,6224 3950,6221 4033,6221 4034,6222 4035,6222 4036,6224 4036,6225 4037,6225 4038,6225 4040,6228 4040,6286 4041,6286 4059,6286 4060,6288 4060,6289 4061,6290 4062,6290 4063,6290 4064,6292 4064,6293 4062,6295 4061,6295 4060,6296 4060,6297 4059,6298 4058,6298 4056,6300 4056,6301 4055,6302 4033,6302 4032,6303 4032,6305 4031,6306 4022,6306 4020,6308 4020,6309 4019,6310 3445,6310 3443,6312 3443,6313 3442,6314 3046,6314 3045,6315 3044,6315 3043,6314 2888,6314 2886,6313 2886,6312 2885,6310 2719,6310 2717,6309 2717,6308 2716,6306 2530,6306 2527,6309 2527,6310 2527,6310 2526,6310 2523,6313 2523,6314 2523,6314 2513,6314 2512,6314 2512,6313 2510,6310 2497,6310 2495,6309 2495,6308 2494,6306 2268,6306 2265,6309 2265,6310 2265,6310 2061,6310 2060,6311 2060,6313 2058,6315 2049,6315 2048,6316 2048,6317 2047,6318 2046,6318 2044,6320 2044,6329 2043,6330 2042,6330 2040,6332 2040,6333 2038,6335 2033,6335 2032,6336 2032,6337 2030,6339"/><TextEquiv index="1"><Unicode>tacher à moi, &amp; de ſe conſacrer à mes</Unicode></TextEquiv></TextLine><TextLine id="r0_l031"><Coords points="2819,6570 2818,6570 2818,6513 2818,6512 2312,6512 2310,6514 2310,6515 2309,6516 2162,6516 2161,6517 2161,6546 2160,6547 2160,6548 2160,6548 2159,6548 2157,6550 2157,6554 2156,6555 2156,6556 2156,6556 2126,6556 2124,6555 2124,6517 2124,6516 1622,6516 1620,6518 1620,6536 1620,6536 1618,6536 1616,6535 1616,6525 1616,6524 1586,6524 1584,6523 1584,6522 1583,6520 1582,6520 1580,6519 1580,6513 1580,6512 1448,6512 1447,6513 1447,6570 1447,6570 1444,6570 1443,6570 1443,6513 1443,6512 1227,6512 1225,6511 1225,6510 1224,6508 1000,6508 999,6509 999,6555 994,6560 948,6560 947,6560 947,6546 949,6544 950,6544 951,6543 951,6542 953,6540 954,6540 955,6539 955,6450 953,6447 952,6447 951,6447 951,6446 949,6443 944,6443 943,6443 943,6433 945,6431 946,6431 947,6430 947,6429 949,6427 954,6427 955,6426 955,6425 957,6423 1035,6423 1035,6423 1035,6386 1036,6385 1036,6384 1037,6383 1038,6383 1040,6381 1040,6380 1041,6379 1050,6379 1052,6377 1052,6376 1053,6375 1272,6375 1273,6374 1273,6373 1275,6371 1285,6371 1285,6372 1285,6373 1288,6375 1297,6375 1297,6376 1297,6377 1300,6379 1301,6379 1301,6380 1301,6381 1302,6382 1302,6427 1303,6427 1421,6427 1423,6430 1423,6431 1424,6431 1592,6431 1592,6431 1592,6377 1594,6375 1656,6375 1656,6376 1656,6377 1659,6379 1660,6379 1660,6380 1660,6381 1661,6382 1661,6427 1662,6427 1846,6427 1846,6427 1846,6393 1848,6391 1849,6391 1850,6390 1850,6390 1850,6389 1852,6387 1853,6387 1854,6386 1854,6385 1856,6383 1861,6383 1862,6382 1862,6381 1864,6379 1878,6379 1878,6380 1878,6386 1880,6387 1881,6387 1882,6389 1882,6431 1883,6431 2103,6431 2104,6430 2104,6429 2106,6427 2111,6427 2113,6425 2113,6424 2114,6423 2354,6423 2354,6423 2354,6417 2356,6415 2357,6415 2358,6414 2358,6405 2360,6403 2361,6403 2362,6402 2362,6397 2364,6395 2365,6395 2366,6394 2366,6389 2368,6387 2369,6387 2370,6386 2370,6385 2372,6383 2373,6383 2374,6382 2374,6381 2376,6379 2381,6379 2383,6377 2383,6376 2384,6375 2462,6375 2463,6374 2463,6373 2465,6371 2478,6371 2483,6377 2483,6382 2484,6382 2485,6382 2486,6383 2487,6383 2487,6384 2487,6427 2488,6427 2870,6427 2870,6427 2870,6385 2872,6383 2873,6383 2874,6382 2874,6377 2876,6375 2877,6375 2879,6373 2879,6372 2880,6371 2890,6371 2890,6372 2890,6373 2893,6375 3059,6375 3060,6377 3060,6427 3061,6427 3422,6427 3423,6426 3423,6425 3425,6423 3854,6423 3854,6423 3854,6422 3857,6419 3858,6419 3858,6419 3858,6410 3862,6406 3862,6402 3863,6401 3863,6400 3864,6399 3865,6399 3866,6398 3866,6394 3867,6393 3867,6392 3868,6391 3869,6391 3870,6390 3870,6386 3871,6385 3871,6384 3872,6383 3873,6383 3875,6381 3875,6380 3876,6379 3881,6379 3883,6377 3883,6376 3884,6375 3885,6375 3887,6373 3887,6372 3888,6371 3914,6371 3915,6373 3915,6374 3917,6375 3918,6375 3919,6377 3919,6415 3920,6415 3946,6415 3947,6417 3947,6419 3948,6419 4039,6419 4040,6421 4040,6422 4042,6423 4043,6423 4044,6425 4044,6426 4042,6428 4041,6428 4040,6429 4040,6430 4039,6431 4034,6431 4032,6433 4032,6434 4031,6435 4029,6435 4028,6436 4028,6490 4022,6496 4001,6496 4000,6497 4000,6498 3998,6500 3969,6500 3967,6502 3967,6503 3966,6504 3965,6504 3964,6505 3964,6564 3964,6564 3959,6564 3958,6564 3958,6509 3958,6508 3686,6508 3685,6509 3685,6563 3684,6564 3642,6564 3641,6564 3641,6563 3639,6560 3638,6560 3637,6560 3637,6513 3637,6512 3179,6512 3177,6514 3177,6515 3176,6516 3163,6516 3160,6514 3160,6513 3160,6512 2827,6512 2826,6513 2826,6570 2826,6570"/><TextEquiv index="1"><Unicode>plaiſirs. Je la queſtionnai beaucoup ſur</Unicode></TextEquiv></TextLine><TextLine id="r0_l032"><Coords points="3126,6770 3125,6770 3125,6769 3123,6766 3122,6766 3121,6766 3121,6765 3120,6764 3120,6718 3120,6717 2950,6717 2949,6718 2908,6718 2907,6719 2907,6721 2907,6721 2906,6721 2905,6722 2902,6720 2902,6719 2902,6718 2650,6718 2649,6719 2649,6720 2647,6722 2510,6722 2507,6720 2507,6719 2507,6718 2295,6718 2294,6719 2294,6720 2292,6722 2252,6722 2249,6720 2249,6719 2249,6718 2017,6718 2015,6720 2015,6721 2014,6722 2006,6722 2003,6720 2003,6719 2003,6718 1783,6718 1782,6719 1782,6724 1780,6726 1779,6726 1778,6727 1778,6731 1777,6732 1777,6733 1776,6734 1775,6734 1774,6735 1774,6736 1772,6738 1767,6738 1765,6740 1765,6741 1764,6742 1763,6742 1761,6744 1761,6745 1760,6746 1755,6746 1753,6748 1753,6749 1752,6750 1739,6750 1737,6749 1737,6719 1737,6718 1529,6718 1527,6720 1527,6721 1526,6722 1522,6722 1519,6720 1519,6719 1519,6718 1518,6718 1515,6716 1515,6715 1515,6714 1311,6714 1310,6715 1310,6716 1308,6718 1304,6718 1302,6717 1302,6716 1301,6714 1296,6714 1294,6713 1294,6712 1293,6710 1061,6710 1060,6711 1060,6712 1058,6714 1057,6714 1056,6715 1056,6716 1054,6718 960,6718 959,6719 959,6720 957,6722 956,6722 955,6723 955,6740 953,6742 952,6742 951,6743 951,6749 950,6750 949,6750 946,6748 946,6747 946,6746 945,6746 943,6745 943,6740 942,6738 941,6738 939,6737 939,6727 940,6726 941,6726 943,6724 943,6711 944,6710 945,6710 947,6708 947,6703 948,6702 949,6702 951,6700 951,6691 953,6689 958,6689 959,6688 959,6687 961,6685 963,6685 963,6685 963,6675 965,6673 966,6673 967,6672 967,6583 965,6580 964,6580 963,6580 963,6570 965,6568 989,6568 990,6569 991,6569 991,6570 991,6588 992,6588 1184,6588 1185,6587 1185,6586 1186,6585 1187,6585 1189,6583 1189,6582 1190,6581 1191,6581 1193,6579 1193,6578 1194,6577 1195,6577 1197,6575 1197,6574 1199,6572 1227,6572 1228,6573 1229,6573 1229,6574 1229,6575 1231,6576 1239,6576 1240,6577 1437,6577 1439,6575 1439,6574 1440,6573 1441,6573 1444,6570 1447,6570 1451,6575 1451,6576 1452,6576 1660,6576 1660,6576 1660,6575 1663,6572 1671,6572 1673,6575 1673,6633 1674,6633 1676,6633 1676,6634 1676,6635 1678,6636 1679,6637 1680,6637 1681,6639 1681,6652 1683,6653 1684,6653 1684,6654 1684,6655 1685,6656 1685,6681 1686,6681 1890,6681 1890,6681 1890,6644 1891,6643 1891,6642 1892,6641 1893,6641 1895,6639 1895,6638 1896,6637 1897,6637 1899,6635 1899,6634 1900,6633 1901,6633 1902,6632 1902,6628 1903,6627 1903,6626 1904,6625 1905,6625 1906,6624 1906,6616 1907,6615 1907,6614 1908,6613 1909,6613 1910,6612 1910,6604 1911,6603 1911,6602 1912,6601 1913,6601 1914,6600 1914,6596 1915,6595 1915,6594 1916,6593 1917,6593 1919,6591 1919,6586 1920,6585 1921,6585 1923,6583 1923,6582 1924,6581 1925,6581 1927,6579 1927,6578 1928,6577 1929,6577 1930,6576 1957,6576 1966,6585 1967,6585 1967,6586 1967,6625 1968,6625 2213,6625 2213,6625 2213,6582 2214,6581 2215,6581 2224,6572 2231,6572 2232,6573 2233,6573 2233,6574 2233,6625 2234,6625 2293,6625 2294,6627 2294,6628 2296,6629 2522,6629 2524,6627 2524,6626 2525,6625 2756,6625 2758,6623 2758,6622 2759,6621 2760,6621 2762,6619 2762,6618 2763,6617 2810,6617 2810,6617 2810,6574 2811,6573 2812,6573 2813,6572 2817,6572 2819,6570 2899,6570 2901,6568 2925,6568 2927,6571 2927,6572 2928,6572 2929,6572 2931,6575 2931,6580 2932,6580 2933,6580 2935,6583 2935,6629 2936,6629 3224,6629 3225,6628 3225,6627 3227,6625 3269,6625 3269,6625 3269,6588 3270,6587 3270,6586 3271,6585 3272,6585 3274,6583 3274,6582 3275,6581 3276,6581 3278,6579 3278,6578 3280,6576 3402,6576 3403,6575 3403,6574 3404,6573 3405,6573 3406,6572 3407,6571 3407,6570 3409,6568 3474,6568 3475,6570 3475,6625 3476,6625 3942,6625 3943,6624 3943,6623 3945,6621 3947,6621 3947,6621 3947,6570 3948,6569 3949,6569 3954,6564 3966,6564 3967,6566 3967,6605 3968,6605 4007,6605 4008,6607 4008,6608 4010,6609 4011,6609 4012,6611 4012,6612 4014,6613 4027,6613 4028,6615 4028,6616 4030,6617 4031,6617 4032,6619 4032,6672 4034,6673 4035,6673 4036,6675 4036,6676 4034,6678 4033,6678 4032,6679 4032,6688 4031,6689 4030,6689 4028,6691 4028,6696 4027,6697 4026,6697 4025,6698 4017,6698 4016,6699 4016,6700 4015,6701 4015,6701 4014,6701 4013,6702 3969,6702 3967,6704 3967,6705 3967,6705 3966,6705 3965,6706 3896,6706 3895,6707 3895,6708 3893,6710 3811,6710 3810,6711 3810,6717 3810,6717 3809,6717 3808,6718 3805,6718 3804,6717 3803,6717 3802,6717 3802,6716 3801,6714 3607,6714 3549,6714 3548,6715 3548,6716 3546,6718 3178,6718 3177,6719 3177,6761 3176,6762 3175,6762 3173,6764 3173,6765 3172,6766 3142,6766 3141,6767 3141,6768 3140,6769 3140,6770 3140,6770"/><TextEquiv index="1"><Unicode>la Société, ſur les motifs qu'elle avoit</Unicode></TextEquiv></TextLine></TextRegion></Page></PcGts>