4266 8273
369 698 3558 992 eu pour s'emparer de moi. „Parlez à
373 959 3554 1175 “notré chef, me dit-elle; il vous ex-
56 1166 3570 1398 “pliquera tout cela, mieux que je ne
56 1374 2425 1611 “pourrois le faire.“
1406 2130 2179 2373 Suite.
393 2366 1097 2568 L
84 2549 3574 3017 loiu ounree ui dea ee e itſt
393 2981 3558 3204 “qué je ſois ſi connu parmi vous? On
393 3188 3578 3404 “vante ma force, mon courage, les reſ-
76 3375 3635 3619 “ſources de mon eſprit, ma prudence &
92 3578 3582 3809 “ma diſcrétion. Comment me connoît-
113 3775 3818 4010 “on toutes ces qualités-là?“ -- „Oh tat
80 3989 3578 4218 “nous vous avons éprouvé, répondit-il.“
219 4192 3578 4453 -- „Et quand, & comment, repris-je?“
401 4402 3599 4611 - Quand vous avez déployé vos bril-
214 4598 3794 4831 “lantes qualités, dans les derniers acci-
406 4774 3928 5047 “dens que vous avez éprouvés; quand on
410 5007 3607 5215 vous a attaqué dans la rue, & que vous
410 5209 3603 5441 “avez ſu diſſiper les brigands; quand
410 5400 3603 5624 “vous avez paru le lendemain devant un
413 5607 3619 5856 “prétendu Juge de paix; quand vous
418 5816 3627 6027 “vous êtes défendu comme un lion, pour
426 6014 3615 6243 “éviter la priſon; quand vous avez ſu
121 6206 3619 6454 “vous nourrir ſi ſingulièrement dans le
442 6409 3623 6646 “cachot, & vous en échapper, & ter-
2561 6645 2911 6841 vi
