4266 8288
195 881 3502 1095 “que la juſtice de deſſus terre ne déclare
318 1089 3523 1298 “la guerre à celle de deſſous. On vous
321 1293 3494 1498 „demandera peut-être qui vous a donné
313 1497 3514 1704 “le droit que vous vous arrogez ſur les
321 1701 3519 1900 “hommes, qui les a foumis à votre tri-
35 1900 3490 2106 “bunal, qui vous a permis de les punir
326 2097 3498 2309 “par la bourſe, & de confiſquer les
321 2298 3511 2506 “amendes à votre profit?“ -- „Dieu
11 2503 3490 2718 “& mon épée, répondit le Brigand.“
11 2706 3498 2914 -- „On prendra ce mot, repris-je, pour
52 2906 3502 3115 “un blaſphême dans votre bouche. On
309 3114 3494 3310 “vous trouvera criminel de lèſe-Majeſté,
317 3318 3498 3515 “de vous comparer ainſi aux Souverains.
174 3510 3506 3719 “Votre épée eſt, en effet, l'inſtrument
318 3706 3518 3921 “qui vous aſſure les biens que vous confiſ-
317 3914 3502 4120 “quez ſur les coupables; quant à Dieu,
322 4121 3507 4328 „je ne vois pas qu'il entre pour rien dans
322 4332 1364 4471 „tout cela.“
522 4519 3523 4725 Le brigand fronça le ſourcil. „Mon
330 4723 3498 4929 “petit Céſar, me dit-il, vous êtes jeune,
334 4927 3506 5131 “vous avez des préjugés; mais on vous
335 5129 1450 5328 “en guérira.“
375 5327 3572 5545 On me fit voir tous les eſclaves, qui
89 5531 3576 5740 étoient tous, comme je l'ai dit, des pre-
338 5733 3515 5936 mières conditions. J'en connoiſſois plu-
338 5931 3502 6140 ſieurs, & ils rougirent en m'appercevant.
97 6127 3515 6344 Les captives m'offrirent un ſpectacle plus
350 6337 3518 6547 intéreſſant. Il y en avoit pluſieurs de
358 6528 3527 6748 belles, de jolies & de gentilles. On me
