4266 8026
3465 117 3674 245 L
2152 608 2668 793 n.
879 832 3924 1048 donna, pour me ſervir, quatre valets &
875 1036 3929 1242 quatre ſervantes; les quatre premiers
871 1229 3928 1436 étoient un Lord, un Duc, un Colonel &
875 1433 3936 1636 un dignitaire Eccléſiaſtique. Les quatre
875 1621 3940 1796 femmes étoient une Ducheſſe, une Mar-
879 1810 3940 2048 quiſe, une Comteſſe & une Danſeuſe de
867 2020 1458 2221 l'Opéra.
1072 2203 4222 2413 Mes quatre ſervantes me témoignerent
875 2396 4219 2605 le deſir de devenir mes maîtreſſes. Je leur
879 2592 4022 2803 diſtribuai mes faveurs; mais ſans deſcendre
879 2792 3944 2998 à me familiariſer trop avec elles. La
808 2985 3944 3189 nymphe de l'Opéra, comme la plus jolie,
875 3181 3944 3386 paſſa la première. Ses trois rivales titrées
867 3374 3945 3578 en furent très-piquées; mais elles noſerent
875 3566 3948 3776 me le témoigner. Mes quatre valets fai-
871 3763 3941 3970 ſoient leur cour à mes quatre ſoubrettes;
871 3962 3932 4165 mais, briguant l'affection de leur maître,
871 4156 3948 4321 elles maltraitoient & rebutoient ces mal-
871 4353 2677 4557 heureux eſclaves titrés.
1071 4540 3944 4741 Outre ces quatre captives, j'avois deux
875 4739 3932 4934 maîtreſſes, qu'on m'avoit données pour
875 4930 3932 5132 mes menus plaiſirs. Elles s'apperçurent
867 5126 3924 5324 des bontés que j'avois pour celles qui ne
738 5319 3932 5511 devoient que me ſervir. Elles me firent
741 5511 3932 5717 honte de deſcendre ſi bas. Je leur dis que
867 5703 3924 5908 mes courtiſanes n'étoient pas, à mes yeux,
844 5904 3924 6101 au-deſſus de mes ſervantes; & elles furent
859 6093 3920 6310 obligées de me faire la cour, pour avoir
859 6281 2769 6486 leur part de mes faveurs.
