4266 8125
1385 498 1962 681 e
398 704 3303 935 Les maîtreſſes des autres coquins vou-
223 914 3303 1136 lurent auſſi tâter du nouveau-venu, & me le
226 1117 3311 1373 témoignerent, par des agaceries aſſez
63 1313 3307 1525 marquees; ce qui alluma la jalouſie de
123 1513 3311 1721 leurs amans, & fit que je ne fus pas vu
211 1725 3475 1921 de ſi bon œil par les hommes, que par
211 1912 3315 2122 les femmes. La favorite même du grand-
207 2110 3675 2308 maître me témoigna ſa bonne volonté.
215 2304 3315 2508 Il s'en apperçut, & parut concevoir de
175 2504 3316 2710 l'humeur. Elle ſut me rencontrer dans
219 2701 3315 2908 un endroit écarté, où je ne pus l'éviter.
223 2899 3316 3109 Il nous ſurprit enſemble. Il en ſourit,
223 3103 3315 3307 d'un air qui n'étoit pas naturel, & parut
23 3299 3307 3507 vouloir tourner la choſe en plaiſanterie.
155 3495 3311 3705 Il affecta même, depuis ce moment, plus
219 3693 3319 3902 d'amitié pour moi; mais c'étoit pour m'é-
11 3898 1829 4124 blouir & m'aveugler.
243 4090 3308 4346 Je m'appercevois que je ne plaiſois pas
11 4232 3308 4492 à ces Meſſieurs, ni a leur chef. Outre la
11 4465 3327 4693 jalouſie que je leur donnois, je les ſcan-
11 4685 3323 4891 daliſois beaucoup, parce que je ne pou-
11 4882 3323 5088 vois me réſoudre à approuver leurs prin-
11 5080 3319 5285 cipes, ni même à me voir aggrégé dans
10 5258 3319 5481 leur Société. Je les remerciois comme des
10 5468 3319 5714 protecteurs qui vouloient bien m'offrir un
11 5672 3327 5872 aſile & les ſecours de l'hoſpitalité; mais
227 5863 3327 6072 je ne me regardois pas comme un de
235 6059 3491 6268 leurs membres, quoiqu'ils m'euſſent fait
10 6259 3343 6483 une réception en forme. Je brûlois de
