4266 8575
771 826 4240 1063 ſortir de chez eux. Je careſſois aſſez publi-
945 1059 4240 1297 quement leurs maîtreſſes, comptant les
949 1267 4240 1490 engager, par ce manège, à me laiſſer partir
945 1481 4240 1721 pour ſe débaraſſer d'un rival importun;
949 1694 4240 1934 mais le reſſentiment des coquins ne ſ
690 1908 3396 2137 contente pas à ſi bon marché.
1157 2043 4240 2357 A chaque moment je voulois partir. O
949 2333 4240 2549 me retenoit toujours, en me diſant qu
958 2548 4240 2781 le complot ſubſiſtoit, & que, dès qu'o
953 2760 4240 2999 le verroit diſſipé, on me reconduiroit che
953 2970 4240 3213 moi. Je frémiſſois d'impatience, &
962 3205 2595 3422 n'oſois le témoigner.
1178 3375 4240 3631 Enfin, un jour que je crus n'être pa
966 3608 4240 3846 obſervé, je réſolus de m'enfuir; j'enfila
962 3824 4240 4063 un chemin ſouterrein, que je pris poui
703 4036 4240 4278 celui qui m'avoit conduit dans la caverne
962 4247 4240 4458 des voleurs. J'avancai à tâtons; je ſenti
962 4458 4240 4694 une porte, je franchis le feuil; mais,
958 4669 4240 4911 tout-à-coup, un reſſort part, & je me
962 4878 4240 5090 ſens enchaîné. Dans le même inſtant,
941 5089 4240 5509 loeminle de ſerne ct e ſeraie u
978 5509 4240 5753 voilà replongé dans un cachot, plus hor
970 5733 4215 5969 rible que tous ceux que j'ai vus; &, pour
978 5945 4215 6170 comble de diſgrace, c'eſt moi-même qui
974 6149 2539 6395 ſuis venu m'y jeter.
2332 6560 2586 6675 t
