<PcGts xmlns="http://schema.primaresearch.org/PAGE/gts/pagecontent/2017-07-15" xmlns:xsi="http://www.w3.org/2001/XMLSchema-instance" xsi:schemaLocation="http://schema.primaresearch.org/PAGE/gts/pagecontent/2017-07-15 http://schema.primaresearch.org/PAGE/gts/pagecontent/2017-07-15/pagecontent.xsd"><Metadata><Creator>User123</Creator><Created>2020-10-17T17:13:04</Created><LastChange>2020-10-17T17:13:04</LastChange></Metadata><Page imageFilename="0076.png" imageHeight="8015" imageWidth="4266"><TextRegion id="r0" type="paragraph" orientation="0.125"><Coords points="1,1 4264,1 4264,8013 1,8013"/><TextLine id="r0_l001"><Coords points="1652,566 2142,564 2142,749 1652,751"/><TextEquiv index="1"><Unicode>(</Unicode></TextEquiv></TextLine><TextLine id="r0_l002"><Coords points="707,1236 2799,1231 2800,1463 708,1468"/><TextEquiv index="1"><Unicode>Grinciador, à Levrette.</Unicode></TextEquiv></TextLine><TextLine id="r0_l003"><Coords points="-13,1344 170,1344 170,1550 -13,1550"/><TextEquiv index="1"><Unicode></Unicode></TextEquiv></TextLine><TextLine id="r0_l004"><Coords points="2537,1617 3095,1615 3096,1739 2538,1741"/><TextEquiv index="1"><Unicode>Londres.</Unicode></TextEquiv></TextLine><TextLine id="r0_l005"><Coords points="585,1981 585,1981 585,1980 586,1980 588,1979 588,1970 588,1969 589,1969 592,1967 592,1962 592,1961 593,1961 594,1960 595,1960 596,1960 596,1951 598,1948 599,1948 600,1948 599,1945 599,1944 435,1945 434,1944 434,1917 434,1917 405,1917 402,1914 402,1913 402,1913 397,1913 390,1906 390,1899 397,1893 402,1893 402,1892 402,1891 409,1885 413,1885 414,1886 414,1887 416,1889 500,1889 501,1890 639,1889 639,1889 639,1888 642,1885 674,1885 675,1887 675,1888 677,1889 694,1889 695,1891 695,1892 697,1893 702,1893 703,1895 703,1900 702,1901 701,1901 699,1903 699,1912 698,1913 680,1913 679,1914 679,1944 679,1944 677,1944 675,1947 675,1980 673,1981"/><TextEquiv index="1"><Unicode></Unicode></TextEquiv></TextLine><TextLine id="r0_l006"><Coords points="1364,2204 1363,2203 1363,2152 1362,2152 391,2154 391,2153 391,2152 388,2150 379,2150 379,2149 379,2148 377,2146 376,2146 375,2146 375,2145 375,2143 374,2142 374,2141 375,2140 375,2139 376,2138 377,2138 379,2136 379,2135 378,2135 96,2135 95,2134 94,2134 94,2134 94,2132 95,2130 96,2130 98,2129 98,2120 98,2119 105,2119 106,2119 106,2116 106,2115 107,2115 108,2114 421,2114 422,2113 422,2060 423,2059 424,2059 426,2057 426,2025 428,2023 429,2023 430,2022 430,2009 430,2009 432,2009 433,2008 490,2008 491,2007 514,2007 515,2006 519,2006 520,2005 523,2005 524,2004 526,2003 527,2002 528,2002 529,2001 530,2001 531,2000 578,2000 580,1999 580,1994 581,1992 582,1992 584,1991 584,1982 584,1981 673,1981 674,1980 675,1981 675,1991 676,1992 677,1992 679,1994 679,2008 679,2008 828,2008 829,2009 1152,2008 1154,2010 1154,2011 1154,2011 1155,2012 1156,2012 1157,2013 2838,2009 2839,2008 2840,2008 2842,2007 2842,2006 2843,2004 2852,2004 2854,2003 2854,2002 2855,2000 3136,2000 3140,1996 3153,1996 3154,1996 3154,1997 3156,2000 3161,2000 3162,2000 3162,2001 3163,2002 3163,2050 3163,2051 3276,2050 3277,2051 3385,2051 3389,2055 3397,2055 3400,2058 3400,2063 3400,2063 3401,2063 3404,2066 3404,2083 3404,2083 3461,2083 3463,2085 3463,2086 3464,2087 3465,2087 3467,2089 3467,2094 3465,2095 3464,2095 3463,2097 3463,2102 3461,2103 3448,2103 3447,2105 3447,2106 3445,2107 3400,2107 3400,2108 3400,2121 3397,2123 3396,2123 3396,2124 3396,2125 3393,2127 3392,2127 3392,2128 3392,2129 3389,2131 3388,2131 3388,2132 3388,2133 3386,2134 3373,2134 3372,2136 3372,2137 3370,2138 3222,2139 3222,2139 3222,2140 3220,2142 3083,2142 3083,2142 3083,2145 3082,2146 2561,2147 2561,2148 2561,2150 2560,2150 2559,2150 2557,2153 2557,2157 2553,2161 2553,2162 2552,2162 2543,2162 2541,2165 2541,2166 2540,2166 2535,2166 2533,2169 2533,2170 2532,2170 1431,2173 1431,2173 1431,2190 1430,2191 1430,2192 1429,2194 1428,2194 1427,2194 1427,2195 1425,2198 1420,2198 1419,2198 1419,2199 1418,2201 1417,2201 1416,2202 1377,2202 1375,2204"/><TextEquiv index="1"><Unicode>A chère petite Levrette, te ſouviens-</Unicode></TextEquiv></TextLine><TextLine id="r0_l007"><Coords points="2034,2372 2031,2370 2031,2369 2031,2368 2030,2368 2028,2367 2028,2366 2027,2365 2027,2337 2027,2336 1903,2336 1902,2335 1511,2336 1510,2337 1510,2338 1509,2339 1509,2340 1509,2340 1488,2340 1487,2339 1168,2340 1164,2336 997,2336 996,2335 938,2336 936,2334 936,2333 935,2332 657,2332 656,2332 656,2331 654,2328 622,2328 621,2327 404,2328 403,2327 403,2326 401,2324 396,2324 395,2323 395,2322 394,2321 393,2320 392,2320 391,2319 391,2318 389,2316 388,2316 387,2315 387,2314 386,2313 386,2293 386,2293 184,2293 183,2292 182,2292 181,2292 181,2291 179,2288 178,2288 177,2288 177,2283 175,2280 174,2280 173,2280 173,2279 171,2276 170,2276 169,2276 169,2275 167,2272 166,2272 165,2272 165,2271 163,2268 162,2268 161,2268 161,2259 162,2258 162,2257 139,2257 138,2257 138,2256 137,2255 137,2254 137,2253 124,2253 122,2252 122,2251 121,2250 121,2249 122,2248 122,2246 123,2245 144,2245 146,2248 146,2249 147,2249 394,2249 394,2248 394,2243 401,2237 409,2237 410,2238 410,2239 412,2241 651,2240 651,2240 651,2204 653,2202 654,2202 655,2201 655,2200 657,2198 658,2198 659,2197 661,2197 662,2198 663,2198 663,2199 663,2200 665,2201 669,2201 670,2202 671,2202 671,2203 671,2204 674,2206 675,2206 675,2207 675,2212 678,2214 679,2214 679,2215 679,2245 680,2245 872,2245 873,2246 873,2251 875,2253 959,2253 960,2254 1363,2253 1363,2252 1363,2204 1364,2204 1375,2204 1376,2205 1428,2205 1429,2206 1430,2206 1430,2206 1430,2207 1431,2208 1432,2209 1433,2209 1434,2210 1434,2211 1435,2212 1436,2213 1437,2213 1438,2214 1438,2253 1439,2254 1509,2253 1509,2254 1509,2255 1510,2256 1510,2257 1511,2257 1933,2256 1933,2256 1933,2215 1935,2213 1936,2213 1937,2212 1937,2207 1938,2206 1939,2206 1940,2205 1954,2205 1955,2206 1956,2206 1956,2207 1956,2228 1957,2228 2194,2228 2194,2227 2194,2226 2196,2225 2197,2225 2198,2223 2198,2222 2200,2221 2209,2221 2209,2220 2209,2219 2212,2217 2213,2217 2213,2216 2213,2215 2216,2213 2229,2213 2229,2212 2229,2211 2232,2209 2237,2209 2237,2208 2237,2207 2240,2205 2255,2205 2256,2206 2612,2205 2613,2203 2613,2202 2614,2202 2615,2202 2616,2201 2778,2201 2779,2199 2779,2198 2780,2198 2782,2198 2783,2197 2790,2197 2791,2195 2791,2194 2792,2194 2794,2194 2795,2195 2795,2196 2797,2198 2802,2198 2803,2199 2803,2200 2804,2201 2805,2202 2806,2202 2807,2203 2807,2204 2808,2205 2809,2205 2810,2206 2810,2245 2811,2246 2960,2245 2961,2247 2961,2248 2963,2249 3229,2249 3229,2248 3229,2205 3230,2204 3230,2202 3231,2202 3232,2202 3233,2201 3237,2201 3238,2199 3238,2198 3239,2198 3240,2198 3241,2197 3443,2196 3445,2194 3450,2194 3451,2193 3451,2192 3453,2190 3474,2190 3475,2192 3475,2193 3477,2194 3482,2194 3483,2196 3483,2208 3482,2209 3478,2209 3477,2210 3476,2210 3475,2211 3475,2212 3474,2213 3464,2213 3463,2214 3463,2264 3462,2265 3456,2265 3455,2266 3455,2323 3454,2324 3453,2324 3452,2325 3451,2326 3451,2327 3450,2328 3422,2328 3419,2331 3419,2332 3419,2332 3370,2332 3368,2334 3368,2335 3367,2336 3350,2336 3349,2336 3349,2335 3347,2332 3342,2332 3341,2332 3341,2331 3339,2328 3065,2329 3064,2329 3064,2337 3063,2338 3063,2339 3063,2340 3062,2340 3060,2341 3060,2345 3046,2360 3038,2360 3036,2362 3036,2363 3036,2363 3035,2363 3034,2364 3026,2364 3024,2363 3024,2336 3024,2335 2385,2336 2384,2335 2069,2336 2067,2338 2067,2351 2066,2352 2065,2352 2063,2354 2063,2359 2062,2360 2061,2360 2059,2362 2059,2363 2058,2364 2057,2364 2056,2365 2055,2366 2055,2367 2054,2368 2041,2368 2039,2370 2039,2371 2038,2372"/><TextEquiv index="1"><Unicode>tu de ton ancien ami, Grinciador, chef</Unicode></TextEquiv></TextLine><TextLine id="r0_l008"><Coords points="1593,2589 1593,2589 1593,2588 1592,2587 1592,2535 1591,2534 1445,2534 1444,2533 1380,2534 1379,2532 1379,2531 1377,2530 1190,2530 1189,2532 1189,2533 1187,2534 1065,2534 1065,2535 1065,2586 1064,2586 1056,2586 1056,2586 1056,2535 1055,2534 909,2535 909,2535 909,2578 908,2579 908,2580 907,2581 870,2581 869,2579 869,2569 868,2569 696,2569 695,2568 695,2567 694,2566 693,2566 691,2564 691,2563 690,2562 689,2562 687,2560 687,2555 686,2554 685,2554 683,2552 683,2551 682,2550 681,2550 679,2548 679,2547 678,2546 677,2546 675,2544 675,2527 674,2526 633,2526 632,2525 443,2526 442,2524 442,2523 440,2522 404,2522 402,2519 402,2518 401,2518 392,2518 390,2515 390,2514 389,2514 388,2514 382,2507 382,2499 380,2498 379,2498 379,2497 379,2479 380,2478 381,2478 382,2477 382,2465 383,2464 383,2463 383,2463 384,2463 387,2460 387,2459 387,2459 388,2459 391,2456 391,2455 391,2455 396,2455 398,2453 398,2448 399,2447 404,2447 406,2445 406,2444 407,2443 412,2443 414,2441 414,2440 415,2439 426,2439 427,2438 426,2388 427,2388 428,2388 430,2385 430,2384 431,2384 432,2384 433,2383 456,2383 458,2385 458,2386 459,2387 460,2387 462,2389 462,2390 463,2391 476,2391 478,2393 478,2394 479,2395 484,2395 485,2396 486,2406 486,2407 487,2407 489,2408 489,2434 489,2435 519,2435 521,2436 521,2437 522,2439 528,2438 529,2439 531,2439 533,2441 533,2443 533,2443 737,2443 738,2444 738,2445 740,2447 934,2447 936,2445 936,2444 937,2443 939,2443 940,2444 1065,2443 1067,2445 1067,2446 1068,2447 1069,2447 1071,2449 1071,2450 1072,2451 1329,2451 1331,2449 1331,2448 1332,2447 1377,2447 1379,2445 1379,2444 1380,2443 1385,2443 1387,2444 1387,2445 1388,2447 1389,2447 1391,2448 1391,2450 1391,2451 1615,2450 1616,2450 1616,2449 1617,2447 1856,2447 1857,2446 1857,2405 1859,2403 1860,2403 1860,2402 1860,2401 1862,2400 1863,2400 1864,2399 1873,2399 1873,2398 1873,2397 1876,2395 1880,2395 1881,2396 1935,2395 1937,2398 1938,2447 1938,2447 1994,2447 1996,2449 1996,2450 1996,2450 2039,2450 2040,2451 2208,2451 2209,2450 2208,2401 2211,2399 2213,2399 2213,2398 2213,2397 2216,2395 2221,2395 2221,2394 2221,2393 2224,2391 2236,2391 2237,2392 2237,2393 2239,2395 2240,2395 2241,2396 2242,2422 2242,2423 2243,2423 2245,2424 2245,2446 2245,2447 2361,2446 2362,2447 2374,2447 2375,2448 2375,2449 2377,2451 2643,2451 2644,2450 2643,2401 2646,2399 2647,2399 2651,2395 2652,2395 2652,2394 2652,2393 2655,2391 2667,2391 2668,2392 2668,2393 2670,2395 2671,2395 2672,2396 2673,2442 2673,2443 2819,2442 2820,2443 2967,2443 2969,2445 2969,2446 2970,2447 3259,2447 3261,2445 3261,2444 3262,2443 3271,2443 3272,2444 3445,2443 3449,2447 3453,2447 3455,2449 3455,2450 3455,2450 3456,2450 3459,2453 3459,2497 3460,2498 3461,2498 3463,2500 3463,2509 3464,2510 3469,2510 3471,2512 3471,2517 3469,2518 3460,2518 3459,2520 3459,2521 3457,2522 3452,2522 3451,2524 3451,2525 3449,2526 3440,2526 3439,2528 3439,2529 3437,2530 3373,2530 3372,2529 3372,2528 3370,2526 3278,2526 3277,2525 3072,2526 3072,2526 3072,2539 3069,2542 3068,2542 3068,2542 3068,2547 3065,2550 3064,2550 3064,2550 3064,2551 3061,2554 3060,2554 3060,2554 3060,2555 3058,2557 3057,2557 3056,2558 3056,2559 3054,2561 3033,2561 3029,2557 3028,2557 3028,2557 3028,2531 3027,2530 2731,2531 2731,2531 2731,2532 2729,2534 2300,2535 2300,2535 2300,2536 2298,2538 2294,2538 2292,2535 2292,2534 2291,2534 2040,2534 2040,2535 2040,2536 2037,2538 1982,2538 1981,2537 1723,2538 1723,2538 1723,2587 1721,2589"/><TextEquiv index="1"><Unicode>de ce que vous appellez des voleurs, vous</Unicode></TextEquiv></TextLine><TextLine id="r0_l009"><Coords points="1653,2790 1652,2790 1652,2786 1652,2785 1142,2786 1141,2786 1141,2783 1141,2782 855,2783 853,2781 853,2780 852,2779 851,2779 850,2778 465,2779 464,2778 464,2755 464,2755 115,2755 114,2755 114,2754 112,2751 111,2751 110,2751 110,2750 108,2747 99,2747 98,2747 98,2744 98,2743 91,2743 90,2743 90,2734 90,2733 1,2734 0,2733 0,2629 0,2629 654,2627 655,2627 655,2619 656,2617 657,2617 659,2616 659,2615 660,2613 669,2613 671,2612 671,2611 672,2609 677,2609 679,2608 679,2607 680,2605 1046,2604 1047,2604 1047,2603 1048,2601 1049,2601 1051,2600 1051,2591 1052,2589 1053,2589 1054,2589 1055,2588 1055,2587 1055,2586 1065,2586 1067,2588 1067,2589 1067,2589 1381,2589 1383,2590 1383,2591 1384,2593 1389,2593 1391,2595 2857,2591 2859,2589 2868,2589 2870,2588 2870,2587 2871,2585 2876,2585 2877,2586 2877,2587 2879,2589 3263,2589 3265,2590 3265,2591 3266,2593 3267,2593 3269,2594 3269,2637 3270,2638 3312,2637 3313,2639 3313,2640 3314,2640 3362,2640 3363,2641 3364,2641 3364,2642 3364,2643 3367,2645 3368,2645 3368,2646 3368,2651 3371,2653 3372,2653 3372,2654 3372,2664 3373,2664 3454,2664 3455,2666 3455,2667 3457,2668 3458,2668 3459,2670 3459,2687 3458,2688 3457,2688 3455,2690 3455,2691 3454,2692 3385,2692 3384,2693 3384,2718 3378,2724 3116,2725 3113,2728 2875,2728 2874,2729 2874,2730 2873,2731 2733,2732 2732,2732 2732,2736 2731,2737 2731,2738 2731,2739 2730,2739 2728,2740 2728,2748 2727,2749 2727,2750 2727,2751 2726,2751 2723,2753 2723,2754 2723,2755 2722,2755 2719,2757 2719,2758 2719,2759 2714,2759 2711,2761 2711,2762 2711,2763 2698,2763 2696,2764 2696,2765 2695,2767 2389,2767 2388,2768 2388,2769 2386,2771 2385,2771 2384,2772 2384,2773 2382,2775 2377,2775 2376,2776 2376,2777 2374,2779 2369,2779 2368,2780 2368,2781 2366,2783 2349,2784 2348,2784 2348,2785 2347,2787 1661,2788 1660,2789 1660,2790 1660,2790"/><TextEquiv index="1"><Unicode>autres prétendus honnêtes gens, de Grin-</Unicode></TextEquiv></TextLine><TextLine id="r0_l010"><Coords points="2366,2989 2365,2988 2364,2988 2364,2988 2364,2987 2363,2986 2363,2985 2362,2984 2358,2985 2357,2984 2356,2984 2356,2983 2356,2979 2355,2979 988,2981 987,2980 978,2981 977,2980 976,2980 976,2979 976,2978 973,2976 972,2976 972,2975 972,2942 971,2942 -10,2944 -10,2943 -11,2746 -10,2746 1,2746 1,2746 1,2779 1,2780 481,2779 482,2780 651,2779 651,2780 651,2781 653,2782 654,2783 655,2783 655,2784 655,2785 656,2786 656,2787 657,2787 1147,2786 1148,2787 1149,2787 1150,2788 1818,2787 1818,2787 1818,2789 1819,2790 3201,2787 3202,2788 3202,2789 3204,2791 3205,2791 3206,2792 3206,2830 3207,2831 3426,2830 3427,2832 3427,2833 3429,2834 3446,2834 3447,2836 3447,2837 3449,2838 3454,2838 3455,2840 3456,2905 3457,2906 3458,2906 3459,2907 3459,2912 3456,2914 3455,2914 3455,2915 3455,2916 3452,2918 3451,2918 3451,2919 3451,2920 3449,2921 3437,2921 3435,2924 3435,2925 3434,2925 3005,2926 3002,2929 2913,2929 2913,2930 2913,2980 2912,2980 2911,2980 2910,2981 2490,2982 2490,2983 2490,2984 2489,2984 2488,2984 2487,2985 2396,2985 2395,2987 2395,2988 2394,2988 2393,2988 2392,2989"/><TextEquiv index="1"><Unicode>ciador qui a joui de tes appas, pendant</Unicode></TextEquiv></TextLine><TextLine id="r0_l011"><Coords points="1447,3188 1446,3188 1446,3177 1446,3176 625,3178 624,3177 621,3177 620,3177 620,3170 620,3169 443,3170 442,3169 442,3168 440,3166 107,3166 106,3165 87,3165 86,3165 86,3164 88,3162 94,3162 94,3162 94,3160 95,3159 96,3159 98,3157 98,3156 99,3155 430,3155 430,3154 430,3115 430,3115 404,3115 403,3114 403,3113 401,3111 400,3111 399,3110 399,3109 397,3107 392,3107 391,3106 391,3105 389,3103 389,3103 388,3103 387,3102 387,3101 386,3100 386,3096 385,3095 384,3095 383,3094 383,3093 380,3091 379,3091 379,3090 379,3052 379,3052 384,3052 387,3049 387,3048 387,3048 388,3048 391,3045 391,3044 391,3044 396,3044 398,3042 398,3037 399,3036 404,3036 406,3034 406,3033 407,3032 650,3031 651,3031 651,2991 653,2988 654,2988 655,2988 655,2987 657,2984 658,2984 659,2984 659,2983 661,2980 662,2980 663,2980 663,2979 664,2977 665,2977 666,2976 676,2976 677,2977 678,2977 679,2978 679,2990 679,2990 3096,2985 3097,2984 3109,2984 3111,2982 3111,2981 3111,2981 3361,2980 3362,2981 3363,2981 3364,2982 3364,3036 3364,3036 3429,3036 3435,3042 3435,3046 3437,3048 3438,3048 3439,3049 3439,3078 3440,3079 3456,3079 3457,3080 3458,3080 3459,3081 3459,3086 3456,3088 3455,3088 3455,3089 3455,3114 3454,3115 3449,3115 3447,3117 3447,3118 3446,3119 3183,3120 3182,3120 3182,3121 3181,3123 3172,3123 3171,3123 3171,3124 3169,3127 2677,3128 2676,3128 2676,3129 2675,3131 1617,3133 1616,3134 1616,3150 1615,3151 1606,3151 1604,3153 1604,3154 1603,3155 1590,3155 1589,3156 1589,3157 1587,3159 1582,3159 1581,3160 1581,3161 1580,3162 1579,3162 1578,3163 1463,3163 1462,3164 1462,3188 1462,3188"/><TextEquiv index="1"><Unicode>quelques jours, dans la caverne de la</Unicode></TextEquiv></TextLine><TextLine id="r0_l012"><Coords points="3024,3378 3024,3378 3024,3375 3023,3374 2238,3376 2237,3374 2237,3360 2236,3360 2064,3360 2063,3359 2063,3332 2062,3331 1826,3332 1826,3331 1826,3330 1823,3328 1822,3328 1822,3327 1822,3326 1820,3325 1447,3325 1446,3324 1318,3325 1317,3324 843,3325 841,3322 841,3321 840,3321 542,3321 541,3320 416,3321 414,3319 414,3318 413,3317 385,3317 383,3315 383,3314 382,3313 381,3313 379,3311 379,3247 378,3246 378,3244 379,3243 379,3242 380,3242 381,3242 383,3239 383,3238 384,3238 385,3238 386,3237 390,3237 390,3236 390,3220 391,3219 391,3218 392,3218 393,3218 394,3216 394,3212 395,3211 395,3210 396,3210 397,3210 398,3208 398,3200 399,3199 399,3198 400,3198 401,3198 412,3186 412,3186 99,3186 98,3186 98,3172 98,3171 90,3171 89,3170 88,3170 86,3169 86,3166 87,3165 101,3165 102,3166 114,3166 114,3167 114,3174 115,3174 429,3174 430,3175 430,3176 432,3178 624,3177 625,3178 626,3178 630,3182 844,3182 846,3184 1674,3182 1676,3184 2631,3182 2633,3184 2633,3185 2634,3186 2635,3186 2637,3188 2637,3233 2638,3234 3191,3233 3192,3234 3365,3233 3366,3234 3367,3234 3376,3244 3376,3293 3377,3293 3446,3293 3447,3295 3447,3296 3449,3297 3450,3297 3451,3299 3451,3300 3453,3301 3454,3301 3455,3303 3455,3304 3457,3305 3458,3305 3459,3307 3459,3317 3460,3317 3465,3317 3467,3319 3467,3324 3466,3324 3465,3324 3464,3325 3460,3325 3451,3335 3451,3336 3450,3336 3449,3336 3448,3337 3444,3337 3443,3339 3443,3340 3442,3340 3441,3340 3439,3343 3439,3344 3438,3344 3131,3345 3131,3345 3131,3354 3129,3356 3128,3356 3127,3357 3127,3358 3125,3360 3120,3360 3119,3361 3119,3362 3117,3364 3116,3364 3115,3365 3115,3366 3113,3368 3108,3368 3107,3369 3107,3370 3105,3372 3036,3372 3036,3373 3036,3378 3035,3378"/><TextEquiv index="1"><Unicode>forêt de Fontainebleau, quand mes gens,</Unicode></TextEquiv></TextLine><TextLine id="r0_l013"><Coords points="486,3573 485,3572 485,3527 484,3527 466,3527 466,3527 466,3559 460,3566 432,3566 430,3567 430,3568 429,3570 428,3570 426,3568 426,3567 424,3565 423,3565 422,3564 422,3563 421,3562 420,3562 418,3560 418,3538 417,3538 280,3538 280,3538 280,3537 279,3536 279,3535 278,3534 273,3534 272,3533 272,3532 270,3530 269,3530 268,3529 268,3528 266,3526 265,3526 264,3525 264,3520 263,3519 262,3519 261,3518 260,3518 260,3518 260,3516 261,3514 262,3514 264,3513 264,3512 264,3511 265,3511 268,3509 268,3508 268,3507 269,3507 272,3505 272,3504 272,3503 273,3503 274,3502 374,3502 375,3501 375,3468 379,3464 379,3460 380,3459 381,3459 382,3458 382,3450 383,3449 383,3448 384,3447 385,3447 386,3446 386,3445 388,3443 393,3443 394,3442 394,3437 396,3435 397,3435 398,3434 398,3433 400,3431 409,3431 410,3430 410,3429 412,3427 428,3427 430,3425 430,3424 430,3424 431,3424 432,3423 571,3422 572,3422 572,3386 573,3384 574,3384 576,3383 577,3382 577,3381 577,3380 578,3380 580,3379 580,3378 581,3376 594,3376 596,3378 596,3379 597,3380 597,3380 598,3380 600,3382 1531,3380 1534,3383 1534,3384 1534,3384 1721,3384 1723,3385 1723,3386 1724,3388 1725,3388 1726,3389 3023,3386 3024,3386 3024,3379 3024,3378 3035,3378 3037,3380 3038,3380 3040,3382 3040,3383 3041,3384 3042,3384 3044,3386 3044,3391 3045,3392 3046,3392 3048,3394 3048,3407 3049,3408 3050,3408 3052,3409 3052,3414 3052,3415 3053,3415 3056,3417 3056,3427 3056,3428 3445,3427 3447,3429 3447,3430 3448,3431 3453,3431 3455,3433 3455,3438 3456,3439 3457,3439 3459,3441 3459,3494 3458,3494 3457,3494 3455,3497 3455,3506 3454,3506 3453,3506 3452,3507 3448,3507 3447,3509 3447,3510 3446,3510 3441,3510 3439,3513 3439,3514 3438,3514 3370,3514 3369,3515 3368,3515 3368,3516 3368,3517 3366,3518 2395,3520 2395,3521 2395,3522 2394,3522 1929,3523 1929,3524 1929,3525 1927,3526 1926,3526 1925,3528 1925,3533 1923,3534 1922,3534 1921,3536 1921,3541 1919,3542 1918,3542 1917,3544 1917,3545 1915,3546 1914,3546 1913,3548 1913,3549 1912,3550 1907,3550 1904,3553 1887,3554 1885,3552 1885,3551 1884,3550 1883,3550 1881,3548 1881,3524 1880,3524 498,3527 498,3527 498,3572 498,3573"/><TextEquiv index="1"><Unicode>qui t'avoient ſaiſie, t'amenerent à mes</Unicode></TextEquiv></TextLine><TextLine id="r0_l014"><Coords points="2410,3775 2409,3774 2403,3774 2402,3774 2402,3765 2399,3762 2399,3716 2399,3715 2219,3716 2218,3716 2218,3717 2216,3720 1989,3720 1988,3721 1988,3774 1988,3774 1973,3774 1972,3773 1847,3774 1846,3773 1846,3716 1846,3716 1654,3716 1652,3718 1652,3719 1651,3720 1420,3721 1419,3721 1419,3765 1417,3768 1416,3768 1415,3768 1415,3769 1414,3771 1413,3771 1412,3772 1387,3772 1386,3771 1385,3771 1383,3769 1383,3768 1383,3768 1382,3768 1377,3763 1376,3763 1375,3762 1375,3716 1375,3716 1191,3716 1189,3718 1189,3719 1188,3720 1187,3720 1186,3721 1186,3722 1185,3723 1185,3767 1185,3767 1184,3767 1181,3770 1181,3771 1181,3771 1151,3771 1150,3771 1150,3770 1149,3769 1148,3767 1147,3767 1146,3767 1146,3717 1146,3716 961,3717 960,3717 960,3718 959,3720 954,3720 952,3718 952,3717 951,3716 747,3716 746,3717 746,3774 746,3774 728,3774 727,3774 727,3717 727,3716 427,3717 426,3717 426,3762 426,3763 425,3763 422,3765 422,3766 422,3767 421,3767 420,3768 386,3768 385,3767 384,3767 383,3766 383,3765 381,3763 380,3763 379,3762 379,3642 378,3641 377,3641 375,3639 375,3635 374,3634 374,3633 374,3633 368,3633 367,3632 367,3629 368,3629 397,3629 399,3626 399,3625 400,3625 477,3625 477,3624 477,3580 478,3579 478,3578 479,3578 480,3578 481,3576 481,3575 483,3574 484,3574 485,3573 499,3573 500,3574 501,3574 502,3575 667,3574 667,3575 667,3576 670,3578 671,3578 671,3579 671,3629 672,3629 873,3629 873,3628 873,3586 874,3586 875,3586 876,3585 930,3585 931,3586 932,3586 932,3586 932,3633 933,3634 1237,3633 1237,3632 1237,3586 1239,3585 1240,3585 1241,3583 1241,3582 1242,3582 1243,3582 1245,3579 1245,3578 1246,3578 1260,3578 1260,3578 1260,3579 1261,3580 1261,3588 1263,3590 1264,3590 1264,3590 1264,3628 1265,3629 1406,3629 1407,3630 1627,3629 1628,3628 1628,3627 1630,3625 1802,3625 1802,3624 1802,3579 1804,3578 1833,3578 1834,3579 1834,3584 1835,3585 1836,3585 1838,3587 1838,3628 1839,3629 1896,3629 1897,3630 1955,3629 1957,3632 1957,3633 1958,3633 2177,3633 2178,3631 2178,3630 2180,3629 2411,3628 2411,3628 2411,3627 2413,3625 2454,3625 2454,3626 2454,3627 2457,3629 2838,3628 2838,3628 2838,3627 2840,3625 2841,3625 2841,3625 2842,3624 2842,3623 2844,3621 2845,3621 2845,3621 2846,3620 2846,3619 2848,3617 2849,3617 2850,3619 2850,3628 2852,3629 2987,3629 2992,3635 2992,3639 2996,3643 2996,3644 2997,3645 2997,3684 2998,3684 3194,3684 3194,3683 3194,3662 3197,3660 3198,3660 3198,3659 3198,3654 3200,3653 3201,3653 3202,3651 3202,3650 3204,3649 3205,3649 3206,3647 3206,3642 3208,3641 3209,3641 3210,3639 3210,3638 3212,3637 3213,3637 3214,3635 3214,3634 3216,3633 3217,3633 3218,3631 3218,3630 3220,3629 3229,3629 3229,3628 3229,3627 3232,3625 3419,3624 3422,3621 3430,3621 3431,3623 3431,3624 3433,3625 3438,3625 3439,3627 3439,3628 3441,3629 3442,3629 3443,3631 3443,3632 3445,3633 3450,3633 3451,3635 3451,3640 3453,3641 3454,3641 3455,3643 3455,3652 3456,3652 3457,3652 3458,3653 3459,3653 3459,3654 3459,3703 3458,3704 3445,3704 3444,3705 3444,3706 3442,3708 3441,3708 3440,3709 3440,3710 3438,3712 3433,3712 3432,3713 3432,3714 3430,3716 3290,3716 3289,3717 3289,3762 3285,3766 3285,3767 3285,3767 3282,3767 3281,3766 3271,3767 3269,3765 3269,3764 3269,3764 3241,3764 3240,3763 3239,3763 3238,3762 3238,3761 3237,3760 3237,3748 3237,3748 3225,3748 3224,3748 3224,3771 3224,3772 3212,3772 3211,3771 3211,3748 3211,3748 3058,3748 3056,3746 3056,3716 3056,3716 2923,3716 2922,3715 2649,3716 2648,3716 2648,3742 2647,3744 2646,3744 2644,3745 2644,3750 2643,3752 2642,3752 2641,3752 2641,3753 2639,3756 2638,3756 2637,3756 2637,3757 2635,3760 2634,3760 2633,3760 2633,3761 2631,3764 2626,3764 2625,3764 2625,3765 2624,3767 2623,3767 2622,3768 2610,3768 2609,3768 2609,3769 2608,3771 2607,3771 2606,3772 2412,3772 2411,3773 2411,3775 2411,3775"/><TextEquiv index="1"><Unicode>pieds. La plupart des compagnons, que</Unicode></TextEquiv></TextLine><TextLine id="r0_l015"><Coords points="2468,3970 2468,3970 2468,3915 2467,3914 2392,3914 2391,3913 1910,3914 1909,3916 1909,3917 1908,3917 1907,3918 1906,3918 1905,3917 1891,3918 1887,3914 1363,3915 1363,3915 1363,3916 1361,3918 1360,3918 1359,3919 1359,3924 1357,3926 1356,3926 1355,3927 1355,3932 1354,3933 1353,3933 1352,3934 1348,3934 1347,3935 1347,3936 1346,3937 1345,3937 1343,3939 1343,3940 1342,3941 1341,3941 1340,3942 1336,3942 1336,3942 1336,3943 1334,3945 1320,3945 1320,3944 1320,3943 1317,3941 1316,3941 1316,3940 1316,3914 1315,3914 1195,3914 1191,3910 1008,3910 1008,3911 1008,3912 1007,3912 1005,3914 1004,3914 1003,3913 949,3914 948,3912 948,3911 946,3910 584,3910 584,3911 584,3913 582,3914 581,3914 581,3915 581,3916 578,3918 548,3918 548,3919 548,3967 547,3967 541,3967 541,3967 541,3919 540,3918 410,3919 410,3919 410,3920 408,3922 407,3922 406,3923 406,3932 405,3933 404,3933 402,3935 402,3948 401,3949 396,3949 394,3951 394,3952 393,3953 392,3953 390,3955 390,3956 389,3957 384,3957 382,3959 382,3960 381,3961 375,3961 375,3960 375,3959 373,3957 372,3957 371,3957 371,3956 371,3946 372,3945 373,3945 374,3944 374,3838 375,3837 375,3835 375,3835 376,3835 377,3834 379,3832 379,3831 379,3831 381,3831 382,3830 382,3801 384,3799 385,3799 386,3798 386,3793 388,3791 389,3791 390,3790 390,3785 392,3783 429,3783 430,3782 429,3778 430,3777 430,3776 431,3776 432,3776 433,3775 440,3775 442,3777 442,3778 443,3779 447,3779 448,3780 449,3780 450,3780 450,3785 454,3789 454,3826 454,3827 507,3827 508,3828 722,3827 723,3827 722,3778 725,3775 726,3775 727,3774 747,3774 748,3775 749,3775 750,3777 751,3827 751,3827 808,3827 810,3828 810,3829 811,3831 983,3831 984,3830 983,3777 986,3774 995,3774 998,3771 1002,3771 1003,3773 1003,3774 1005,3775 1006,3775 1006,3776 1006,3778 1008,3779 1008,3827 1008,3827 1219,3827 1221,3828 1221,3829 1222,3831 1227,3831 1229,3832 1229,3833 1230,3835 1231,3835 1233,3836 1233,3837 1234,3839 1235,3839 1237,3840 1237,3881 1237,3882 1457,3881 1458,3881 1458,3853 1460,3850 1461,3850 1462,3850 1462,3849 1464,3846 1465,3846 1466,3846 1466,3841 1468,3838 1469,3838 1470,3838 1470,3837 1471,3835 1554,3835 1555,3834 1556,3834 1557,3834 1557,3833 1558,3831 1562,3831 1565,3829 1565,3828 1565,3827 1654,3827 1656,3826 1656,3825 1657,3823 1666,3823 1668,3825 1668,3826 1669,3827 1670,3827 1672,3829 1672,3830 1673,3831 1829,3831 1830,3830 1830,3812 1831,3811 1832,3811 1834,3809 1834,3800 1835,3799 1836,3799 1838,3797 1838,3788 1839,3787 1840,3787 1842,3785 1841,3776 1843,3775 1845,3775 1846,3774 1854,3774 1855,3775 1988,3774 1990,3776 1991,3776 1991,3777 1992,3827 1992,3827 2133,3827 2134,3827 2134,3828 2136,3831 2386,3830 2387,3830 2387,3810 2388,3809 2388,3808 2388,3807 2389,3807 2391,3806 2391,3802 2392,3801 2392,3800 2392,3799 2393,3799 2395,3798 2395,3794 2399,3790 2399,3782 2401,3779 2402,3779 2403,3779 2402,3775 2403,3774 2409,3774 2410,3775 2412,3775 2413,3776 2414,3776 2414,3777 2415,3829 2415,3829 2450,3829 2451,3829 2451,3828 2451,3827 2746,3827 2747,3826 2747,3796 2748,3795 2757,3795 2759,3793 2759,3792 2760,3791 2761,3791 2763,3789 2763,3788 2764,3787 2785,3787 2786,3787 2786,3788 2788,3791 2793,3791 2794,3791 2794,3792 2803,3801 2803,3823 2803,3824 2987,3823 2989,3825 2989,3826 2990,3827 3201,3827 3202,3826 3202,3784 3203,3783 3204,3783 3206,3781 3206,3776 3206,3776 3207,3776 3208,3775 3209,3773 3209,3772 3210,3772 3224,3772 3225,3773 3225,3774 3226,3775 3227,3775 3230,3777 3230,3778 3230,3779 3231,3779 3234,3781 3234,3783 3234,3784 3358,3783 3360,3785 3360,3786 3361,3787 3366,3787 3368,3789 3368,3790 3368,3790 3369,3791 3370,3791 3372,3793 3372,3823 3372,3823 3438,3823 3439,3824 3439,3825 3441,3827 3445,3827 3455,3837 3455,3842 3455,3842 3456,3842 3459,3845 3459,3850 3459,3850 3460,3850 3461,3851 3462,3851 3463,3852 3463,3889 3461,3890 3460,3890 3459,3892 3459,3897 3457,3898 3456,3898 3455,3900 3455,3901 3453,3902 3452,3902 3451,3904 3451,3905 3449,3906 3444,3906 3443,3908 3443,3909 3441,3910 3432,3910 3431,3912 3431,3913 3429,3914 3364,3914 3364,3915 3364,3925 3363,3925 3362,3925 3360,3928 3360,3941 3359,3941 3358,3941 3356,3944 3356,3949 3355,3949 3354,3949 3353,3951 3352,3952 3352,3953 3351,3953 3350,3953 3348,3956 3348,3957 3347,3957 3346,3957 3344,3960 3344,3961 3343,3961 3337,3961 3337,3961 3337,3960 3334,3957 3333,3957 3333,3957 3333,3956 3332,3955 3332,3914 3331,3913 3239,3914 3237,3911 3237,3910 3236,3910 2843,3910 2842,3912 2842,3913 2840,3914 2835,3914 2834,3916 2834,3917 2832,3918 2828,3918 2826,3916 2826,3915 2825,3914 2824,3914 2823,3913 2602,3914 2601,3915 2601,3920 2600,3921 2599,3921 2593,3927 2593,3928 2592,3929 2591,3929 2590,3930 2586,3930 2585,3932 2585,3933 2584,3933 2583,3933 2582,3934 2578,3934 2577,3936 2577,3937 2576,3937 2575,3937 2574,3938 2567,3938 2565,3936 2565,3915 2564,3914 2477,3914 2477,3915 2477,3970 2476,3970"/><TextEquiv index="1"><Unicode>j'avois alors, ont été roués; &amp; moi je</Unicode></TextEquiv></TextLine><TextLine id="r0_l016"><Coords points="2812,4168 2811,4167 2536,4167 2534,4166 2534,4165 2533,4163 2528,4163 2526,4161 1848,4163 1845,4160 1845,4159 1845,4159 1840,4159 1838,4157 1838,4156 1838,4156 1837,4155 1836,4155 1834,4153 1834,4152 1833,4151 1832,4151 1830,4149 1830,4115 1830,4115 1,4119 1,4119 1,4123 1,4124 0,4123 0,4002 0,4002 392,4001 395,3998 395,3997 395,3997 396,3997 399,3994 399,3993 399,3993 400,3993 402,3991 402,3986 403,3985 404,3985 407,3982 407,3981 407,3981 408,3981 410,3979 410,3978 411,3977 412,3977 414,3975 414,3974 415,3973 416,3973 418,3971 418,3970 419,3969 428,3969 430,3967 430,3966 431,3965 448,3965 449,3966 768,3965 770,3966 770,3967 771,3969 772,3969 774,3970 774,3978 774,3979 2204,3976 2207,3973 2219,3973 2222,3970 2222,3969 2222,3969 2374,3968 2377,3965 2381,3965 2384,3968 2384,3969 2384,3969 2389,3969 2390,3970 2477,3970 2478,3971 3378,3969 3380,3971 3380,3972 3381,3973 3381,3973 3382,3973 3384,3975 3384,4016 3386,4017 3387,4017 3388,4019 3388,4044 3389,4044 3458,4044 3459,4046 3459,4047 3461,4048 3466,4048 3467,4050 3467,4051 3469,4052 3470,4052 3471,4054 3471,4059 3473,4060 3474,4060 3475,4062 3475,4067 3474,4068 3473,4068 3471,4070 3471,4071 3470,4072 3397,4072 3396,4073 3396,4102 3394,4104 3310,4104 3309,4105 3309,4106 3307,4108 3164,4109 3163,4109 3163,4156 3161,4159 3148,4159 3147,4159 3147,4160 3145,4163 2829,4163 2828,4164 2828,4167 2828,4167"/><TextEquiv index="1"><Unicode>ſuis devenu un très-grand ſeigneur, quoi-</Unicode></TextEquiv></TextLine><TextLine id="r0_l017"><Coords points="2482,4366 2482,4366 2482,4362 2481,4361 1937,4362 1937,4362 1937,4361 1936,4360 1666,4361 1666,4361 1666,4351 1665,4350 432,4353 431,4352 430,4352 430,4351 430,4350 428,4349 419,4349 418,4347 418,4329 417,4329 102,4329 102,4329 102,4323 100,4321 91,4321 90,4320 90,4319 88,4317 87,4317 86,4316 85,4196 84,4194 83,4194 82,4194 82,4192 83,4191 84,4191 85,4190 952,4189 952,4188 952,4184 955,4182 956,4182 956,4181 956,4180 958,4179 962,4179 964,4176 964,4175 965,4175 1391,4174 1391,4173 1391,4172 1393,4171 1398,4171 1399,4169 1399,4168 1401,4167 1406,4167 1406,4166 1406,4165 1409,4163 1430,4163 1430,4163 1430,4164 1433,4167 1434,4167 1434,4167 1434,4168 1436,4170 3435,4165 3437,4163 3438,4163 3439,4162 3439,4161 3441,4159 3474,4159 3475,4161 3475,4162 3477,4163 3486,4163 3487,4165 3487,4166 3489,4167 3494,4167 3495,4169 3495,4181 3493,4183 3492,4183 3491,4184 3491,4185 3489,4187 3464,4187 3463,4188 3463,4229 3462,4230 3462,4233 3461,4234 3456,4234 3455,4236 3455,4300 3451,4304 3451,4305 3450,4305 3068,4306 3067,4307 3067,4308 3066,4309 2771,4310 2771,4310 2771,4311 2769,4313 2604,4313 2604,4313 2604,4365 2603,4366"/><TextEquiv index="1"><Unicode>que toujours ſous terre; car je ſuis le chef</Unicode></TextEquiv></TextLine><TextLine id="r0_l018"><Coords points="3045,4557 3044,4556 2250,4558 2249,4557 2249,4549 2249,4549 1503,4550 1502,4550 1502,4548 1501,4547 1501,4496 1501,4495 1488,4495 1487,4494 1,4498 1,4498 1,4516 1,4517 0,4516 0,4514 -1,4513 -1,4510 -2,4509 -2,4504 -3,4503 -3,4411 -2,4410 -2,4405 -1,4404 -1,4401 0,4400 0,4398 0,4398 421,4397 422,4396 422,4362 424,4360 425,4360 426,4359 426,4358 427,4357 440,4357 442,4359 1219,4357 1221,4358 1221,4359 1221,4360 1352,4360 1353,4361 1354,4361 1355,4362 2261,4360 2262,4361 2799,4360 2800,4361 2801,4361 2803,4362 2803,4363 2804,4365 3262,4364 3263,4365 3264,4365 3265,4365 3265,4370 3267,4373 3268,4373 3269,4373 3269,4416 3269,4417 3425,4416 3428,4419 3428,4420 3428,4420 3433,4420 3444,4431 3444,4432 3444,4432 3457,4432 3459,4434 3459,4498 3458,4499 3457,4499 3456,4500 3455,4501 3455,4502 3454,4503 3053,4504 3052,4504 3052,4556 3052,4557"/><TextEquiv index="1"><Unicode>d'une Société qui s'étend déjà dans bien</Unicode></TextEquiv></TextLine><TextLine id="r0_l019"><Coords points="2767,4758 2766,4757 2162,4758 2161,4757 2021,4757 2021,4757 2021,4753 2020,4752 1961,4752 1961,4752 1961,4751 1958,4748 1953,4748 1953,4748 1953,4747 1950,4744 1949,4744 1949,4744 1949,4743 1948,4742 1948,4738 1946,4736 1945,4736 1945,4736 1945,4735 1944,4734 1944,4727 1943,4726 1336,4728 1336,4727 1336,4726 1334,4725 1333,4725 1332,4723 1332,4697 1331,4697 1171,4697 1168,4695 1168,4694 1168,4693 1096,4693 1095,4692 1022,4692 1021,4693 1022,4749 1021,4749 1008,4749 1008,4749 1007,4693 1007,4692 1,4695 0,4695 1,4706 0,4707 0,4706 0,4703 -1,4702 -1,4697 -3,4696 -3,4602 -2,4601 -2,4596 -1,4595 -1,4592 0,4591 0,4589 1,4589 418,4588 418,4587 418,4555 419,4555 420,4555 421,4554 425,4554 426,4552 426,4551 427,4551 428,4551 429,4550 452,4550 454,4552 454,4555 455,4556 1132,4554 1133,4555 1761,4554 1763,4556 1763,4558 1764,4559 2640,4557 2643,4554 2647,4554 2648,4555 2648,4556 2650,4558 3052,4557 3053,4558 3244,4558 3246,4560 3246,4561 3247,4562 3248,4562 3249,4563 3249,4564 3250,4565 3250,4606 3251,4607 3292,4606 3293,4608 3293,4609 3295,4610 3458,4610 3459,4612 3459,4613 3460,4613 3461,4613 3463,4616 3463,4617 3464,4617 3465,4617 3467,4620 3467,4664 3469,4665 3470,4665 3471,4667 3471,4684 3470,4685 3469,4685 3466,4688 3466,4692 3465,4693 3460,4693 3459,4695 3459,4696 3457,4697 3444,4697 3443,4699 3443,4700 3441,4701 3432,4701 3432,4702 3432,4703 3429,4705 2937,4706 2937,4707 2937,4708 2936,4708 2935,4708 2934,4709 2779,4710 2779,4710 2779,4757 2778,4758"/><TextEquiv index="1"><Unicode>des contrées, &amp; le général des Jéſuites</Unicode></TextEquiv></TextLine><TextLine id="r0_l020"><Coords points="2587,4954 2585,4953 2585,4952 2584,4950 2579,4950 2578,4949 2251,4950 2249,4948 2249,4947 2248,4946 2239,4946 2238,4945 2237,4944 2237,4936 2237,4936 1258,4938 1257,4937 1257,4936 1256,4935 1256,4933 1256,4933 645,4934 644,4934 644,4933 643,4932 643,4922 642,4921 110,4922 110,4922 110,4836 109,4835 94,4835 94,4835 94,4833 95,4831 100,4831 102,4830 102,4817 103,4815 105,4815 106,4815 106,4801 106,4800 107,4800 110,4798 110,4793 110,4792 476,4792 477,4791 477,4758 478,4757 478,4756 478,4756 479,4756 482,4753 482,4752 482,4752 1007,4750 1008,4749 1022,4749 1023,4750 1023,4755 1024,4756 1025,4756 1026,4757 2898,4753 2899,4752 2923,4752 2925,4754 2925,4755 2926,4756 2927,4756 2929,4758 2929,4763 2929,4763 2930,4763 2933,4766 2933,4807 2933,4807 3270,4807 3271,4808 3425,4807 3427,4809 3427,4810 3428,4811 3437,4811 3439,4813 3439,4814 3440,4815 3441,4815 3443,4817 3443,4818 3444,4819 3445,4819 3447,4821 3447,4822 3448,4823 3449,4823 3451,4825 3451,4834 3452,4835 3453,4835 3455,4837 3455,4874 3454,4874 3453,4874 3451,4877 3451,4882 3450,4882 3449,4882 3449,4883 3447,4885 3447,4886 3446,4886 3445,4886 3443,4889 3443,4890 3442,4890 3441,4890 3439,4893 3439,4894 3438,4894 3433,4894 3431,4897 3431,4898 3430,4898 3285,4898 3285,4899 3285,4941 3284,4942 3282,4942 3281,4943 3281,4944 3280,4945 2610,4947 2609,4947 2609,4948 2608,4950 2591,4950 2589,4952 2589,4953 2588,4954"/><TextEquiv index="1"><Unicode>n'a jamais, je crois, été plus puiſſant que</Unicode></TextEquiv></TextLine><TextLine id="r0_l021"><Coords points="2296,5160 2295,5159 2293,5159 2293,5158 2293,5157 2290,5155 2281,5155 2281,5154 2281,5153 2279,5152 2263,5152 2262,5151 2261,5151 2260,5150 2260,5148 2260,5148 2256,5148 2255,5147 2254,5147 2253,5146 2253,5143 2253,5143 1501,5144 1500,5143 1499,5143 1498,5143 1498,5119 1498,5118 733,5120 730,5118 730,5117 730,5116 729,5116 727,5115 727,5114 726,5113 726,5085 726,5084 641,5084 640,5084 640,5083 638,5080 374,5081 373,5080 372,5080 371,5079 371,5073 371,5073 98,5073 97,5072 95,5072 94,5072 94,5066 95,5065 96,5065 97,5064 102,5064 102,5064 102,5058 103,5057 104,5057 106,5055 106,5054 107,5053 108,5053 110,5051 110,5050 111,5049 371,5049 371,5048 371,5002 373,5001 382,5001 382,5000 382,4999 385,4997 616,4996 616,4996 616,4952 622,4946 924,4946 924,4946 924,4954 925,4955 2012,4952 2012,4952 2012,4951 2013,4950 2023,4950 2024,4951 2379,4950 2380,4951 3059,4950 3060,4951 3060,4952 3061,4953 3062,4954 3063,4954 3064,4955 3064,5001 3065,5002 3434,5001 3435,5003 3435,5004 3437,5005 3458,5005 3459,5007 3459,5008 3461,5009 3462,5009 3463,5011 3463,5079 3462,5080 3461,5080 3459,5082 3459,5083 3458,5084 3457,5084 3455,5086 3455,5087 3454,5088 3449,5088 3447,5090 3447,5091 3446,5092 3128,5093 3127,5093 3127,5094 3126,5096 2721,5097 2719,5098 2719,5099 2719,5100 2657,5100 2656,5100 2657,5156 2656,5157 2656,5158 2655,5159"/><TextEquiv index="1"><Unicode>moi, dans les jours de ſplendeur de cet</Unicode></TextEquiv></TextLine><TextLine id="r0_l022"><Coords points="616,5335 616,5334 601,5319 601,5318 585,5302 585,5301 576,5292 576,5279 575,5278 538,5278 537,5277 443,5278 442,5276 442,5275 440,5274 419,5274 418,5272 418,5271 416,5270 407,5270 406,5268 406,5267 404,5266 399,5266 399,5265 399,5264 396,5262 395,5262 395,5261 395,5260 394,5259 394,5255 392,5254 391,5254 391,5253 391,5252 390,5251 390,5247 388,5246 383,5246 383,5245 383,5244 380,5242 379,5242 379,5241 379,5240 376,5238 375,5238 375,5237 375,5216 373,5215 372,5215 371,5213 371,5203 371,5203 372,5203 375,5200 375,5188 376,5187 377,5187 378,5186 378,5185 379,5184 379,5180 380,5179 381,5179 382,5178 382,5177 383,5176 383,5172 384,5171 385,5171 386,5170 386,5169 388,5167 389,5167 390,5166 390,5165 392,5163 397,5163 398,5162 398,5161 400,5159 401,5159 402,5158 402,5157 404,5155 405,5155 405,5154 405,5153 406,5153 407,5153 409,5151 414,5151 414,5150 414,5149 417,5147 430,5147 430,5146 430,5145 437,5139 578,5138 578,5139 578,5140 582,5143 958,5143 959,5144 1258,5143 1259,5144 1260,5144 1260,5144 1260,5145 1262,5147 1310,5147 1312,5149 1313,5206 1313,5207 1314,5207 1316,5208 1316,5209 1317,5211 1318,5211 1320,5212 1320,5217 1321,5219 1322,5219 1324,5220 1324,5253 1324,5254 1361,5254 1363,5255 1363,5256 1364,5258 1365,5258 1367,5259 1367,5280 1365,5282 1364,5282 1363,5283 1363,5284 1361,5286 1360,5286 1360,5286 1359,5287 1359,5288 1357,5290 748,5291 748,5292 748,5343 748,5343 1571,5341 1572,5342 1571,5342 748,5344 748,5345"/><TextEquiv index="1"><Unicode>Ordre ſi ruſé.</Unicode></TextEquiv></TextLine><TextLine id="r0_l023"><Coords points="2710,5544 2709,5543 2709,5484 2709,5484 2599,5484 2595,5488 2584,5488 2581,5486 2581,5485 2581,5484 2373,5484 2372,5485 2372,5486 2370,5488 2365,5488 2362,5492 2078,5492 2077,5491 2076,5491 2075,5491 2075,5490 2074,5488 1947,5488 1946,5487 1852,5488 1850,5486 1850,5485 1849,5484 1646,5484 1644,5486 1644,5487 1644,5487 1643,5487 1642,5488 1631,5488 1628,5486 1628,5485 1628,5484 1305,5485 1302,5488 1291,5488 1284,5481 1284,5480 1284,5480 1243,5480 1241,5478 1241,5477 1240,5476 994,5476 993,5475 606,5476 604,5478 604,5479 604,5479 603,5479 600,5482 600,5483 600,5483 599,5483 598,5484 571,5484 568,5482 568,5481 568,5480 567,5480 564,5478 564,5469 564,5468 563,5468 561,5467 561,5465 562,5464 563,5464 565,5462 565,5461 566,5460 580,5460 580,5460 580,5351 581,5349 582,5349 583,5349 589,5343 589,5342 589,5341 637,5341 641,5345 642,5345 643,5346 643,5347 644,5348 644,5393 645,5393 924,5393 925,5394 1098,5393 1098,5393 1098,5347 1099,5345 1100,5345 1104,5341 1116,5341 1118,5343 1118,5344 1119,5345 1124,5345 1125,5346 1308,5346 1309,5345 1477,5344 1478,5344 1478,5343 1479,5341 1480,5341 1481,5342 1571,5342 1581,5352 1581,5400 1582,5400 1849,5400 1850,5398 1850,5397 1851,5397 1852,5397 1853,5396 1893,5396 1893,5395 1893,5358 1894,5357 1895,5357 1897,5355 1897,5354 1898,5353 1899,5353 1901,5351 1901,5350 1902,5349 1903,5349 1905,5350 2087,5350 2088,5349 2298,5349 2301,5351 2301,5352 2301,5353 2302,5353 2304,5354 2304,5400 2305,5401 2557,5400 2557,5400 2557,5352 2559,5349 2564,5349 2565,5349 2565,5348 2567,5345 2571,5345 2573,5347 2573,5348 2573,5348 2574,5349 2575,5349 2577,5351 2577,5360 2578,5361 2579,5361 2581,5363 2581,5372 2582,5373 2583,5373 2585,5375 2585,5384 2586,5384 2587,5384 2589,5387 2589,5401 2590,5401 2976,5400 2977,5399 2977,5398 2978,5397 3036,5397 3036,5397 3036,5351 3037,5349 3046,5349 3048,5348 3048,5347 3049,5345 3054,5345 3056,5343 3056,5342 3057,5341 3204,5341 3206,5342 3206,5343 3207,5345 3208,5345 3210,5346 3210,5395 3211,5396 3273,5396 3274,5397 3284,5396 3285,5397 3348,5397 3348,5398 3348,5399 3351,5401 3352,5401 3352,5402 3352,5403 3355,5405 3356,5405 3356,5406 3356,5407 3359,5409 3360,5409 3360,5410 3360,5415 3363,5417 3364,5417 3364,5418 3364,5456 3365,5456 3430,5456 3440,5467 3440,5468 3441,5468 3446,5468 3451,5474 3451,5479 3452,5479 3453,5479 3455,5482 3455,5495 3456,5495 3461,5495 3462,5496 3463,5496 3463,5497 3463,5506 3462,5507 3442,5507 3435,5514 3435,5515 3435,5515 3426,5515 3423,5518 3423,5519 3423,5519 3413,5519 3412,5519 3412,5518 3410,5515 3405,5515 3404,5515 3404,5513 3403,5512 3403,5485 3403,5484 3319,5484 3317,5483 3317,5482 3316,5481 3316,5480 3315,5480 3314,5479 3029,5480 3028,5481 3028,5506 3026,5508 3025,5508 3024,5509 3024,5514 3022,5516 3021,5516 3020,5517 3020,5518 3018,5520 3017,5520 3016,5521 3016,5522 3015,5523 3014,5523 3012,5525 3012,5526 3011,5527 3006,5527 3005,5528 3005,5529 3003,5531 2998,5531 2997,5532 2997,5533 2995,5535 2986,5535 2985,5536 2985,5537 2983,5539 2975,5539 2972,5537 2972,5536 2972,5535 2963,5535 2961,5534 2961,5533 2960,5531 2959,5531 2957,5530 2957,5529 2956,5528 2956,5527 2955,5527 2953,5526 2953,5525 2952,5524 2952,5523 2951,5523 2949,5522 2949,5521 2949,5520 2948,5519 2947,5519 2945,5518 2945,5485 2945,5484 2833,5484 2832,5483 2716,5484 2715,5484 2715,5543 2715,5544"/><TextEquiv index="1"><Unicode>Je voudrois bien t'aſſocier à ma gloire,</Unicode></TextEquiv></TextLine><TextLine id="r0_l024"><Coords points="2360,5742 2360,5741 2360,5681 2359,5681 2119,5681 2119,5682 2119,5683 2118,5684 2118,5685 2117,5685 2040,5685 2040,5686 2040,5687 2039,5688 2039,5689 2038,5689 2037,5689 2036,5691 2036,5711 2033,5713 2032,5713 2032,5714 2032,5719 2029,5721 2028,5721 2028,5722 2028,5723 2025,5725 2024,5725 2024,5726 2024,5727 2021,5729 2020,5729 2020,5730 2020,5731 2016,5735 2016,5736 2015,5736 2014,5736 2013,5737 2011,5735 2011,5734 2010,5733 2009,5733 2008,5732 2008,5682 2007,5681 1910,5681 1909,5680 1751,5681 1751,5681 1751,5738 1750,5739 1743,5739 1743,5738 1743,5681 1742,5681 1680,5681 1680,5681 1680,5690 1679,5691 1679,5692 1678,5693 1677,5693 1676,5694 1676,5699 1674,5701 1673,5701 1671,5704 1671,5705 1670,5705 1669,5705 1668,5707 1668,5712 1666,5713 1665,5713 1665,5714 1663,5716 1663,5717 1662,5717 1657,5717 1656,5719 1656,5720 1654,5721 1649,5721 1648,5720 1648,5719 1646,5717 1645,5717 1644,5716 1644,5678 1643,5677 1494,5677 1493,5676 1336,5677 1336,5677 1336,5726 1333,5729 1332,5729 1332,5729 1332,5730 1331,5731 1327,5731 1327,5730 1327,5674 1326,5674 1156,5674 1155,5673 1154,5673 1154,5673 1154,5672 1152,5670 1029,5670 1028,5669 891,5670 890,5669 719,5669 719,5669 719,5668 717,5666 539,5666 538,5665 373,5666 372,5665 371,5665 371,5664 371,5654 372,5653 371,5595 373,5594 378,5594 379,5592 379,5591 381,5590 390,5590 390,5589 390,5588 393,5586 488,5586 489,5587 766,5586 766,5585 766,5540 768,5539 769,5539 770,5537 770,5536 772,5535 777,5535 778,5533 778,5532 780,5531 789,5531 790,5532 790,5534 791,5535 884,5535 885,5536 885,5537 887,5539 888,5539 889,5540 889,5545 891,5547 892,5547 892,5547 892,5548 895,5551 896,5551 897,5552 897,5557 899,5559 900,5559 901,5560 901,5565 903,5567 904,5567 904,5567 904,5568 907,5571 908,5571 908,5571 908,5572 909,5573 909,5585 910,5586 986,5586 987,5587 1307,5586 1308,5584 1308,5575 1309,5575 1310,5575 1312,5572 1312,5563 1313,5563 1314,5563 1316,5560 1316,5555 1317,5555 1318,5555 1334,5539 1346,5539 1348,5536 1348,5535 1349,5535 1354,5535 1356,5537 1356,5538 1357,5539 1366,5539 1367,5540 1367,5541 1368,5542 1369,5543 1370,5543 1371,5544 1371,5545 1372,5546 1373,5547 1374,5547 1375,5548 1375,5593 1376,5594 1537,5593 1540,5590 1548,5590 1549,5592 1549,5593 1551,5594 1801,5594 1802,5595 1802,5596 1804,5598 1860,5598 1861,5599 2020,5598 2020,5598 2020,5568 2021,5567 2022,5567 2022,5567 2024,5565 2024,5564 2025,5563 2039,5563 2039,5564 2039,5565 2042,5567 2043,5567 2043,5568 2043,5602 2044,5602 2240,5602 2241,5600 2241,5599 2243,5598 2244,5598 2245,5599 2549,5598 2549,5598 2549,5597 2552,5594 2553,5594 2553,5594 2553,5577 2555,5575 2556,5575 2557,5574 2557,5573 2558,5572 2559,5571 2560,5571 2561,5570 2561,5565 2563,5563 2564,5563 2565,5562 2565,5557 2567,5555 2568,5555 2569,5554 2569,5554 2569,5553 2571,5551 2572,5551 2573,5550 2573,5550 2573,5549 2575,5547 2580,5547 2581,5546 2581,5545 2583,5543 2588,5543 2589,5542 2589,5541 2591,5539 2600,5539 2601,5540 2601,5541 2603,5543 2608,5543 2609,5544 2715,5544 2718,5547 2719,5547 2719,5547 2719,5548 2722,5551 2723,5551 2723,5551 2723,5552 2724,5553 2724,5594 2725,5595 3115,5594 3115,5593 3115,5560 3118,5558 3119,5558 3119,5557 3119,5556 3121,5555 3138,5555 3139,5556 3139,5557 3140,5558 3141,5559 3142,5559 3143,5560 3143,5597 3144,5598 3348,5597 3351,5594 3450,5594 3451,5596 3451,5597 3453,5598 3458,5598 3459,5600 3459,5606 3460,5606 3461,5606 3462,5608 3463,5646 3463,5646 3469,5646 3471,5648 3471,5649 3471,5649 3472,5649 3475,5652 3475,5653 3473,5654 3472,5654 3468,5658 3464,5658 3451,5672 3451,5673 3450,5673 3445,5673 3443,5676 3443,5677 3442,5677 3314,5677 3313,5679 3313,5680 3311,5681 3309,5681 3308,5682 3135,5683 3135,5683 3135,5687 3133,5689 3132,5689 3131,5690 3131,5699 3129,5701 3128,5701 3127,5702 3127,5711 3125,5713 3124,5713 3123,5714 3123,5719 3121,5721 3120,5721 3119,5722 3119,5723 3117,5725 3112,5725 3111,5723 3111,5718 3109,5717 3108,5717 3107,5715 3107,5678 3106,5678 3078,5678 3077,5677 2899,5677 2897,5680 2897,5681 2896,5681 2894,5681 2893,5682 2892,5681 2890,5681 2889,5680 2857,5680 2857,5681 2857,5738 2856,5738 2847,5738 2847,5738 2847,5681 2846,5680 2678,5681 2677,5682 2676,5682 2676,5682 2676,5683 2674,5685 2657,5685 2656,5683 2656,5682 2654,5681 2443,5681 2443,5682 2443,5684 2441,5685 2437,5685 2436,5686 2435,5686 2435,5687 2435,5688 2433,5689 2420,5689 2419,5688 2419,5687 2417,5685 2396,5685 2395,5684 2395,5683 2393,5681 2384,5681 2383,5680 2363,5680 2363,5681 2363,5741 2362,5742"/><TextEquiv index="1"><Unicode>ma chère enfant; car je me ſuis toujours</Unicode></TextEquiv></TextLine><TextLine id="r0_l025"><Coords points="3429,5932 3428,5932 3428,5931 3428,5930 3043,5931 3042,5930 2482,5931 2481,5930 2480,5930 2478,5929 2478,5927 2478,5926 1460,5928 1459,5928 1459,5899 1459,5898 1124,5899 1122,5898 1122,5897 1121,5895 1120,5895 1118,5894 1118,5874 1118,5873 1,5876 0,5875 0,5720 0,5720 1,5720 1,5721 1,5722 452,5721 454,5722 454,5730 454,5731 1116,5729 1118,5731 1331,5731 1332,5731 1332,5733 1332,5734 1480,5733 1482,5735 1482,5736 1482,5736 1483,5737 1484,5737 1486,5739 1750,5739 1751,5739 1751,5740 1751,5741 3343,5737 3344,5738 3344,5792 3344,5792 3433,5792 3436,5795 3436,5796 3436,5796 3437,5796 3439,5798 3439,5855 3440,5855 3450,5855 3451,5857 3451,5866 3450,5867 3449,5867 3447,5869 3447,5870 3446,5871 3437,5871 3436,5872 3436,5873 3435,5874 3435,5932 3435,5932"/><TextEquiv index="1"><Unicode>ſouvenu de toi; je ne t'ai jamais perdu</Unicode></TextEquiv></TextLine><TextLine id="r0_l026"><Coords points="3286,6124 3285,6123 3278,6124 3277,6122 3277,6121 3275,6120 3274,6120 3273,6118 3273,6073 3272,6073 2870,6073 2870,6074 2870,6083 2867,6085 2866,6085 2866,6086 2866,6091 2863,6093 2862,6093 2862,6094 2862,6099 2859,6101 2858,6101 2858,6102 2858,6115 2855,6117 2854,6117 2854,6118 2854,6119 2852,6120 2839,6120 2838,6119 2838,6118 2836,6116 2835,6116 2834,6115 2834,6077 2833,6076 2297,6078 2294,6081 2278,6081 2277,6079 2277,6078 2275,6077 1834,6078 1834,6078 1834,6094 1831,6097 1830,6097 1830,6097 1830,6098 1827,6101 1826,6101 1826,6101 1826,6106 1823,6109 1822,6109 1822,6109 1822,6114 1820,6116 1819,6116 1818,6117 1818,6122 1816,6124 1807,6124 1806,6122 1806,6121 1804,6120 1803,6120 1802,6118 1801,6069 1801,6069 1586,6069 1585,6068 1296,6069 1295,6069 1296,6087 1295,6088 1294,6088 1292,6090 1292,6095 1291,6096 1290,6096 1288,6098 1288,6099 1287,6100 1286,6100 1284,6102 1284,6107 1283,6108 1282,6108 1276,6114 1276,6115 1275,6116 1273,6116 1272,6114 1272,6113 1271,6113 1270,6112 1269,6112 1268,6110 1267,6065 1267,6065 957,6066 956,6066 956,6067 956,6068 955,6068 954,6069 953,6069 951,6070 952,6083 951,6084 950,6084 948,6086 948,6087 947,6088 946,6088 944,6090 944,6091 943,6092 942,6092 940,6094 940,6095 939,6096 938,6096 936,6098 936,6099 935,6100 934,6100 932,6102 932,6103 931,6104 930,6104 929,6105 923,6105 922,6104 921,6104 920,6102 920,6101 919,6101 918,6101 916,6098 915,6061 915,6061 653,6061 652,6060 565,6060 564,6061 565,6115 564,6115 556,6115 556,6115 555,6061 555,6060 440,6061 438,6059 438,6057 438,6057 412,6057 410,6055 410,6054 409,6053 392,6053 391,6052 391,6051 390,6050 389,6049 388,6049 387,6048 387,6047 386,6046 386,6042 385,6041 384,6041 383,6040 383,6039 381,6037 380,6037 379,6036 379,5998 380,5998 381,5998 383,5995 383,5994 384,5994 385,5994 386,5992 386,5988 387,5987 387,5986 388,5986 389,5986 389,5985 391,5983 391,5982 392,5982 401,5982 402,5980 402,5979 404,5978 413,5978 414,5976 414,5975 416,5974 422,5974 422,5973 422,5924 425,5922 426,5922 426,5921 426,5920 428,5919 429,5919 430,5918 447,5918 448,5919 449,5919 450,5920 450,5921 451,5922 452,5922 454,5924 454,5925 455,5926 456,5926 458,5928 458,5973 459,5974 528,5974 529,5975 836,5974 838,5976 838,5977 839,5978 1051,5977 1051,5977 1051,5956 1053,5954 1054,5954 1055,5953 1055,5948 1057,5946 1058,5946 1059,5945 1059,5944 1061,5942 1066,5942 1067,5941 1067,5940 1069,5938 1070,5938 1071,5937 1071,5936 1073,5934 1081,5934 1083,5937 1083,5938 1084,5938 1093,5938 1094,5940 1094,5941 1096,5942 1097,5942 1098,5944 1098,5945 1100,5946 1328,5946 1328,5945 1328,5935 1330,5934 1335,5934 1336,5932 1336,5931 1338,5930 1458,5929 1459,5928 1470,5928 1477,5935 1478,5935 1478,5936 1478,5978 1479,5978 1592,5978 1592,5979 1592,5980 1595,5982 1596,5982 1596,5983 1596,5984 1599,5986 1814,5986 1814,5985 1814,5959 1816,5958 1817,5958 1818,5956 1818,5947 1820,5946 1836,5946 1842,5952 1842,5986 1843,5987 2015,5986 2016,5988 2016,5990 2017,5990 2296,5990 2296,5990 2296,5991 2299,5994 2369,5993 2370,5994 2561,5994 2561,5994 2561,5945 2564,5942 2565,5942 2565,5942 2565,5941 2568,5938 2584,5938 2585,5940 2585,5990 2586,5990 2719,5990 2720,5991 2948,5990 2949,5989 2949,5988 2951,5986 3059,5986 3060,5987 3060,5988 3062,5990 3375,5989 3376,5988 3376,5987 3377,5986 3423,5986 3423,5986 3423,5937 3426,5934 3427,5934 3427,5934 3427,5933 3428,5932 3435,5932 3437,5934 3442,5934 3443,5936 3443,5937 3445,5939 3446,5939 3447,5939 3447,5940 3447,6056 3449,6057 3454,6057 3455,6059 3455,6060 3457,6061 3458,6061 3458,6062 3458,6064 3457,6065 3456,6065 3454,6067 3454,6068 3453,6069 3313,6069 3313,6070 3313,6119 3311,6120 3298,6120 3297,6122 3297,6123 3295,6124"/><TextEquiv index="1"><Unicode>de vue; &amp; j'ai toujours eu des yeux qui</Unicode></TextEquiv></TextLine><TextLine id="r0_l027"><Coords points="2990,6328 2989,6328 2989,6272 2988,6271 2848,6271 2847,6270 2578,6271 2577,6273 2577,6274 2576,6274 2574,6274 2573,6273 2573,6272 2572,6271 2352,6272 2349,6275 2338,6275 2334,6271 1810,6272 1810,6272 1810,6285 1809,6286 1804,6286 1803,6287 1802,6287 1802,6287 1802,6293 1801,6294 1795,6294 1795,6294 1795,6295 1794,6296 1794,6297 1793,6298 1788,6298 1786,6300 1786,6301 1786,6302 1772,6302 1771,6301 1771,6300 1768,6298 1767,6298 1767,6297 1767,6296 1766,6295 1766,6267 1765,6267 1539,6267 1537,6265 1537,6264 1536,6263 1531,6263 1530,6262 1301,6263 1300,6264 1300,6265 1299,6266 1298,6266 1297,6267 1294,6267 1290,6263 1207,6263 1206,6262 1205,6262 1205,6262 1205,6261 1203,6259 1017,6259 1016,6258 851,6259 847,6255 426,6256 426,6256 426,6257 424,6259 416,6259 410,6252 410,6251 409,6251 408,6251 406,6248 406,6232 404,6231 403,6231 403,6230 403,6229 400,6227 399,6227 399,6226 399,6225 398,6224 398,6220 396,6219 395,6219 395,6218 395,6217 394,6216 394,6208 392,6207 391,6207 391,6206 391,6205 390,6204 390,6200 388,6199 387,6199 387,6198 387,6197 386,6196 386,6192 384,6191 383,6191 383,6190 383,6189 380,6187 379,6187 379,6186 379,6176 379,6176 380,6176 381,6175 383,6173 383,6172 383,6172 495,6172 497,6170 497,6169 498,6168 548,6167 549,6167 549,6122 550,6120 551,6120 553,6119 553,6118 554,6116 555,6116 556,6115 564,6115 565,6116 665,6116 667,6118 667,6119 668,6120 807,6120 810,6122 810,6123 810,6124 811,6124 814,6126 814,6170 814,6171 1010,6170 1012,6168 1192,6168 1193,6168 1193,6166 1194,6164 1195,6164 1197,6163 1197,6158 1198,6156 1199,6156 1201,6155 1201,6146 1202,6144 1203,6144 1205,6143 1205,6138 1206,6136 1211,6136 1213,6135 1213,6134 1214,6132 1215,6132 1217,6131 1217,6130 1218,6128 1223,6128 1225,6126 1225,6125 1226,6124 1250,6124 1253,6126 1253,6127 1253,6128 1254,6128 1257,6130 1257,6174 1257,6175 1536,6174 1538,6172 1539,6172 1540,6171 1541,6171 1542,6172 1544,6172 1545,6173 1545,6174 1546,6175 1671,6175 1672,6175 1672,6130 1673,6128 1689,6128 1692,6130 1692,6131 1692,6132 1693,6132 1696,6134 1696,6135 1696,6136 1697,6136 1699,6137 1699,6205 1700,6206 1700,6238 1700,6239 1912,6238 1913,6238 1913,6221 1914,6219 1915,6219 1917,6218 1917,6213 1918,6211 1919,6211 1921,6210 1921,6209 1922,6207 1923,6207 1925,6206 1925,6205 1926,6203 1927,6203 1929,6202 1929,6201 1930,6199 1931,6199 1932,6199 1932,6168 1933,6167 1933,6165 1933,6164 1934,6164 1937,6162 1937,6157 1937,6156 1938,6156 1941,6154 1941,6153 1941,6152 1942,6152 1944,6151 1945,6150 1945,6149 1945,6148 1962,6148 1964,6147 1964,6146 1965,6144 2077,6144 2079,6143 2079,6141 2079,6140 2082,6140 2083,6141 2083,6187 2083,6187 2365,6186 2366,6187 2580,6187 2581,6187 2581,6186 2583,6183 2586,6183 2587,6184 2588,6184 2589,6185 2589,6186 2590,6187 2766,6187 2767,6186 2767,6133 2768,6132 2793,6132 2794,6133 2931,6132 2933,6134 2933,6135 2934,6136 2935,6136 2937,6138 2937,6184 2937,6184 3132,6184 3133,6183 3140,6183 3143,6185 3143,6186 3143,6187 3367,6186 3370,6183 3373,6183 3376,6186 3376,6187 3376,6187 3421,6187 3423,6189 3423,6190 3424,6191 3425,6191 3427,6193 3427,6194 3428,6195 3429,6195 3431,6197 3431,6202 3432,6203 3433,6203 3435,6205 3435,6249 3441,6255 3446,6255 3447,6256 3447,6262 3445,6263 3440,6263 3439,6265 3439,6266 3438,6266 3437,6266 3436,6267 3432,6267 3432,6268 3432,6325 3432,6325 3431,6325 3430,6326 3424,6326 3423,6326 3423,6268 3422,6267 3293,6267 3293,6268 3293,6269 3290,6271 3287,6271 3286,6270 2996,6271 2996,6272 2996,6328 2996,6328"/><TextEquiv index="1"><Unicode>veilloient ſur toi, &amp; me rendoient un</Unicode></TextEquiv></TextLine><TextLine id="r0_l028"><Coords points="1942,6528 1939,6526 1939,6525 1937,6523 1937,6522 1936,6520 1935,6520 1933,6519 1933,6472 1933,6471 1574,6472 1573,6473 1573,6475 1572,6476 1571,6476 1569,6478 1569,6479 1568,6480 1563,6480 1561,6479 1561,6478 1560,6476 1559,6476 1557,6475 1557,6470 1556,6468 1476,6468 1475,6467 1321,6468 1320,6467 1320,6464 1320,6464 1064,6464 1063,6465 1063,6467 1062,6468 1052,6468 1051,6467 728,6468 727,6469 727,6506 725,6508 724,6508 723,6509 723,6510 722,6511 722,6512 722,6512 701,6512 699,6514 699,6519 698,6520 697,6520 695,6519 695,6518 693,6515 692,6515 691,6515 691,6514 689,6511 688,6511 687,6511 687,6510 686,6508 681,6508 679,6507 679,6453 679,6452 427,6453 426,6453 426,6459 426,6460 425,6460 422,6462 422,6463 422,6464 420,6464 418,6462 418,6461 417,6460 396,6460 394,6458 394,6449 393,6448 392,6448 390,6446 390,6441 390,6441 389,6441 387,6439 387,6438 386,6437 386,6433 386,6433 385,6433 383,6431 383,6426 382,6425 381,6425 379,6423 379,6386 381,6385 382,6385 382,6384 382,6383 385,6381 386,6381 386,6380 386,6375 389,6373 390,6373 390,6372 390,6371 393,6369 394,6369 394,6368 394,6367 397,6365 507,6365 508,6366 563,6365 564,6367 564,6368 566,6369 781,6369 782,6367 782,6366 783,6366 784,6366 785,6365 792,6365 794,6367 794,6368 795,6369 1043,6368 1043,6368 1043,6355 1044,6354 1045,6354 1051,6348 1051,6343 1052,6342 1053,6342 1055,6340 1055,6336 1069,6322 1117,6322 1118,6321 1118,6320 1120,6318 1141,6318 1141,6318 1141,6317 1142,6316 1142,6315 1143,6314 1145,6314 1146,6316 1146,6317 1148,6318 1153,6318 1153,6319 1153,6320 1156,6322 1248,6322 1248,6322 1248,6323 1249,6324 1249,6328 1251,6330 1252,6330 1252,6330 1252,6376 1253,6377 1458,6376 1458,6376 1458,6332 1460,6330 1461,6330 1462,6329 1462,6328 1464,6326 1469,6326 1470,6325 1470,6324 1472,6322 1485,6322 1486,6324 1486,6325 1488,6326 1489,6326 1490,6328 1490,6329 1492,6330 1493,6330 1494,6332 1494,6377 1495,6377 1714,6377 1715,6378 1715,6379 1717,6381 1777,6381 1779,6383 1779,6384 1780,6385 1785,6385 1786,6386 2050,6385 2051,6384 2051,6383 2053,6381 2054,6381 2054,6382 2056,6384 2056,6385 2057,6385 2256,6385 2257,6383 2257,6382 2259,6381 2268,6381 2268,6381 2268,6382 2271,6385 2498,6384 2498,6384 2498,6336 2501,6333 2502,6333 2502,6333 2502,6332 2504,6330 2517,6330 2517,6330 2517,6329 2518,6328 2518,6327 2519,6326 2521,6326 2522,6328 2522,6329 2524,6330 2525,6330 2526,6332 2526,6333 2527,6333 2528,6334 2529,6334 2530,6336 2530,6381 2531,6381 2758,6381 2759,6382 2759,6383 2761,6385 2984,6384 2984,6384 2984,6333 2985,6332 2985,6331 2986,6330 2987,6330 2989,6328 2997,6328 2999,6330 3004,6330 3004,6331 3004,6332 3005,6332 3007,6334 3008,6334 3008,6335 3008,6381 3009,6381 3222,6381 3222,6380 3222,6334 3223,6334 3224,6334 3225,6333 3226,6331 3226,6330 3227,6330 3423,6329 3423,6329 3423,6327 3424,6326 3430,6326 3431,6325 3433,6325 3443,6336 3443,6441 3444,6441 3451,6441 3451,6442 3451,6443 3457,6448 3461,6448 3462,6449 3463,6449 3463,6450 3463,6455 3466,6457 3467,6457 3467,6458 3467,6467 3466,6468 3461,6468 3459,6467 3459,6466 3458,6464 3255,6465 3253,6466 3253,6467 3253,6468 3252,6468 3250,6469 3250,6485 3249,6486 3249,6487 3249,6488 3239,6488 3238,6487 3238,6486 3237,6485 3237,6484 3237,6484 3224,6484 3221,6481 3221,6480 3221,6480 3220,6480 3217,6477 3217,6476 3217,6476 3216,6476 3214,6474 3214,6473 3213,6472 3042,6472 3040,6471 3040,6470 3039,6468 2824,6468 2822,6470 2822,6471 2822,6472 2768,6472 2767,6472 2767,6482 2766,6484 2761,6484 2759,6482 2759,6481 2758,6480 2662,6480 2660,6478 2660,6477 2659,6476 2658,6476 2656,6474 2656,6472 2656,6472 2371,6472 2370,6471 2129,6472 2126,6475 2126,6476 2126,6476 1985,6476 1984,6477 1984,6523 1984,6523 1983,6523 1982,6524 1981,6524 1979,6526 1979,6527 1979,6527 1978,6527 1977,6528"/><TextEquiv index="1"><Unicode>compte aſſidu de ce que tu devenois. J'ai</Unicode></TextEquiv></TextLine></TextRegion></Page></PcGts>