4266 8567
606 831 4126 1048 ſu qu'entt'autres amans, tu avois eu un
835 1043 4126 1266 petit Perlencour, joli petit bon-homme
831 1256 4130 1477 de dix-ſept à dix-huit ans, libertin, en-
823 1464 4130 1689 fant gâté, brave, ſuſceptible d'enthou-
831 1676 4134 1901 ſiaſme, corrompu de bonne heure, vrai
818 1887 4143 2114 gibier pour moi. Je ſais qu'il eſt tombé
789 2106 4143 2287 entre les mains d'un certain Chevalier
793 2287 4147 2534 Marqué, & d'une Frédégonde, deux
831 2521 4134 2748 frippons ſubalternes, dignes du fouet. Ces
835 2737 4151 2955 malheureux voudroient entrer dans ma
844 2945 4151 3166 Société. Je daigne permettre qu'on les
844 3162 4151 3380 emploie quelquefois, pour quelque coup
840 3366 4151 3586 de main de peu de conſéquence; mais
844 3569 4155 3956 ereun de la doreéte ſuu
844 4002 4155 4227 terreine. Ils ſeront toujours des externes
840 4192 4147 4435 & des profanes, d'ignominieux ſujets,
844 4419 4160 4646 faits pour travailler ſeulement en ſous-
852 4631 4168 4856 ordre, en attendant qu'ils aillent pourrit
852 4843 4164 5053 dans les cachots de Bicêtre & de la Sal-
844 5051 1502 5259 pétrière.
1039 5268 4160 5477 Ce couple indigne eſt venu à bout de
750 5470 4160 5709 ruiner déjà, en grande partie, le petit
848 5675 4160 5917 imbécille de Perlencour; mais il pourra
848 5883 4151 6129 ſe mettre en état d'en ruiner d'autres
852 6104 4147 6341 par la ſuite; car, s'il a la crédulité de
844 6308 4164 6541 de ſon âge, ce n'eſt qu'un défaut d'ex-
840 6524 4143 6762 périence. Il a d'ailleurs du reſſort. Il y
852 6737 4138 6970 a de l'étoffe, en un mot, pour faire quel-
844 6949 4143 7161 que choſe de cet enfant. J'ai deſiré de
