4266 8078
797 926 4266 1152 à la vérité, mais continuellement. Les
811 1142 4266 1337 ténèbres s'éclairciſſoient un peu autour
1174 1332 4267 1544 de moi. Je me voyois dans le cas de périr
1170 1531 4267 1736 noyé, ſi l'eau montoit toujours, ſans que
1166 1731 4267 1931 j'euſſe le moyen de l'épuiſer. J'entrevis
1174 1929 4268 2136 une pompe, au coin de mon cachot; je
1175 2124 4268 2331 recourus à ſon ſecours, & je travaillai de
1174 2319 4269 2529 façon que bientôt l'eau fut tarie; mais,
1182 2518 4269 2723 dès que je ceſſai de pomper, elle reparut,
1182 2718 4270 2916 & je ſentis qu'il me faudroit, chaque
1190 2911 4270 3115 jour, travailler pendant pluſieurs heures,
1190 3107 4270 3311 pour pouvoir reſpirer ſans riſquer d'être
1198 3303 4271 3502 noyé. Je vis que j'étois condamné a
1198 3476 4271 3701 même ſupplice que les pareſſeux en Ho
1198 3696 4272 3900 lande; on les force de ſe remuer en ma-
1202 3889 4272 4096 nœuvrant ainſi à la pompe. Voilà donc de
1206 4087 4273 4294 l'occupation fixe & réglée; mais il m
1206 4284 4273 4491 falloit de la nourriture, pour me ſou-
1210 4480 4273 4710 tenir, en travaillant, & même ſans tr
1210 4673 1721 4824 vailler.
1289 4848 4274 5075 Pour de l'eau, j'en avois. Elle ne devoi
1214 5067 4275 5473 as puſle far bient les élolei ouunſ
1225 5456 4276 5667 pain, je n'en avois point, & l'on ne m'et
1226 5651 4276 5865 apportoit pas. Je m'apperçus qu'il y avot
1230 5847 4276 6067 une fenêtre à mon gîte; elle étoit bién
1226 6044 4277 6257 grillée, mais je pouvois paſſer mon bra
1230 6246 4277 6462 entre les barreaux; or, j'apperçus, dan
1242 6439 4278 6656 une pièce voiſine, où je pouvois atteindr
4072 6628 4278 6845 d
