<PcGts xmlns="http://schema.primaresearch.org/PAGE/gts/pagecontent/2017-07-15" xmlns:xsi="http://www.w3.org/2001/XMLSchema-instance" xsi:schemaLocation="http://schema.primaresearch.org/PAGE/gts/pagecontent/2017-07-15 http://schema.primaresearch.org/PAGE/gts/pagecontent/2017-07-15/pagecontent.xsd"><Metadata><Creator>User123</Creator><Created>2020-10-17T17:12:50</Created><LastChange>2020-10-17T17:12:50</LastChange></Metadata><Page imageFilename="0082.png" imageHeight="8092" imageWidth="4266"><TextRegion id="r0" type="paragraph" orientation="0.25"><Coords points="1,1 4264,1 4264,8090 1,8090"/><TextLine id="r0_l001"><Coords points="1511,676 2000,674 2001,858 1512,860"/><TextEquiv index="1"><Unicode>.</Unicode></TextEquiv></TextLine><TextLine id="r0_l002"><Coords points="1338,1114 1336,1113 1336,1112 1335,1110 1165,1111 1164,1110 1163,1110 1162,1110 1162,1099 1162,1098 1062,1099 1061,1098 1060,1098 1059,1097 1059,1096 1057,1094 1056,1094 1055,1093 1055,1092 1054,1091 1053,1091 1051,1089 1051,1059 1050,1059 913,1059 912,1058 571,1060 568,1063 396,1064 393,1067 294,1067 293,1065 293,1064 292,1064 291,1063 290,1063 289,1062 289,1057 287,1055 286,1055 285,1054 285,1041 283,1039 282,1039 281,1038 281,988 280,987 190,987 190,987 190,986 189,985 189,970 191,967 192,967 193,967 193,966 195,963 200,963 201,963 201,962 203,959 312,959 313,958 312,930 313,929 313,928 314,928 475,927 475,927 475,926 477,924 490,924 495,930 496,968 496,968 671,967 674,970 674,971 674,971 675,971 678,974 678,975 678,975 852,975 853,974 852,921 854,920 862,920 863,921 875,920 880,926 881,975 881,975 969,975 971,977 971,978 971,978 972,979 973,979 975,981 975,1013 976,1014 976,1015 976,1015 977,1015 979,1017 979,1031 979,1031 1165,1030 1166,1030 1166,985 1167,984 1166,945 1167,944 1168,944 1168,944 1174,938 1174,937 1175,936 1209,936 1209,935 1209,930 1210,929 1210,928 1211,928 1212,928 1214,925 1214,924 1215,924 1225,924 1225,924 1225,925 1228,928 1233,928 1233,928 1233,933 1236,936 1237,936 1237,936 1238,978 1238,979 1336,978 1337,978 1337,977 1338,975 1430,975 1432,974 1432,973 1433,971 1550,971 1551,972 1779,971 1780,972 1862,971 1863,972 2063,971 2064,971 2063,918 2065,916 2070,916 2071,915 2071,914 2073,912 2078,912 2078,912 2078,911 2081,908 2086,908 2087,910 2087,911 2089,912 2137,912 2142,917 2142,924 2143,925 2312,924 2313,926 2313,927 2315,928 2316,928 2317,930 2318,959 2318,959 2373,959 2374,960 2375,960 2376,960 2376,961 2377,963 2381,963 2382,964 2383,964 2384,964 2384,965 2385,967 2390,967 2392,969 2576,968 2577,967 2581,967 2583,966 2583,965 2583,964 2584,964 2585,963 2599,963 2600,962 2599,913 2605,908 2610,908 2610,907 2610,906 2611,905 2611,904 2612,904 2630,904 2630,904 2630,905 2633,908 2634,908 2634,908 2634,909 2635,910 2636,954 2636,955 2844,954 2846,952 2845,932 2846,932 2847,932 2849,929 2849,924 2850,924 2851,924 2857,917 2857,905 2859,904 2860,904 2860,903 2860,902 2863,900 2868,900 2868,899 2868,898 2871,896 2884,896 2884,896 2884,897 2885,898 2885,899 2886,900 2907,900 2909,902 2909,903 2910,904 2911,904 2912,905 2913,955 2913,956 3054,955 3055,954 3055,953 3056,952 3058,952 3059,951 3194,950 3195,950 3194,914 3197,911 3198,911 3198,911 3198,910 3200,908 3205,908 3206,907 3206,906 3208,904 3229,904 3230,906 3230,907 3232,908 3233,908 3234,910 3235,951 3235,951 3287,951 3289,952 3289,953 3289,954 3291,956 3292,956 3293,956 3293,957 3295,960 3296,960 3297,960 3297,961 3298,963 3302,963 3303,964 3304,964 3305,964 3305,969 3307,972 3308,972 3309,972 3309,981 3310,983 3311,983 3313,984 3313,1017 3311,1019 3310,1019 3309,1020 3309,1025 3307,1027 3306,1027 3305,1028 3305,1033 3303,1035 3298,1035 3297,1036 3297,1037 3295,1039 3294,1039 3293,1040 3293,1041 3291,1043 3215,1043 3214,1042 3052,1043 3051,1041 3051,1040 3049,1039 2762,1040 2759,1043 2623,1044 2620,1047 2492,1047 2492,1048 2492,1053 2489,1055 2488,1055 2488,1056 2488,1061 2485,1063 2484,1063 2484,1064 2484,1065 2482,1067 2477,1067 2476,1068 2476,1069 2474,1071 2473,1071 2472,1072 2472,1073 2470,1075 2306,1076 2301,1081 2301,1086 2301,1086 2300,1086 2297,1089 2297,1094 2297,1094 2296,1094 2293,1097 2293,1098 2293,1098 2292,1098 2291,1099 2285,1099 2284,1098 2283,1098 2281,1097 2281,1051 2280,1050 1948,1052 1948,1052 1948,1056 1945,1059 1944,1059 1944,1059 1944,1064 1934,1075 1930,1075 1926,1079 1914,1079 1912,1080 1912,1081 1912,1082 1909,1082 1908,1081 1908,1080 1908,1080 1906,1078 1905,1078 1904,1077 1904,1055 1903,1055 1706,1056 1706,1056 1706,1084 1704,1087 1703,1087 1702,1087 1702,1088 1700,1091 1699,1091 1698,1091 1698,1096 1697,1098 1693,1098 1692,1099 1691,1099 1690,1099 1690,1100 1689,1102 1684,1102 1682,1103 1682,1104 1681,1106 1680,1106 1679,1107 1678,1107 1677,1106 1676,1106 1662,1093 1662,1056 1661,1055 1543,1056 1543,1056 1543,1057 1541,1059 1460,1059 1460,1059 1460,1104 1458,1107 1457,1107 1456,1107 1456,1108 1455,1110 1365,1110 1364,1111 1364,1114 1364,1114"/><TextEquiv index="1"><Unicode>de la main, j'apperçus, dis-je, des ſacs de</Unicode></TextEquiv></TextLine><TextLine id="r0_l003"><Coords points="1848,1309 1847,1309 1847,1250 1846,1249 1722,1250 1721,1251 1721,1252 1720,1253 1710,1253 1710,1252 1710,1251 1707,1249 1476,1250 1476,1250 1476,1278 1473,1281 1472,1281 1472,1281 1472,1286 1469,1289 1468,1289 1468,1289 1468,1294 1466,1297 1461,1297 1460,1297 1460,1298 1458,1301 1450,1301 1448,1302 1448,1303 1447,1305 1446,1305 1443,1302 1443,1301 1443,1301 1442,1301 1440,1299 1440,1298 1439,1297 1438,1297 1436,1296 1436,1254 1435,1253 1226,1254 1225,1255 1225,1256 1224,1257 1211,1257 1210,1258 1210,1302 1208,1305 1207,1305 1206,1306 1206,1307 1204,1309 1192,1309 1190,1308 1190,1307 1190,1306 1189,1305 1188,1305 1186,1304 1186,1257 1185,1256 837,1258 836,1259 836,1260 835,1261 830,1261 828,1263 828,1264 827,1265 818,1265 816,1267 816,1268 815,1269 806,1269 804,1266 804,1265 803,1265 797,1265 797,1264 797,1261 796,1261 634,1262 633,1261 289,1262 289,1263 289,1264 287,1265 282,1265 274,1257 273,1257 273,1257 273,1206 272,1205 159,1206 158,1204 158,1198 158,1198 167,1198 170,1195 170,1194 170,1194 280,1193 281,1193 281,1185 281,1184 281,1183 282,1182 283,1182 284,1181 285,1181 285,1181 285,1172 287,1170 288,1170 289,1169 289,1160 291,1158 292,1158 293,1156 293,1147 295,1146 296,1146 297,1144 297,1139 299,1138 300,1138 300,1137 300,1136 303,1134 304,1134 304,1133 304,1132 307,1130 308,1130 308,1129 308,1128 311,1126 316,1126 316,1125 316,1124 319,1122 335,1122 336,1123 474,1122 475,1124 475,1125 477,1126 478,1126 479,1128 479,1133 481,1134 482,1134 483,1136 483,1174 484,1174 633,1174 634,1175 641,1174 642,1176 642,1177 644,1178 649,1178 650,1180 650,1181 652,1182 653,1182 653,1183 654,1185 655,1186 656,1186 657,1187 658,1188 658,1189 659,1190 812,1190 813,1189 812,1125 813,1124 813,1123 815,1122 816,1122 816,1121 816,1120 819,1118 888,1117 888,1117 888,1116 890,1114 899,1114 900,1116 900,1117 903,1119 904,1119 904,1120 904,1121 907,1123 908,1123 908,1124 908,1125 910,1126 911,1126 912,1128 912,1170 913,1170 963,1170 964,1172 964,1173 966,1174 1189,1173 1190,1172 1190,1171 1191,1170 1368,1169 1368,1169 1368,1168 1370,1166 1376,1166 1376,1167 1376,1170 1377,1170 1579,1169 1579,1169 1579,1124 1581,1122 1582,1122 1583,1121 1583,1120 1585,1118 1586,1118 1586,1118 1586,1117 1589,1114 1590,1114 1591,1116 1591,1126 1592,1126 1593,1126 1593,1127 1595,1129 1595,1130 1596,1130 1601,1130 1603,1133 1603,1170 1604,1170 1840,1169 1841,1168 1841,1163 1842,1162 1847,1162 1849,1160 1849,1159 1850,1158 1868,1158 1868,1159 1869,1221 1869,1221 2058,1220 2059,1220 2059,1192 2068,1182 2069,1182 2081,1170 2090,1170 2090,1170 2090,1169 2091,1168 2091,1167 2092,1166 2102,1166 2102,1166 2102,1114 2103,1113 2103,1112 2105,1110 2114,1110 2114,1110 2114,1109 2117,1106 2125,1106 2126,1107 2126,1108 2128,1110 2129,1110 2130,1111 2130,1161 2131,1162 2201,1162 2202,1163 2503,1161 2504,1160 2504,1159 2505,1158 2582,1158 2583,1160 2583,1162 2584,1162 2757,1161 2758,1160 2758,1159 2759,1158 2772,1158 2774,1156 2774,1155 2775,1154 2992,1153 2992,1153 2992,1152 2994,1150 2999,1150 2999,1150 2999,1149 3002,1146 3007,1146 3007,1147 3007,1148 3008,1149 3008,1150 3009,1150 3086,1150 3087,1151 3268,1150 3272,1154 3273,1154 3273,1154 3274,1197 3274,1198 3304,1198 3305,1198 3305,1199 3314,1209 3318,1209 3319,1210 3320,1210 3321,1210 3321,1220 3320,1221 3319,1221 3317,1223 3317,1232 3316,1233 3315,1233 3311,1237 3068,1238 3067,1239 3067,1240 3066,1241 3004,1241 3004,1241 3004,1240 3002,1238 2951,1238 2950,1237 2948,1237 2947,1236 2767,1237 2765,1240 2765,1241 2764,1241 2758,1241 2757,1240 2496,1241 2495,1240 2206,1242 2206,1242 2206,1243 2204,1245 2195,1245 2194,1246 2194,1247 2192,1249 2122,1249 2122,1250 2122,1306 2122,1306 2117,1306 2116,1307 2108,1307 2107,1307 2107,1250 2106,1249 1964,1250 1964,1250 1964,1263 1962,1265 1961,1265 1961,1265 1959,1267 1959,1268 1958,1269 1957,1269 1956,1270 1956,1271 1954,1273 1949,1273 1948,1274 1948,1275 1946,1277 1941,1277 1940,1278 1940,1279 1938,1281 1925,1281 1924,1279 1924,1249 1923,1249 1858,1249 1858,1250 1858,1309 1858,1309"/><TextEquiv index="1"><Unicode>farine. J'en perçai un, de mon couteau.</Unicode></TextEquiv></TextLine><TextLine id="r0_l004"><Coords points="241,1518 241,1518 241,1517 242,1515 243,1515 245,1514 245,1505 246,1503 474,1502 475,1502 475,1468 474,1467 279,1468 278,1467 277,1467 277,1467 277,1466 274,1463 273,1463 273,1463 273,1446 271,1444 270,1444 269,1443 269,1442 267,1440 266,1440 265,1439 265,1437 265,1436 289,1436 290,1436 289,1322 290,1321 299,1321 301,1318 301,1317 302,1317 1047,1314 1048,1313 2106,1308 2107,1307 2116,1307 2117,1306 2598,1304 2599,1302 2599,1301 2600,1301 2609,1301 2611,1298 2611,1297 2612,1297 3231,1294 3232,1293 3241,1293 3241,1294 3241,1295 3242,1295 3244,1297 3245,1297 3246,1299 3246,1340 3247,1340 3307,1340 3308,1341 3309,1341 3309,1341 3309,1342 3312,1345 3313,1345 3313,1345 3313,1346 3316,1349 3317,1349 3317,1349 3317,1354 3320,1357 3321,1357 3321,1357 3322,1410 3321,1411 3321,1414 3319,1416 3318,1416 3317,1417 3317,1422 3315,1424 3314,1424 3313,1425 3313,1426 3311,1428 3306,1428 3305,1429 3305,1430 3303,1432 3294,1432 3293,1433 3293,1434 3291,1436 3134,1437 3134,1437 3134,1492 3133,1493 1920,1498 1919,1499 1698,1500 1698,1500 1698,1501 1696,1503 515,1508 515,1509 515,1510 513,1511 257,1512 257,1513 257,1518 256,1518"/><TextEquiv index="1"><Unicode>Je pris la farine à poignée; je la mettois</Unicode></TextEquiv></TextLine><TextLine id="r0_l005"><Coords points="965,1702 963,1700 963,1699 962,1698 961,1698 960,1697 960,1650 959,1649 535,1651 535,1651 535,1652 533,1654 531,1654 530,1653 361,1654 360,1652 360,1651 358,1650 290,1650 288,1648 288,1647 287,1646 282,1646 281,1645 278,1643 278,1642 273,1637 273,1632 273,1631 272,1631 267,1626 266,1626 265,1626 265,1524 264,1523 242,1523 241,1522 241,1519 241,1518 307,1518 310,1515 326,1515 329,1517 329,1518 329,1519 330,1519 332,1520 332,1521 333,1522 333,1570 334,1571 530,1570 533,1567 546,1567 547,1568 840,1567 841,1568 1085,1567 1086,1565 1086,1564 1088,1563 1217,1562 1217,1561 1217,1517 1219,1515 1220,1515 1221,1514 1221,1513 1223,1511 1235,1511 1237,1512 1237,1513 1237,1514 1238,1515 1239,1515 1241,1516 1241,1559 1242,1560 1360,1559 1360,1560 1360,1561 1363,1563 1598,1562 1599,1561 1599,1560 1600,1559 1753,1559 1753,1558 1753,1548 1755,1547 1756,1547 1757,1545 1757,1536 1759,1535 1760,1535 1761,1533 1761,1528 1763,1527 1764,1527 1765,1525 1765,1524 1766,1523 1767,1523 1769,1521 1769,1516 1770,1515 1775,1515 1777,1513 1777,1508 1778,1507 1784,1506 1785,1506 1785,1505 1786,1503 1811,1503 1812,1504 1812,1505 1818,1511 1914,1511 1916,1512 1916,1513 1916,1514 1917,1515 1918,1515 1920,1516 1920,1550 1921,1551 1959,1551 1960,1552 1960,1553 1961,1554 1962,1555 1963,1555 1964,1556 2042,1555 2043,1557 2043,1558 2045,1559 2166,1559 2166,1558 2166,1524 2167,1523 2168,1523 2170,1521 2170,1520 2171,1519 2184,1519 2186,1520 2186,1521 2186,1522 2359,1521 2360,1520 2360,1506 2361,1505 2361,1504 2362,1503 2367,1503 2368,1502 2368,1501 2370,1499 2382,1499 2384,1500 2384,1554 2385,1555 2590,1554 2597,1547 2682,1547 2682,1546 2682,1536 2684,1535 2685,1535 2686,1533 2686,1528 2688,1527 2689,1527 2690,1525 2690,1516 2691,1515 2692,1515 2694,1513 2694,1500 2695,1499 2875,1498 2878,1495 3002,1494 3005,1491 3014,1491 3015,1491 3015,1490 3017,1487 3021,1487 3023,1489 3023,1490 3024,1491 3041,1491 3043,1493 3134,1493 3135,1493 3135,1494 3135,1495 3136,1495 3138,1497 3139,1497 3139,1498 3139,1499 3140,1499 3142,1500 3142,1501 3143,1502 3143,1547 3144,1548 3205,1547 3206,1549 3206,1550 3208,1551 3209,1551 3210,1553 3210,1554 3212,1555 3213,1555 3214,1557 3214,1602 3215,1602 3303,1602 3304,1603 3305,1603 3305,1603 3305,1604 3308,1607 3309,1607 3309,1607 3309,1608 3312,1611 3313,1611 3313,1611 3313,1612 3315,1614 3319,1614 3320,1615 3321,1615 3321,1615 3322,1639 3321,1640 3321,1644 3319,1646 3318,1646 3317,1647 3317,1648 3315,1650 3314,1650 3313,1651 3313,1652 3311,1654 3310,1654 3309,1655 3309,1655 3309,1656 3307,1658 3306,1658 3305,1659 3305,1659 3305,1660 3303,1662 3282,1662 3281,1660 3280,1630 3280,1630 3172,1630 3171,1629 2946,1630 2945,1629 2720,1630 2718,1632 2718,1633 2717,1634 2619,1635 2618,1635 2619,1683 2616,1686 2576,1686 2575,1685 2575,1684 2573,1682 2572,1682 2571,1681 2570,1638 2570,1637 2187,1639 2187,1639 2187,1640 2186,1641 2186,1664 2184,1666 2183,1666 2182,1667 2182,1672 2180,1674 2179,1674 2178,1675 2178,1680 2176,1682 2175,1682 2174,1683 2174,1684 2172,1686 2167,1686 2166,1687 2166,1688 2164,1690 2159,1690 2158,1688 2158,1642 2157,1642 2032,1642 2031,1641 1822,1642 1821,1641 1616,1642 1614,1645 1614,1646 1613,1646 1464,1647 1464,1647 1464,1655 1463,1656 1463,1657 1462,1658 1461,1658 1460,1659 1460,1663 1459,1664 1459,1665 1458,1666 1457,1666 1456,1667 1456,1671 1439,1689 1439,1690 1438,1690 1429,1690 1428,1689 1428,1647 1427,1646 1333,1646 1332,1645 999,1647 999,1647 999,1700 997,1702"/><TextEquiv index="1"><Unicode>dans ma poche; enſuite je la pêtriſſois,</Unicode></TextEquiv></TextLine><TextLine id="r0_l006"><Coords points="2556,1892 2555,1891 2555,1890 2553,1888 2528,1888 2527,1887 2527,1886 2526,1885 2525,1885 2523,1883 2522,1833 2522,1832 2307,1833 2306,1832 2096,1833 2095,1834 2095,1835 2093,1837 2034,1837 2033,1836 1859,1837 1858,1836 1856,1836 1855,1837 1856,1894 1855,1894 1845,1894 1844,1895 1837,1895 1837,1895 1836,1837 1836,1836 1576,1837 1575,1838 1576,1896 1575,1896 1566,1896 1566,1896 1565,1838 1565,1837 1516,1838 1515,1838 1515,1839 1514,1841 1354,1841 1353,1842 1353,1850 1352,1851 1352,1852 1351,1853 1350,1853 1349,1854 1348,1855 1348,1856 1348,1856 1347,1856 1344,1859 1344,1860 1344,1860 1343,1860 1341,1862 1341,1863 1340,1864 1340,1864 1339,1864 1337,1866 1337,1867 1336,1868 1331,1868 1327,1872 1322,1873 1321,1872 1317,1872 1317,1871 1316,1869 1315,1868 1314,1868 1313,1867 1313,1841 1313,1841 1048,1842 1047,1842 1047,1843 1047,1844 1046,1844 1045,1845 1043,1843 1043,1842 1042,1841 810,1842 807,1845 788,1845 787,1844 786,1844 785,1843 785,1842 784,1841 552,1842 549,1845 485,1845 483,1847 483,1848 483,1848 482,1848 481,1849 462,1849 461,1848 288,1849 287,1848 286,1848 285,1848 285,1847 283,1844 282,1844 281,1844 281,1835 280,1833 279,1833 277,1832 277,1779 279,1777 280,1777 281,1776 281,1775 283,1773 284,1773 285,1772 285,1771 287,1769 288,1769 289,1768 289,1767 291,1765 296,1765 297,1763 297,1762 299,1761 311,1761 312,1762 705,1760 705,1760 705,1717 706,1716 706,1715 706,1714 707,1714 709,1713 709,1712 710,1710 723,1710 725,1709 725,1708 726,1706 728,1706 729,1707 729,1708 731,1710 732,1710 733,1711 733,1748 734,1749 735,1749 737,1751 737,1757 738,1757 920,1756 920,1756 920,1711 920,1710 929,1710 932,1708 932,1707 932,1706 934,1706 935,1705 936,1706 938,1706 940,1708 940,1709 941,1710 942,1710 944,1712 944,1717 944,1717 980,1717 981,1718 982,1718 983,1718 983,1719 985,1722 986,1722 987,1722 987,1727 989,1730 990,1730 991,1730 991,1756 992,1757 1049,1757 1050,1758 1224,1757 1226,1759 1226,1760 1227,1761 1228,1761 1229,1762 1229,1763 1230,1764 1230,1812 1231,1813 1448,1812 1448,1811 1448,1786 1450,1785 1451,1785 1452,1783 1452,1778 1454,1777 1455,1777 1455,1776 1455,1775 1458,1773 1459,1773 1459,1772 1459,1771 1462,1769 1463,1769 1463,1768 1463,1767 1466,1765 1471,1765 1471,1764 1471,1763 1474,1761 1479,1761 1479,1760 1479,1759 1482,1757 1487,1757 1487,1756 1487,1707 1488,1706 1493,1706 1495,1704 1495,1703 1496,1702 1501,1702 1503,1700 1503,1699 1504,1698 1510,1698 1511,1698 1511,1699 1513,1702 1518,1702 1519,1702 1519,1757 1520,1758 1725,1757 1725,1756 1725,1755 1727,1753 1747,1753 1748,1754 2105,1752 2108,1749 2111,1752 2111,1753 2111,1753 2308,1752 2309,1752 2309,1751 2310,1749 2355,1749 2356,1749 2356,1705 2357,1703 2357,1702 2357,1702 2358,1702 2361,1699 2361,1698 2361,1698 2370,1698 2373,1695 2373,1694 2373,1694 2383,1694 2384,1694 2384,1748 2384,1749 2410,1749 2411,1750 2637,1749 2638,1748 2638,1747 2640,1745 2656,1745 2657,1746 2838,1745 2841,1747 2841,1796 2842,1797 3023,1796 3023,1796 3023,1756 3026,1753 3027,1753 3027,1753 3027,1752 3029,1749 3030,1749 3031,1749 3031,1748 3033,1745 3061,1745 3063,1743 3063,1742 3064,1741 3140,1741 3141,1742 3195,1741 3196,1742 3197,1742 3198,1743 3198,1745 3198,1745 3243,1745 3246,1748 3246,1765 3247,1765 3336,1765 3337,1766 3337,1767 3339,1769 3340,1769 3341,1770 3341,1783 3340,1785 3339,1785 3337,1786 3337,1787 3336,1789 3331,1789 3329,1790 3329,1791 3328,1793 3259,1793 3258,1794 3258,1819 3256,1821 3255,1821 3254,1822 3254,1823 3252,1825 3140,1826 3137,1829 3129,1829 3128,1828 2953,1828 2952,1829 2952,1836 2952,1836 2951,1836 2948,1839 2948,1844 2948,1844 2947,1844 2941,1850 2940,1851 2940,1852 2940,1852 2939,1852 2938,1853 2934,1853 2932,1855 2932,1856 2932,1856 2931,1856 2930,1857 2925,1858 2924,1858 2924,1859 2924,1860 2923,1860 2922,1861 2911,1861 2908,1858 2908,1829 2908,1829 2804,1829 2803,1830 2804,1889 2803,1889 2787,1889 2787,1889 2786,1830 2786,1829 2643,1830 2642,1830 2642,1831 2641,1833 2567,1833 2566,1834 2567,1887 2565,1888 2560,1888 2559,1890 2559,1892 2558,1892"/><TextEquiv index="1"><Unicode>avec de l'eau, dans mon chapeau, ren-</Unicode></TextEquiv></TextLine><TextLine id="r0_l007"><Coords points="1787,2083 1786,2082 1652,2083 1650,2082 1650,2081 1649,2079 1648,2079 1646,2078 1646,2036 1646,2035 1553,2036 1552,2035 1453,2035 1452,2034 1452,2033 1450,2031 1215,2032 1213,2033 1213,2034 1213,2035 1140,2035 1139,2034 997,2035 995,2033 995,2032 994,2031 973,2031 972,2030 759,2031 757,2032 757,2033 756,2035 743,2035 742,2034 410,2035 408,2037 408,2038 407,2040 389,2040 388,2040 388,2041 387,2043 307,2043 305,2044 305,2045 304,2047 302,2047 301,2046 301,2045 297,2041 297,2029 295,2027 294,2027 293,2027 293,2022 291,2019 290,2019 289,2019 289,2014 287,2011 286,2011 285,2011 285,2006 283,2003 282,2003 281,2003 281,1998 279,1995 278,1995 277,1995 277,1994 275,1991 266,1991 265,1991 265,1990 264,1988 263,1987 262,1987 261,1987 261,1966 263,1963 264,1963 265,1963 265,1962 266,1960 389,1960 392,1957 392,1956 392,1956 510,1955 511,1955 511,1954 512,1952 513,1952 515,1951 515,1942 516,1940 517,1940 519,1939 519,1926 520,1924 521,1924 523,1923 523,1918 524,1916 525,1916 527,1914 527,1913 528,1912 529,1912 531,1910 531,1909 532,1908 533,1908 535,1906 535,1905 536,1904 541,1904 543,1902 543,1901 544,1900 612,1900 614,1901 614,1902 615,1904 616,1904 618,1905 618,1916 618,1917 779,1916 781,1917 781,1918 782,1920 783,1920 785,1921 785,1926 786,1928 787,1928 789,1929 789,1947 789,1948 851,1948 852,1948 852,1952 852,1953 1121,1951 1122,1951 1122,1950 1123,1948 1279,1948 1280,1949 1406,1948 1408,1950 1408,1951 1409,1952 1550,1952 1551,1951 1551,1934 1552,1933 1553,1933 1555,1931 1555,1922 1556,1920 1557,1920 1559,1919 1559,1910 1560,1908 1561,1908 1563,1907 1563,1898 1564,1896 1576,1896 1579,1899 1579,1952 1579,1952 1668,1952 1669,1953 1788,1952 1789,1952 1789,1922 1790,1920 1791,1920 1793,1919 1793,1918 1794,1916 1795,1916 1797,1915 1797,1914 1797,1913 1798,1912 1799,1912 1801,1911 1801,1910 1802,1908 1832,1908 1833,1908 1833,1898 1834,1896 1835,1896 1836,1895 1844,1895 1845,1894 1856,1894 1857,1895 1857,1896 1857,1896 1858,1896 1861,1899 1861,1912 1861,1912 1862,1912 1865,1915 1865,1948 1865,1948 2153,1947 2154,1946 2154,1933 2155,1932 2156,1932 2158,1930 2158,1921 2159,1920 2160,1920 2162,1918 2162,1909 2163,1908 2164,1908 2166,1906 2166,1905 2167,1904 2167,1904 2168,1904 2170,1902 2170,1901 2171,1900 2171,1900 2172,1900 2174,1898 2174,1897 2175,1896 2184,1896 2186,1894 2186,1893 2187,1892 2387,1891 2390,1888 2398,1888 2400,1889 2400,1890 2401,1892 2402,1892 2403,1893 2497,1892 2500,1895 2500,1896 2500,1896 2501,1896 2504,1899 2504,1900 2504,1900 2505,1900 2507,1902 2507,1903 2508,1904 2508,1944 2508,1944 2573,1944 2574,1945 2780,1944 2781,1944 2781,1895 2786,1889 2966,1888 2968,1887 2968,1886 2969,1884 2993,1884 2994,1885 3168,1884 3170,1886 3170,1887 3171,1888 3171,1888 3172,1888 3174,1890 3174,1891 3175,1892 3175,1892 3176,1892 3178,1894 3178,1936 3178,1936 3315,1936 3317,1937 3317,1938 3318,1940 3327,1940 3329,1941 3329,1942 3330,1944 3339,1944 3341,1945 3341,1950 3339,1952 3337,1952 3337,1952 3337,1982 3337,1983 3336,1983 3331,1988 3330,1988 3329,1988 3329,2001 3327,2004 3326,2004 3325,2004 3325,2013 3324,2015 3319,2015 3317,2016 3317,2017 3316,2019 3240,2019 3238,2021 3238,2022 3237,2023 3164,2023 3163,2022 3128,2023 3127,2022 3127,2021 3125,2019 2909,2020 2908,2020 2908,2022 2908,2023 2568,2024 2567,2025 2567,2026 2566,2027 2557,2027 2555,2029 2555,2030 2554,2031 2553,2031 2551,2030 2551,2029 2550,2027 2481,2027 2480,2026 2268,2027 2265,2030 2265,2031 2265,2031 2251,2031 2250,2030 2148,2031 2146,2029 2146,2028 2145,2027 1925,2028 1924,2028 1924,2029 1923,2031 1814,2031 1813,2032 1813,2042 1812,2043 1811,2043 1809,2045 1809,2054 1808,2055 1807,2055 1805,2057 1805,2062 1804,2063 1803,2063 1801,2065 1801,2070 1800,2071 1799,2071 1797,2073 1797,2078 1796,2079 1791,2079 1789,2081 1789,2082 1788,2083"/><TextEquiv index="1"><Unicode>verſé &amp; retourné; j'en faiſois ainſi des</Unicode></TextEquiv></TextLine><TextLine id="r0_l008"><Coords points="425,2285 424,2285 424,2284 422,2281 421,2281 420,2281 420,2238 420,2237 308,2238 307,2237 306,2237 305,2236 305,2235 304,2234 299,2234 297,2232 297,2231 296,2230 291,2230 289,2229 289,2228 288,2226 287,2226 285,2225 285,2224 284,2222 283,2222 281,2221 281,2216 279,2214 278,2214 277,2213 277,2208 275,2206 274,2206 273,2205 273,2184 274,2182 275,2182 277,2181 277,2172 278,2170 279,2170 281,2169 281,2168 282,2166 283,2166 285,2165 285,2164 286,2162 287,2162 289,2161 289,2160 290,2158 291,2158 293,2157 293,2156 294,2154 299,2154 301,2152 301,2151 302,2150 366,2150 368,2148 368,2145 367,2145 142,2146 142,2145 142,2131 142,2131 143,2131 146,2128 146,2127 147,2126 371,2125 372,2124 372,2120 378,2114 379,2114 380,2113 380,2107 380,2107 381,2107 382,2106 387,2106 388,2105 388,2104 389,2103 393,2103 395,2101 396,2101 396,2100 396,2099 397,2099 399,2099 400,2098 902,2095 903,2094 904,2094 904,2094 904,2093 906,2091 1998,2087 1999,2085 1999,2084 2001,2083 2006,2083 2007,2081 2007,2080 2009,2079 2010,2080 2011,2080 2011,2080 2011,2081 2014,2083 2023,2083 2023,2084 2023,2085 2025,2086 2926,2083 2927,2084 2931,2083 2932,2084 3320,2083 3321,2084 3321,2085 3322,2086 3323,2086 3325,2088 3326,2197 3326,2198 3347,2198 3349,2199 3349,2204 3347,2206 3342,2206 3341,2207 3341,2208 3340,2210 3335,2210 3333,2211 3333,2212 3332,2214 3124,2215 3121,2218 3116,2218 3115,2218 3115,2219 3113,2222 2683,2224 2682,2224 2682,2274 2682,2275 2675,2275 2674,2274 2674,2225 2674,2225 1183,2231 1182,2232 1182,2244 1180,2246 1179,2246 1178,2247 1178,2260 1177,2261 1176,2261 1174,2263 1174,2264 1173,2265 1172,2265 1170,2267 1170,2268 1169,2269 1164,2269 1162,2271 1162,2272 1161,2273 1156,2273 1154,2275 1154,2276 1153,2277 1136,2277 1135,2278 1135,2279 1134,2280 1134,2281 1134,2281 432,2284 431,2285"/><TextEquiv index="1"><Unicode>eſpèces de galettes. Il falloit les cuire. Il</Unicode></TextEquiv></TextLine><TextLine id="r0_l009"><Coords points="287,2476 285,2475 285,2474 284,2473 284,2472 283,2472 281,2471 281,2362 280,2361 279,2361 278,2360 277,2360 277,2360 277,2354 277,2353 278,2353 279,2352 285,2347 285,2346 285,2345 442,2344 444,2343 444,2342 444,2341 676,2340 678,2339 678,2338 678,2337 682,2337 683,2337 682,2287 684,2285 700,2285 702,2288 702,2289 703,2289 704,2289 706,2292 707,2333 707,2333 743,2333 747,2337 767,2337 769,2338 769,2339 769,2340 770,2340 773,2342 773,2387 773,2388 935,2387 936,2387 936,2366 936,2365 937,2365 940,2363 940,2362 940,2361 941,2361 944,2359 944,2354 944,2353 945,2353 948,2351 948,2350 948,2349 953,2349 956,2347 956,2346 956,2345 965,2345 968,2343 968,2342 968,2341 979,2341 980,2341 979,2291 981,2289 986,2289 988,2286 988,2285 989,2285 994,2285 996,2282 996,2281 997,2281 1002,2281 1003,2282 1003,2283 1005,2285 1006,2285 1007,2286 1007,2287 1009,2289 1010,2289 1011,2290 1012,2336 1012,2337 1224,2336 1226,2334 1226,2333 1226,2333 1236,2333 1237,2333 1237,2334 1239,2337 1244,2337 1245,2338 1513,2337 1514,2338 1731,2337 1734,2334 1734,2333 1734,2333 1895,2332 1896,2332 1896,2331 1897,2329 1928,2329 1929,2328 1928,2290 1930,2289 1931,2289 1932,2287 1932,2282 1934,2281 1939,2281 1940,2279 1940,2278 1942,2277 1951,2277 1952,2278 1952,2283 1956,2287 1957,2328 1957,2329 2126,2328 2128,2327 2127,2326 2128,2325 2134,2325 2134,2325 2135,2326 2136,2327 2136,2328 2136,2329 2137,2329 2138,2329 2138,2332 2138,2333 2160,2333 2162,2334 2162,2335 2162,2336 2163,2336 2165,2338 2338,2337 2341,2335 2341,2334 2341,2333 2360,2333 2361,2332 2360,2284 2361,2283 2361,2282 2363,2281 2364,2281 2364,2280 2364,2279 2367,2277 2380,2277 2380,2276 2380,2275 2381,2274 2381,2273 2382,2273 2383,2273 2385,2275 2385,2276 2386,2277 2387,2277 2388,2278 2388,2324 2389,2325 2447,2325 2449,2326 2449,2328 2449,2329 2458,2329 2460,2330 2460,2331 2461,2333 2462,2333 2463,2334 2664,2333 2666,2331 2666,2330 2667,2329 2666,2282 2667,2282 2668,2282 2675,2275 2682,2275 2684,2277 2689,2277 2690,2278 2690,2320 2691,2321 2693,2321 2694,2322 2695,2325 2695,2326 2753,2325 2754,2326 2754,2328 2755,2329 3007,2328 3008,2328 3007,2292 3010,2289 3011,2289 3011,2289 3011,2288 3014,2285 3023,2285 3023,2285 3023,2284 3026,2281 3030,2281 3031,2280 3031,2279 3033,2277 3034,2277 3036,2280 3036,2281 3037,2281 3038,2281 3039,2283 3039,2296 3041,2297 3042,2297 3043,2299 3044,2329 3044,2329 3155,2329 3156,2330 3260,2329 3261,2330 3261,2331 3263,2333 3264,2333 3265,2334 3265,2335 3266,2336 3266,2344 3267,2345 3268,2345 3269,2346 3269,2347 3270,2348 3270,2349 3270,2349 3335,2349 3337,2350 3337,2351 3337,2352 3338,2352 3341,2354 3341,2359 3341,2360 3342,2360 3345,2362 3345,2378 3343,2380 3342,2380 3341,2381 3282,2381 3282,2381 3282,2404 3281,2405 3281,2407 3280,2408 3083,2409 3083,2409 3083,2410 3081,2412 2949,2412 2948,2414 2948,2415 2946,2416 2941,2416 2940,2415 2940,2414 2938,2412 2927,2413 2926,2412 2611,2413 2611,2413 2611,2414 2609,2416 2607,2416 2607,2415 2607,2414 2603,2411 2250,2412 2250,2413 2250,2426 2239,2437 2238,2437 2232,2444 2223,2444 2222,2444 2222,2445 2221,2446 2221,2447 2221,2448 2212,2448 2210,2446 2210,2416 2209,2416 2135,2416 2134,2414 2134,2413 2132,2412 2044,2412 2043,2411 1794,2412 1793,2414 1793,2415 1791,2416 1786,2416 1785,2415 1552,2417 1551,2416 1323,2417 1322,2416 1135,2416 1134,2415 852,2417 852,2417 852,2422 850,2424 849,2424 849,2424 849,2425 848,2426 848,2430 846,2432 845,2432 845,2432 845,2433 842,2436 841,2436 841,2436 841,2437 838,2440 837,2440 837,2440 837,2441 835,2444 830,2444 829,2444 829,2445 827,2448 819,2448 817,2446 817,2420 816,2420 742,2420 741,2419 741,2417 740,2416 539,2417 539,2417 539,2422 537,2424 532,2424 531,2422 531,2421 529,2420 325,2421 324,2422 324,2423 323,2424 322,2424 321,2425 321,2429 320,2430 320,2431 319,2432 318,2432 317,2433 317,2441 314,2444 313,2444 313,2444 313,2453 311,2456 310,2456 309,2456 309,2461 307,2464 306,2464 305,2464 305,2469 303,2472 298,2472 297,2472 297,2473 295,2476"/><TextEquiv index="1"><Unicode>y avoit, dans mon cachot, de vieux lam-</Unicode></TextEquiv></TextLine><TextLine id="r0_l010"><Coords points="3251,2667 3251,2667 3251,2608 3250,2607 3055,2608 3055,2608 3055,2609 3053,2611 2973,2611 2972,2610 2972,2609 2970,2607 2965,2607 2964,2606 2719,2607 2718,2606 2509,2607 2508,2606 2127,2608 2124,2611 1976,2612 1973,2615 1971,2612 1971,2611 1970,2611 1814,2611 1813,2610 1579,2611 1579,2612 1579,2668 1578,2668 1575,2668 1575,2668 1575,2616 1574,2615 1572,2615 1571,2614 1571,2613 1569,2611 1564,2611 1563,2610 1170,2612 1170,2613 1170,2653 1167,2655 1166,2655 1166,2656 1166,2657 1164,2658 1163,2658 1162,2660 1162,2661 1160,2662 1143,2662 1142,2661 1142,2611 1141,2610 725,2612 725,2613 725,2614 723,2615 707,2615 705,2613 705,2612 704,2611 515,2612 515,2613 515,2614 514,2614 513,2614 512,2615 340,2616 340,2616 340,2617 338,2619 291,2619 290,2618 289,2618 289,2618 289,2567 288,2566 146,2567 146,2567 146,2676 145,2678 144,2678 143,2679 128,2679 127,2678 112,2678 110,2676 110,2667 111,2666 120,2666 122,2664 122,2663 123,2662 124,2662 126,2660 126,2655 127,2654 133,2654 134,2653 133,2559 134,2558 134,2552 136,2551 137,2551 138,2549 138,2544 140,2543 281,2542 281,2542 281,2489 282,2488 283,2488 285,2486 285,2485 286,2484 439,2483 440,2482 440,2481 441,2480 451,2480 451,2481 451,2482 454,2484 455,2484 455,2485 455,2486 458,2488 459,2488 459,2489 459,2490 460,2491 460,2531 461,2531 638,2531 638,2530 638,2521 639,2521 640,2520 642,2518 642,2517 643,2516 644,2516 645,2515 670,2515 670,2515 670,2493 671,2492 672,2492 673,2491 675,2491 676,2492 677,2492 678,2494 678,2495 679,2495 680,2495 682,2498 682,2499 683,2499 684,2499 686,2502 686,2503 687,2503 688,2503 690,2506 690,2523 691,2523 872,2522 872,2522 872,2482 875,2479 880,2479 880,2479 880,2478 882,2476 895,2476 896,2478 896,2479 897,2479 898,2479 903,2484 904,2484 904,2485 904,2527 905,2527 1038,2527 1039,2528 1039,2529 1041,2531 1046,2531 1047,2532 1260,2531 1261,2529 1261,2528 1263,2527 1428,2526 1428,2526 1428,2525 1430,2523 1431,2523 1432,2525 1432,2526 1434,2527 1518,2527 1519,2528 1653,2527 1654,2529 1654,2530 1656,2531 1841,2530 1841,2530 1841,2521 1843,2519 1844,2519 1844,2519 1844,2511 1845,2510 1845,2509 1846,2508 1847,2507 1848,2507 1848,2507 1848,2499 1849,2498 1849,2485 1851,2483 1852,2483 1853,2482 1853,2481 1854,2480 1855,2480 1857,2478 1857,2477 1858,2476 1876,2476 1876,2477 1876,2494 1879,2496 1880,2496 1880,2497 1880,2514 1882,2515 1883,2515 1884,2517 1884,2524 1885,2524 2061,2523 2062,2524 2063,2524 2063,2525 2063,2526 2065,2527 2285,2526 2288,2523 2462,2523 2463,2524 2526,2523 2528,2526 2528,2527 2529,2527 2734,2526 2734,2526 2734,2525 2736,2523 2964,2522 2964,2522 2964,2521 2966,2519 2974,2519 2976,2522 2976,2523 2977,2523 3121,2523 3122,2524 3244,2523 3246,2526 3247,2583 3247,2583 3331,2583 3333,2584 3333,2593 3334,2595 3335,2595 3337,2596 3337,2601 3337,2602 3338,2602 3341,2604 3341,2613 3340,2614 3339,2614 3338,2615 3337,2615 3337,2615 3337,2620 3334,2623 3333,2623 3333,2623 3333,2629 3332,2630 3331,2630 3330,2631 3325,2631 3325,2631 3325,2632 3323,2634 3319,2634 3317,2636 3317,2637 3316,2638 3314,2638 3313,2639 3306,2639 3305,2640 3305,2641 3304,2642 3302,2642 3301,2643 3300,2643 3299,2642 3298,2642 3297,2640 3297,2639 3296,2639 3295,2639 3293,2636 3293,2607 3292,2607 3256,2607 3256,2608 3256,2667 3255,2667"/><TextEquiv index="1"><Unicode>bris &amp; des poutres. Avec mon couteau,</Unicode></TextEquiv></TextLine><TextLine id="r0_l011"><Coords points="3269,2864 3269,2864 3269,2806 3268,2805 3179,2805 3178,2804 2981,2805 2979,2803 2979,2802 2978,2801 2927,2802 2926,2801 2735,2801 2733,2804 2733,2805 2732,2805 2698,2806 2697,2805 2448,2806 2448,2806 2448,2835 2446,2837 2429,2837 2428,2835 2428,2809 2427,2809 2330,2809 2329,2808 2163,2809 2162,2807 2162,2806 2160,2805 1932,2806 1932,2806 1932,2807 1930,2809 1925,2809 1924,2807 1924,2806 1922,2805 1781,2806 1780,2805 1515,2806 1515,2806 1515,2807 1513,2809 1393,2809 1392,2808 1392,2807 1390,2805 1385,2805 1384,2804 999,2806 999,2806 999,2807 997,2809 777,2810 777,2810 777,2859 776,2860 775,2860 773,2862 773,2863 772,2864 771,2864 770,2865 759,2865 758,2864 757,2864 757,2863 757,2862 755,2861 735,2861 733,2859 733,2810 732,2809 659,2809 658,2808 388,2810 388,2810 388,2811 386,2813 377,2813 376,2814 376,2815 374,2817 321,2817 321,2817 321,2838 318,2841 317,2841 317,2841 317,2846 314,2849 313,2849 313,2849 313,2854 310,2857 309,2857 309,2857 309,2858 306,2861 305,2861 305,2861 305,2862 302,2865 290,2865 289,2864 288,2710 288,2709 124,2710 122,2708 122,2703 124,2702 125,2702 126,2700 126,2679 127,2679 142,2679 142,2679 142,2694 143,2695 316,2694 316,2694 316,2695 319,2698 320,2698 320,2698 320,2699 321,2700 321,2729 322,2730 507,2729 507,2729 507,2728 509,2726 693,2725 693,2725 693,2724 695,2722 757,2722 758,2723 924,2722 924,2722 924,2676 926,2674 927,2674 927,2674 928,2673 928,2672 929,2670 945,2670 950,2674 951,2674 951,2675 951,2676 952,2677 952,2726 953,2726 1162,2725 1162,2725 1162,2676 1164,2674 1169,2674 1170,2673 1170,2672 1171,2670 1180,2670 1181,2671 1181,2672 1184,2674 1185,2674 1186,2676 1186,2722 1187,2722 1376,2721 1376,2721 1376,2676 1378,2674 1383,2674 1384,2673 1384,2672 1385,2670 1573,2669 1574,2668 1578,2668 1580,2670 1763,2670 1766,2667 1766,2666 1766,2666 1771,2666 1773,2667 1773,2670 1773,2671 1862,2670 1865,2673 1865,2674 1866,2674 1867,2674 1869,2677 1869,2678 1870,2678 1871,2678 1872,2680 1872,2681 1873,2682 1873,2722 1874,2722 1991,2722 1992,2723 2174,2722 2175,2723 2395,2722 2396,2720 2396,2719 2398,2718 2404,2718 2404,2718 2404,2722 2405,2723 2682,2722 2682,2721 2682,2679 2684,2678 2685,2678 2685,2677 2686,2676 2686,2675 2688,2674 2689,2674 2689,2673 2690,2672 2690,2671 2692,2670 2765,2669 2767,2666 2775,2666 2776,2667 2962,2666 2964,2665 2964,2664 2965,2662 2977,2662 2980,2665 2980,2666 2980,2666 3124,2666 3126,2668 3256,2667 3258,2669 3258,2670 3259,2670 3264,2670 3266,2673 3266,2714 3267,2714 3312,2714 3313,2715 3313,2716 3314,2717 3315,2717 3317,2719 3317,2720 3319,2722 3340,2722 3341,2723 3341,2724 3343,2726 3344,2726 3345,2727 3345,2735 3344,2736 3345,2791 3342,2794 3341,2794 3341,2794 3341,2799 3340,2800 3339,2801 3334,2801 3333,2802 3333,2803 3331,2805 3282,2805 3282,2805 3282,2863 3281,2864"/><TextEquiv index="1"><Unicode>je coupois du bois bien menu. Il falloit</Unicode></TextEquiv></TextLine><TextLine id="r0_l012"><Coords points="2889,3060 2889,3059 2888,3006 2888,3006 2714,3006 2713,3007 2714,3050 2712,3051 2707,3051 2706,3053 2706,3054 2704,3055 2657,3056 2657,3056 2657,3059 2656,3060 2648,3060 2648,3059 2648,3026 2647,3026 321,3036 321,3036 321,3040 320,3041 320,3042 319,3043 318,3043 317,3044 317,3048 316,3049 316,3050 315,3051 314,3051 313,3052 313,3056 312,3057 312,3058 311,3059 297,3059 297,3058 297,3053 294,3051 293,3051 293,3051 292,2942 291,2940 290,2940 289,2940 289,2938 291,2936 292,2936 293,2935 293,2934 295,2932 296,2932 297,2930 297,2929 299,2928 471,2927 474,2924 625,2924 626,2922 626,2921 628,2920 682,2919 682,2919 682,2918 684,2916 1003,2915 1003,2914 1003,2870 1004,2869 1005,2869 1006,2868 1014,2868 1015,2867 1015,2866 1016,2865 1260,2864 1261,2863 1261,2862 1262,2861 1283,2861 1285,2862 1285,2863 1285,2864 1286,2864 1289,2866 1289,2871 1289,2872 2792,2865 2793,2866 3282,2864 3283,2865 3284,2865 3285,2865 3285,2866 3287,2869 3288,2869 3289,2869 3289,2878 3291,2881 3292,2881 3293,2881 3293,2882 3295,2885 3296,2885 3297,2885 3297,2886 3299,2889 3300,2889 3301,2889 3301,2890 3303,2893 3304,2893 3305,2893 3305,2894 3308,2897 3309,2897 3309,2897 3309,2898 3312,2901 3313,2901 3313,2901 3313,2919 3314,2920 3324,2920 3325,2921 3325,2983 3326,2984 3332,2984 3333,2985 3333,2986 3334,2987 3335,2987 3337,2989 3337,2994 3337,2995 3336,2995 3329,3001 3329,3002 3329,3003 3328,3003 3327,3004 2903,3006 2902,3006 2903,3059 2902,3060"/><TextEquiv index="1"><Unicode>y mettre le feu, &amp; avoir une place où</Unicode></TextEquiv></TextLine><TextLine id="r0_l013"><Coords points="140,3290 138,3287 138,3282 139,3281 144,3281 146,3279 146,3278 146,3278 147,3278 148,3277 155,3277 158,3279 158,3280 158,3281 168,3281 169,3280 168,3091 168,3091 173,3091 174,3090 179,3090 180,3089 185,3088 186,3087 191,3087 192,3086 197,3086 198,3085 203,3085 204,3084 209,3084 210,3083 215,3083 216,3082 221,3082 222,3081 227,3081 228,3080 233,3080 234,3079 239,3079 240,3078 245,3078 246,3077 251,3077 252,3076 257,3076 258,3075 263,3075 264,3074 269,3074 270,3073 275,3073 276,3072 281,3072 282,3071 287,3071 288,3070 293,3070 294,3069 299,3069 300,3068 305,3068 306,3067 311,3067 312,3066 317,3066 318,3065 323,3065 324,3064 329,3064 330,3063 335,3063 336,3062 341,3062 342,3061 346,3061 347,3060 525,3059 527,3061 1053,3059 1054,3059 1054,3060 1056,3063 1057,3063 1058,3063 1058,3064 1059,3066 2601,3059 2602,3060 2657,3060 2658,3061 2903,3060 2905,3061 2905,3062 2905,3063 2906,3063 2908,3064 2908,3114 2908,3115 3118,3114 3119,3115 3121,3115 3122,3116 3315,3115 3317,3116 3317,3117 3317,3118 3318,3118 3319,3119 3327,3119 3329,3120 3329,3121 3329,3122 3330,3122 3333,3124 3333,3125 3334,3126 3335,3126 3337,3128 3337,3130 3338,3131 3345,3131 3345,3131 3345,3188 3344,3190 3343,3190 3341,3191 3341,3192 3340,3194 3208,3194 3206,3196 3206,3197 3205,3198 2587,3201 2586,3202 1519,3207 1518,3207 1519,3252 1518,3253 1517,3253 1515,3255 1515,3256 1514,3257 1513,3257 1512,3258 359,3263 358,3262 314,3262 312,3259 312,3258 311,3258 302,3258 301,3256 300,3210 297,3207 296,3207 287,3198 286,3198 278,3190 277,3190 268,3181 267,3181 259,3173 258,3173 249,3164 248,3164 240,3156 239,3156 230,3147 229,3147 221,3139 220,3139 210,3130 209,3130 200,3121 199,3121 191,3113 190,3113 181,3105 180,3105 172,3097 171,3097 169,3095 169,3095 170,3283 167,3286 166,3286 166,3286 166,3287 164,3289 161,3289 160,3290"/><TextEquiv index="1"><Unicode>poſer ce feu. Après avoir deſſéché mon</Unicode></TextEquiv></TextLine><TextLine id="r0_l014"><Coords points="3242,3450 3241,3449 3240,3449 3239,3448 2261,3452 2260,3452 2260,3448 2260,3447 1663,3450 1661,3448 1660,3448 1659,3447 1658,3447 1658,3446 1657,3444 1656,3444 1654,3443 1654,3429 1654,3428 786,3432 785,3431 785,3430 781,3426 781,3399 781,3399 417,3400 416,3400 416,3399 414,3396 324,3397 323,3396 322,3396 321,3395 321,3394 320,3393 320,3389 320,3389 319,3389 317,3387 317,3386 316,3385 315,3385 313,3383 313,3382 312,3381 312,3369 312,3369 311,3369 309,3367 309,3366 308,3365 308,3348 309,3347 309,3345 309,3345 310,3345 312,3343 312,3331 322,3321 331,3321 332,3320 332,3319 333,3318 333,3317 333,3317 338,3317 341,3314 341,3313 341,3313 518,3312 519,3312 519,3296 518,3295 147,3297 141,3290 141,3290 160,3290 161,3289 518,3287 519,3287 519,3267 519,3266 520,3266 521,3265 525,3265 527,3263 527,3262 527,3262 530,3262 531,3262 531,3264 531,3265 536,3265 539,3267 539,3268 539,3269 540,3269 543,3271 543,3309 543,3310 715,3309 717,3311 1211,3309 1212,3310 3090,3302 3091,3301 3091,3294 3092,3293 3221,3292 3222,3292 3222,3267 3222,3266 3223,3266 3226,3264 3226,3263 3226,3262 3227,3262 3230,3260 3230,3259 3230,3258 3231,3258 3234,3256 3234,3255 3234,3254 3235,3254 3236,3253 3242,3253 3243,3254 3244,3254 3246,3256 3246,3257 3247,3258 3248,3258 3250,3260 3250,3289 3250,3289 3251,3289 3254,3292 3254,3309 3254,3309 3315,3309 3317,3310 3317,3311 3317,3312 3318,3313 3319,3313 3321,3314 3321,3315 3322,3317 3323,3317 3325,3318 3325,3327 3326,3329 3327,3329 3329,3330 3329,3364 3330,3365 3344,3365 3345,3366 3345,3378 3335,3389 3295,3389 3293,3390 3293,3391 3293,3392 3258,3392 3257,3393 3257,3450 3257,3450"/><TextEquiv index="1"><Unicode>cachot, avec ma pompe, en gratant la</Unicode></TextEquiv></TextLine><TextLine id="r0_l015"><Coords points="1573,3639 1571,3638 1571,3637 1570,3635 1565,3635 1563,3634 1563,3633 1562,3631 1561,3631 1559,3630 1559,3625 1558,3624 1557,3624 1555,3622 1555,3587 1554,3587 1285,3588 1285,3588 1285,3589 1284,3591 1211,3591 1210,3592 1210,3593 1208,3595 1196,3595 1193,3593 1193,3592 1193,3591 1096,3592 1095,3591 878,3591 876,3593 876,3594 875,3595 866,3596 865,3595 687,3595 686,3594 581,3595 580,3594 327,3595 312,3580 312,3528 311,3528 307,3528 306,3527 305,3527 305,3526 305,3521 303,3520 302,3520 301,3518 301,3516 302,3515 303,3515 305,3513 305,3512 305,3512 306,3512 309,3509 309,3508 309,3508 318,3508 321,3505 321,3504 321,3504 331,3504 332,3504 332,3506 332,3507 400,3507 401,3508 547,3507 548,3508 549,3508 551,3509 551,3510 551,3511 603,3511 604,3512 605,3512 606,3512 606,3513 608,3516 851,3515 852,3514 852,3513 853,3512 854,3512 855,3511 863,3511 864,3510 864,3509 864,3509 866,3509 867,3508 956,3507 957,3508 958,3508 959,3509 959,3510 960,3511 1197,3510 1198,3510 1198,3509 1198,3508 1213,3508 1214,3507 1289,3507 1290,3508 1482,3507 1483,3506 1483,3505 1484,3504 1650,3503 1651,3503 1650,3458 1652,3456 1657,3456 1658,3455 1658,3454 1659,3453 1660,3452 1661,3452 1663,3450 1686,3450 1686,3450 1687,3499 1687,3500 1740,3500 1742,3501 1742,3502 1743,3504 1748,3504 1749,3505 1815,3504 1817,3506 1817,3507 1817,3507 1818,3507 1820,3509 1987,3509 1988,3508 1988,3480 1988,3480 1989,3480 1991,3478 1991,3474 1991,3474 1992,3474 1993,3473 1992,3472 1993,3472 1994,3472 1996,3469 1996,3468 1997,3468 2010,3468 2010,3468 2010,3469 2015,3473 2015,3506 2015,3507 2054,3506 2056,3504 2081,3504 2082,3505 2257,3504 2258,3504 2257,3455 2258,3454 2258,3453 2259,3452 2280,3452 2281,3454 2281,3455 2283,3456 2284,3456 2285,3458 2286,3500 2286,3500 2547,3499 2548,3499 2547,3458 2549,3456 2550,3456 2550,3456 2551,3455 2551,3454 2553,3452 2554,3452 2555,3451 2564,3451 2565,3452 2698,3452 2699,3453 2705,3452 2706,3454 2707,3504 2707,3504 2958,3503 2964,3498 2964,3497 2964,3496 3111,3496 3112,3495 3111,3453 3113,3452 3118,3452 3118,3451 3118,3450 3121,3448 3130,3448 3130,3448 3130,3449 3131,3450 3241,3449 3242,3450 3258,3450 3258,3451 3259,3508 3259,3508 3260,3508 3261,3509 3261,3510 3263,3512 3264,3512 3265,3513 3265,3514 3266,3515 3266,3531 3266,3531 3342,3531 3343,3532 3344,3532 3345,3532 3345,3541 3342,3544 3341,3544 3341,3544 3341,3549 3339,3551 3334,3551 3333,3552 3333,3553 3331,3555 3258,3555 3258,3556 3258,3577 3257,3578 3257,3579 3256,3579 3243,3579 3241,3582 3241,3583 3240,3583 3239,3583 3237,3586 3237,3587 3237,3587 3224,3587 3223,3586 3101,3587 3098,3584 3098,3583 3097,3583 2817,3584 2817,3585 2817,3586 2816,3587 2699,3588 2698,3587 2577,3587 2575,3586 2575,3585 2573,3583 2540,3583 2539,3582 2210,3584 2210,3584 2210,3585 2209,3587 2208,3587 2207,3587 2206,3588 2206,3589 2205,3591 2200,3591 2198,3589 2198,3588 2197,3587 2012,3588 2011,3588 2011,3597 2010,3599 2009,3599 2007,3600 2007,3613 2006,3615 2005,3615 2003,3616 2003,3617 2003,3618 2002,3619 2001,3619 1999,3620 1999,3621 1999,3622 1998,3623 1997,3623 1995,3624 1995,3625 1994,3627 1993,3627 1991,3628 1991,3633 1990,3635 1986,3635 1983,3632 1983,3631 1983,3631 1982,3631 1979,3628 1979,3619 1979,3619 1879,3619 1875,3615 1874,3615 1873,3615 1873,3614 1872,3613 1872,3591 1872,3590 1639,3591 1638,3592 1638,3610 1637,3611 1636,3611 1634,3613 1634,3618 1633,3619 1632,3619 1630,3621 1630,3622 1629,3623 1628,3623 1626,3625 1626,3626 1625,3627 1620,3627 1618,3629 1618,3630 1617,3631 1616,3631 1614,3633 1614,3634 1613,3635 1604,3635 1603,3636 1603,3637 1601,3639"/><TextEquiv index="1"><Unicode>terre avec mes ongles, je vins à bout d'é-</Unicode></TextEquiv></TextLine><TextLine id="r0_l016"><Coords points="3077,3837 3075,3835 3075,3834 3074,3833 3069,3833 3067,3831 3067,3830 3066,3829 3061,3829 3059,3827 3059,3826 3058,3825 3057,3825 3055,3823 3055,3782 3054,3782 2930,3783 2929,3782 2611,3783 2611,3783 2611,3791 2609,3793 2608,3793 2607,3794 2607,3803 2605,3805 2604,3805 2603,3806 2603,3815 2602,3817 2601,3817 2599,3818 2599,3819 2598,3821 2597,3821 2595,3822 2595,3827 2594,3829 2585,3829 2583,3828 2583,3827 2582,3825 2581,3825 2579,3824 2579,3785 2578,3784 2386,3785 2385,3786 2321,3786 2321,3787 2321,3832 2320,3833 2275,3833 2273,3832 2273,3831 2272,3830 2272,3829 2271,3829 2269,3828 2269,3786 2268,3785 2180,3786 2178,3783 2178,3782 2177,3782 2168,3782 2166,3779 2166,3778 2165,3778 1940,3779 1937,3782 1761,3783 1761,3783 1761,3788 1760,3789 1759,3789 1757,3791 1757,3796 1756,3797 1755,3797 1753,3799 1753,3804 1752,3805 1751,3805 1751,3805 1749,3807 1749,3808 1748,3809 1722,3809 1722,3808 1722,3807 1721,3806 1721,3782 1720,3782 1511,3783 1511,3783 1511,3784 1510,3785 1461,3785 1460,3786 1328,3787 1327,3786 1059,3787 1057,3789 1052,3789 1051,3790 1051,3791 1049,3793 963,3793 963,3794 963,3837 963,3837 962,3837 959,3840 959,3841 959,3841 950,3841 947,3844 947,3845 947,3845 938,3845 935,3843 935,3842 935,3841 930,3841 928,3840 928,3839 927,3837 926,3837 922,3833 921,3833 920,3833 920,3790 919,3789 555,3791 553,3793 469,3793 468,3794 466,3794 465,3793 464,3793 463,3792 463,3791 461,3789 311,3790 310,3789 309,3789 309,3788 309,3787 306,3785 305,3785 305,3784 305,3783 302,3781 301,3781 301,3780 301,3778 300,3777 301,3776 301,3774 301,3774 302,3774 303,3773 304,3773 305,3772 304,3661 305,3660 305,3659 307,3658 308,3658 309,3656 309,3655 311,3654 312,3654 313,3652 313,3651 314,3651 315,3651 316,3650 330,3650 331,3651 332,3651 332,3651 332,3652 333,3653 333,3701 334,3702 395,3702 396,3703 397,3705 397,3706 406,3706 407,3707 636,3706 637,3707 827,3706 828,3707 1092,3706 1094,3704 1096,3704 1099,3700 1099,3699 1100,3698 1142,3698 1142,3698 1142,3661 1149,3654 1153,3654 1154,3653 1154,3652 1155,3651 1156,3651 1157,3650 1160,3650 1166,3657 1166,3698 1167,3698 1312,3698 1313,3699 1510,3698 1511,3699 1829,3697 1829,3697 1829,3692 1831,3690 1832,3690 1833,3689 1833,3680 1835,3678 1836,3678 1837,3677 1837,3664 1839,3662 1840,3662 1841,3661 1841,3660 1842,3659 1843,3658 1844,3658 1845,3657 1845,3652 1846,3651 1847,3651 1848,3650 1852,3650 1853,3649 1853,3648 1854,3647 1855,3647 1856,3646 1860,3646 1860,3646 1860,3645 1862,3643 1863,3643 1864,3642 1886,3642 1887,3643 1888,3643 1888,3644 1888,3645 1891,3647 1892,3647 1892,3648 1892,3694 1893,3694 2102,3693 2102,3693 2102,3654 2103,3653 2103,3652 2104,3651 2105,3651 2107,3649 2107,3648 2108,3647 2109,3647 2111,3645 2111,3644 2112,3643 2113,3643 2114,3642 2120,3642 2121,3643 2122,3643 2122,3644 2122,3645 2125,3647 2126,3647 2126,3648 2126,3649 2129,3651 2130,3651 2130,3652 2130,3691 2131,3691 2272,3690 2274,3693 2274,3694 2275,3694 2276,3694 2277,3696 2277,3697 2279,3698 2495,3697 2495,3697 2495,3654 2496,3653 2496,3652 2498,3650 2499,3650 2499,3650 2499,3649 2502,3646 2503,3646 2503,3646 2503,3645 2505,3643 2506,3643 2507,3642 2513,3642 2514,3643 2515,3643 2515,3644 2515,3645 2517,3646 2521,3646 2522,3647 2523,3647 2523,3648 2523,3650 2524,3650 2652,3650 2653,3651 2654,3651 2654,3651 2654,3652 2657,3655 2658,3655 2658,3655 2658,3656 2661,3659 2662,3659 2662,3659 2663,3701 2663,3702 2769,3701 2770,3700 2770,3699 2771,3698 2776,3698 2777,3697 2777,3696 2779,3694 2780,3694 2782,3697 2782,3698 2783,3698 2927,3698 2928,3699 3182,3697 3182,3697 3182,3696 3184,3694 3305,3694 3305,3693 3305,3660 3308,3658 3309,3658 3309,3657 3309,3652 3312,3650 3317,3650 3317,3649 3317,3648 3320,3646 3323,3646 3324,3647 3325,3647 3325,3647 3325,3648 3327,3650 3335,3650 3336,3651 3337,3651 3337,3651 3338,3768 3338,3769 3342,3769 3345,3771 3345,3772 3345,3773 3346,3773 3347,3774 3348,3774 3349,3774 3349,3776 3348,3777 3347,3777 3346,3778 3345,3778 3345,3778 3345,3779 3342,3782 3341,3782 3341,3782 3341,3783 3338,3786 3135,3787 3135,3787 3135,3810 3134,3811 3134,3812 3133,3813 3132,3813 3131,3814 3131,3818 3130,3819 3130,3820 3130,3821 3125,3821 3123,3822 3123,3826 3122,3827 3122,3828 3122,3829 3121,3829 3118,3831 3118,3832 3118,3833 3109,3833 3107,3834 3107,3835 3106,3837"/><TextEquiv index="1"><Unicode>lever un petit tertre, ſur lequel j'arrangeai</Unicode></TextEquiv></TextLine><TextLine id="r0_l017"><Coords points="2803,4036 2803,4036 2803,3977 2802,3976 2639,3977 2639,3977 2639,4024 2638,4025 2638,4026 2637,4027 2636,4028 2635,4028 2635,4028 2635,4033 2633,4035 2624,4035 2623,4036 2609,4036 2608,4035 2607,4035 2607,4034 2607,3980 2606,3980 2604,3980 2603,3979 2433,3980 2432,3978 2432,3977 2430,3976 2194,3977 2194,3977 2194,3978 2192,3980 2187,3980 2186,3978 2186,3976 2185,3976 2151,3976 2150,3975 1917,3976 1916,3977 1916,3978 1914,3980 1829,3980 1829,3981 1829,4007 1827,4008 1826,4008 1822,4012 1821,4012 1821,4013 1821,4014 1818,4016 1817,4016 1817,4017 1817,4018 1814,4020 1802,4020 1801,4022 1801,4023 1800,4023 1799,4023 1798,4024 1797,4023 1797,4022 1795,4020 1794,4020 1793,4019 1793,3976 1792,3975 1575,3976 1575,3977 1575,4026 1572,4028 1571,4028 1571,4029 1571,4030 1568,4032 1561,4032 1560,4031 1446,4032 1445,4031 1444,4031 1444,4031 1444,3984 1443,3983 1266,3984 1265,3985 1265,3986 1263,3988 1254,3988 1253,3989 1253,3990 1251,3992 1246,3992 1246,3991 1246,3990 1245,3989 1245,3988 1244,3988 1239,3988 1232,3981 1054,3982 1054,3982 1054,3983 1053,3984 866,3985 865,3984 750,3984 749,3983 500,3984 499,3986 499,3987 497,3988 488,3988 487,3987 487,3986 485,3984 476,3984 476,3984 476,3983 473,3980 407,3981 406,3980 314,3980 310,3976 309,3976 309,3975 309,3972 310,3971 309,3909 311,3908 316,3908 317,3906 317,3905 318,3905 319,3905 320,3904 324,3904 324,3903 324,3902 326,3901 327,3901 328,3900 370,3900 371,3901 497,3900 498,3901 499,3901 499,3902 499,3903 501,3904 737,3903 737,3903 737,3859 739,3857 740,3857 741,3856 741,3855 743,3853 744,3853 745,3852 745,3851 747,3849 756,3849 757,3847 757,3846 759,3845 760,3845 761,3846 761,3847 763,3849 764,3849 765,3850 939,3849 939,3850 939,3851 942,3853 943,3853 943,3854 943,3855 946,3857 947,3857 947,3858 947,3859 948,3860 948,3900 949,3900 1013,3900 1014,3901 1015,3901 1015,3901 1015,3902 1018,3905 1019,3905 1019,3905 1020,3951 1020,3952 1057,3952 1059,3953 1059,3958 1060,3960 1061,3960 1063,3961 1063,3964 1063,3965 1249,3964 1250,3963 1249,3850 1251,3849 1252,3849 1252,3848 1253,3847 1253,3846 1255,3845 1304,3845 1305,3846 1305,3847 1307,3849 1308,3849 1309,3850 1336,3849 1336,3850 1336,3851 1339,3853 1340,3853 1340,3854 1340,3855 1343,3857 1344,3857 1344,3858 1344,3859 1345,3860 1345,3896 1346,3896 1546,3896 1547,3894 1547,3893 1548,3893 1549,3893 1550,3892 1552,3892 1553,3893 1801,3891 1803,3889 1824,3889 1825,3891 1825,3892 1826,3892 1981,3892 1982,3893 1983,3893 1983,3893 1983,3894 1986,3897 2193,3896 2194,3894 2194,3893 2195,3893 2197,3893 2198,3894 2245,3894 2246,3895 2246,3896 2247,3896 2480,3895 2480,3895 2480,3894 2481,3893 2482,3893 2483,3892 2489,3892 2490,3893 2491,3893 2491,3894 2491,3895 2493,3896 2686,3896 2686,3895 2686,3894 2688,3893 2689,3893 2690,3892 2691,3892 2692,3893 2842,3892 2843,3893 2924,3893 2924,3893 2924,3894 2927,3897 3029,3896 3030,3897 3031,3897 3031,3898 3031,3903 3034,3905 3213,3904 3214,3903 3214,3902 3215,3901 3216,3901 3217,3900 3221,3900 3222,3899 3222,3898 3223,3897 3224,3897 3225,3896 3230,3896 3230,3896 3230,3847 3232,3845 3237,3845 3237,3845 3237,3844 3240,3841 3257,3841 3257,3842 3257,3843 3258,3844 3258,3896 3259,3896 3327,3896 3333,3902 3333,3903 3334,3904 3339,3904 3341,3906 3341,3907 3342,3908 3343,3908 3345,3910 3345,3919 3346,3920 3347,3920 3353,3926 3354,3930 3353,3931 3353,3934 3351,3936 3350,3936 3349,3937 3349,3966 3347,3968 3342,3968 3341,3969 3341,3969 3341,3970 3339,3972 3338,3972 3337,3973 3337,3978 3335,3980 3326,3980 3325,3981 3325,3982 3323,3984 3298,3984 3298,3983 3298,3982 3295,3980 3247,3980 3245,3978 3245,3977 3244,3976 3207,3976 3206,3975 3024,3976 3024,3977 3024,3978 3021,3980 3017,3980 3016,3979 2826,3980 2825,3978 2825,3977 2823,3976 2807,3976 2807,3977 2807,4036 2806,4036"/><TextEquiv index="1"><Unicode>mon bois. J'apperçus un morceau de</Unicode></TextEquiv></TextLine><TextLine id="r0_l018"><Coords points="3237,4428 3230,4428 3230,4428 3230,4409 3229,4408 3124,4409 3123,4407 3123,4406 3122,4405 3121,4373 3121,4373 2954,4373 2953,4372 2772,4373 2769,4371 2769,4370 2769,4369 2744,4369 2743,4368 2346,4370 2343,4373 2251,4373 2250,4373 2250,4372 2249,4371 2249,4370 2249,4369 2241,4370 2240,4369 2021,4369 2020,4368 1958,4369 1956,4367 1956,4365 1956,4365 1774,4366 1773,4366 1773,4367 1772,4369 1767,4369 1765,4370 1765,4371 1764,4373 1748,4373 1744,4369 1485,4370 1482,4373 1402,4373 1400,4372 1400,4369 1400,4368 1136,4369 1134,4371 1134,4372 1133,4373 1116,4373 1115,4372 1053,4373 1051,4371 1051,4370 1050,4369 906,4369 905,4368 580,4370 577,4373 418,4373 415,4376 415,4377 415,4377 408,4378 407,4377 319,4377 316,4374 316,4373 316,4373 307,4373 304,4370 304,4369 304,4369 303,4369 301,4367 301,4333 301,4333 243,4333 241,4332 241,4311 241,4310 240,4310 239,4309 238,4309 237,4309 237,4299 239,4297 308,4297 308,4296 308,4225 309,4224 309,4223 310,4222 311,4222 312,4221 312,4220 314,4218 316,4218 317,4217 316,4105 317,4104 317,4103 318,4103 319,4103 328,4093 328,4092 330,4091 332,4091 333,4092 400,4092 400,4091 400,4056 402,4055 403,4055 404,4053 404,4048 405,4047 406,4047 407,4048 413,4047 416,4050 416,4051 417,4051 418,4051 420,4054 420,4059 421,4059 423,4059 424,4061 424,4095 425,4095 610,4095 611,4096 697,4095 697,4096 697,4097 700,4099 809,4099 809,4098 809,4044 810,4043 958,4042 961,4039 1121,4038 1124,4035 1187,4035 1190,4038 1190,4039 1190,4039 1310,4039 1313,4041 1313,4091 1314,4092 1674,4090 1674,4089 1674,4080 1676,4079 1677,4079 1678,4077 1678,4072 1680,4071 1681,4071 1682,4069 1682,4060 1684,4059 1685,4059 1686,4057 1686,4056 1688,4055 1689,4055 1690,4053 1690,4052 1691,4051 1692,4051 1693,4051 1694,4049 1694,4048 1696,4047 1701,4047 1702,4045 1702,4044 1703,4043 1804,4042 1805,4042 1805,4041 1805,4040 1806,4040 1809,4038 1809,4037 1809,4036 1810,4036 1811,4035 1818,4035 1821,4038 1821,4087 1822,4087 2047,4086 2047,4086 2047,4041 2047,4040 2048,4040 2049,4039 2053,4039 2055,4038 2055,4037 2055,4036 2056,4036 2057,4035 2061,4035 2063,4034 2063,4033 2063,4032 2066,4032 2067,4033 2067,4035 2067,4035 2072,4035 2075,4038 2075,4091 2076,4091 2229,4091 2230,4092 2587,4090 2587,4090 2587,4089 2589,4087 2594,4087 2594,4087 2594,4088 2597,4091 2610,4091 2611,4092 2793,4091 2793,4091 2793,4046 2795,4043 2796,4043 2797,4043 2797,4042 2799,4039 2800,4039 2801,4039 2801,4038 2802,4036 2808,4036 2809,4037 2809,4038 2810,4039 2814,4039 2815,4040 2816,4040 2817,4041 2817,4042 2820,4044 2821,4044 2821,4044 2821,4090 2822,4091 2872,4091 2872,4090 2872,4089 2873,4088 2873,4087 2874,4087 2876,4087 2876,4087 2876,4088 2879,4091 2887,4091 2888,4092 3234,4090 3234,4090 3234,4049 3236,4047 3237,4047 3238,4046 3238,4045 3240,4043 3245,4043 3246,4042 3246,4041 3247,4039 3259,4039 3262,4042 3262,4043 3263,4043 3264,4043 3266,4046 3266,4099 3267,4099 3332,4099 3333,4100 3333,4101 3335,4103 3336,4103 3337,4104 3337,4105 3339,4107 3344,4107 3345,4108 3345,4109 3347,4111 3348,4111 3348,4111 3349,4112 3349,4113 3351,4115 3356,4115 3357,4116 3358,4308 3359,4309 3363,4309 3364,4310 3365,4310 3365,4310 3365,4311 3367,4313 3368,4313 3369,4314 3369,4315 3367,4318 3366,4318 3365,4318 3366,4389 3365,4390 3365,4398 3362,4401 3258,4401 3258,4402 3258,4403 3257,4404 3255,4405 3254,4405 3254,4406 3254,4411 3251,4413 3250,4413 3250,4414 3250,4415 3247,4417 3246,4417 3246,4418 3246,4419 3243,4421 3242,4421 3242,4422 3242,4427 3240,4428 3239,4428 3238,4429"/><TextEquiv index="1"><Unicode>lunreea ſer e e ds ee n aanee de</Unicode></TextEquiv></TextLine><TextLine id="r0_l019"><Coords points="2536,4626 2535,4625 2534,4568 2534,4567 2505,4567 2504,4566 2438,4567 2436,4565 2436,4564 2436,4564 2435,4564 2434,4563 2259,4563 2258,4562 2108,4563 2107,4562 1735,4564 1733,4565 1733,4566 1733,4567 1731,4567 1730,4568 1729,4567 1648,4567 1646,4566 1646,4565 1645,4563 1580,4563 1579,4562 1398,4563 1397,4562 1111,4563 1110,4564 1110,4579 1110,4579 1109,4579 1106,4582 1106,4587 1106,4587 1105,4587 1098,4594 1098,4599 1098,4600 1097,4600 1096,4601 1095,4601 1094,4601 1094,4602 1094,4603 1089,4603 1086,4605 1086,4606 1086,4607 1076,4607 1075,4606 1075,4604 1074,4603 1074,4568 1074,4568 1000,4568 999,4567 997,4567 996,4566 687,4567 686,4566 413,4568 412,4567 302,4567 301,4566 301,4496 301,4496 302,4496 303,4495 305,4493 305,4492 305,4492 312,4492 313,4491 313,4472 313,4472 314,4472 316,4470 316,4466 318,4464 319,4464 320,4463 320,4454 322,4452 323,4452 324,4451 324,4450 326,4448 327,4448 328,4447 328,4446 330,4444 331,4444 332,4443 332,4442 334,4440 335,4440 336,4439 336,4438 338,4436 347,4436 348,4435 348,4434 352,4430 352,4429 352,4429 353,4429 354,4428 356,4429 356,4430 357,4432 362,4432 364,4433 364,4434 365,4436 374,4436 376,4437 376,4438 377,4440 382,4440 384,4441 384,4484 384,4485 585,4484 586,4483 586,4438 588,4436 589,4436 590,4435 590,4434 592,4432 597,4432 598,4431 598,4430 600,4428 604,4428 606,4429 606,4430 607,4432 612,4432 614,4433 614,4484 614,4485 823,4484 824,4483 824,4474 826,4472 827,4472 828,4471 828,4462 830,4460 831,4460 832,4459 832,4450 834,4448 835,4448 836,4447 836,4442 838,4440 839,4440 840,4439 840,4438 842,4436 843,4436 844,4435 844,4434 846,4432 847,4432 848,4431 848,4430 850,4428 855,4428 856,4427 856,4426 858,4424 865,4424 866,4425 881,4424 882,4425 883,4425 884,4426 884,4427 886,4429 887,4429 888,4430 888,4431 889,4432 890,4432 892,4434 892,4480 892,4480 910,4480 912,4482 912,4483 913,4484 1212,4483 1213,4483 1213,4439 1215,4436 1216,4436 1217,4435 1217,4434 1219,4432 1275,4432 1277,4430 1277,4429 1277,4429 1278,4429 1279,4428 1283,4428 1285,4426 1285,4425 1286,4424 1287,4425 1288,4425 1289,4425 1289,4426 1293,4430 1293,4432 1293,4433 1457,4432 1460,4434 1460,4435 1460,4436 1465,4436 1468,4438 1468,4439 1468,4440 1469,4440 1472,4442 1472,4483 1472,4484 1578,4483 1579,4483 1579,4478 1580,4476 1644,4476 1646,4478 1646,4481 1646,4481 1831,4480 1832,4480 1832,4441 1833,4440 1833,4438 1834,4436 1835,4436 1837,4435 1837,4434 1838,4432 1847,4432 1849,4431 1849,4430 1850,4428 1851,4428 1852,4428 1852,4427 1854,4424 1857,4427 1857,4428 1857,4428 1858,4428 1860,4430 1860,4431 1861,4432 1861,4484 1861,4484 2097,4483 2098,4483 2098,4440 2099,4439 2099,4438 2100,4436 2105,4436 2106,4436 2106,4435 2108,4432 2113,4432 2114,4432 2114,4431 2116,4428 2124,4428 2126,4430 2126,4432 2126,4432 2215,4432 2218,4434 2218,4435 2218,4436 2219,4436 2222,4438 2222,4480 2222,4481 2430,4480 2432,4478 2432,4477 2433,4476 2482,4475 2483,4475 2483,4468 2484,4467 2484,4466 2485,4465 2485,4464 2486,4464 2487,4464 2487,4463 2488,4462 2488,4458 2489,4456 2490,4456 2491,4456 2491,4451 2493,4448 2494,4448 2495,4448 2495,4443 2497,4440 2498,4440 2499,4440 2499,4435 2501,4432 2502,4432 2503,4432 2503,4431 2505,4428 2513,4428 2515,4430 2515,4435 2516,4436 2517,4436 2519,4438 2519,4451 2520,4452 2521,4452 2523,4454 2523,4455 2524,4456 2525,4456 2527,4458 2527,4463 2528,4464 2529,4464 2531,4466 2531,4476 2531,4476 2581,4476 2583,4478 2583,4479 2584,4480 2585,4480 2587,4482 2587,4488 2587,4488 2609,4488 2610,4488 2610,4489 2611,4490 2611,4538 2612,4539 2809,4538 2809,4538 2809,4522 2812,4519 2813,4519 2813,4519 2813,4510 2815,4508 2816,4508 2817,4507 2817,4506 2819,4504 2820,4504 2821,4502 2821,4501 2822,4500 2823,4500 2825,4498 2825,4497 2826,4496 2831,4496 2833,4494 2833,4493 2834,4492 2839,4492 2841,4490 2841,4489 2842,4488 2856,4488 2857,4487 2857,4433 2858,4432 2871,4432 2873,4430 2873,4429 2874,4428 2878,4428 2881,4430 2881,4431 2881,4432 2882,4432 2883,4433 3049,4432 3051,4433 3051,4487 3051,4488 3316,4487 3317,4486 3317,4445 3318,4444 3319,4444 3321,4442 3321,4441 3321,4441 3322,4441 3325,4438 3325,4437 3325,4437 3326,4437 3327,4436 3346,4436 3347,4437 3348,4437 3349,4437 3349,4550 3350,4551 3363,4551 3365,4553 3365,4554 3366,4555 3367,4555 3369,4557 3367,4560 3366,4560 3365,4560 3365,4565 3364,4567 3363,4567 3361,4568 3361,4569 3360,4571 3343,4571 3341,4572 3341,4573 3340,4575 3327,4575 3325,4573 3325,4571 3325,4571 3158,4572 3157,4571 2997,4571 2996,4571 2996,4570 2994,4567 2954,4567 2953,4566 2711,4567 2710,4568 2710,4578 2709,4579 2708,4579 2707,4580 2706,4581 2706,4582 2705,4584 2704,4584 2702,4585 2702,4586 2701,4588 2699,4588 2698,4588 2698,4589 2697,4591 2696,4591 2695,4591 2694,4592 2694,4593 2693,4595 2684,4595 2682,4596 2682,4597 2681,4599 2672,4599 2670,4597 2670,4567 2670,4567 2551,4567 2550,4568 2551,4626 2550,4626"/><TextEquiv index="1"><Unicode>fis du feu; il s'attacha bientôt, d'abord</Unicode></TextEquiv></TextLine><TextLine id="r0_l020"><Coords points="3141,4826 3140,4825 3140,4770 3140,4770 3089,4770 3087,4768 3087,4767 3086,4766 2950,4766 2949,4765 2847,4766 2845,4764 2845,4763 2844,4762 2720,4762 2719,4761 2401,4763 2400,4763 2400,4764 2399,4766 2323,4766 2321,4765 2321,4764 2320,4762 2315,4762 2314,4761 2105,4762 2104,4761 1810,4762 1809,4763 1809,4777 1809,4777 1808,4777 1807,4778 1801,4784 1801,4785 1801,4785 1800,4785 1799,4786 1791,4786 1789,4788 1789,4789 1789,4790 1788,4790 1785,4792 1785,4793 1785,4794 1784,4794 1783,4795 1782,4794 1764,4794 1761,4791 1761,4758 1761,4758 1540,4759 1539,4759 1539,4800 1539,4801 1538,4801 1535,4803 1535,4807 1530,4813 1526,4813 1523,4815 1523,4816 1523,4817 1521,4817 1520,4818 1519,4818 1518,4817 1517,4817 1515,4815 1515,4814 1515,4814 1514,4814 1511,4811 1511,4762 1511,4762 1278,4763 1277,4763 1277,4812 1277,4813 1275,4813 1274,4814 1253,4814 1252,4813 1093,4814 1092,4813 1092,4758 1092,4758 894,4758 892,4757 892,4756 891,4754 878,4754 877,4753 644,4755 642,4756 642,4757 641,4759 638,4759 637,4758 365,4759 364,4759 364,4760 363,4762 319,4762 316,4759 316,4758 316,4758 315,4758 313,4756 313,4755 312,4754 312,4711 310,4710 309,4710 309,4709 309,4707 308,4706 308,4701 309,4700 309,4699 309,4699 310,4698 311,4698 312,4697 312,4696 314,4694 315,4694 316,4693 316,4692 318,4690 319,4690 320,4689 320,4633 321,4632 321,4631 321,4631 322,4631 323,4630 325,4628 325,4627 325,4627 326,4627 328,4625 328,4624 329,4623 331,4623 332,4623 332,4624 334,4627 339,4627 340,4627 340,4632 342,4635 343,4635 344,4635 344,4644 346,4647 347,4647 348,4647 348,4648 350,4651 351,4651 352,4651 352,4660 354,4663 355,4663 356,4663 356,4664 358,4667 359,4667 360,4667 360,4678 360,4679 700,4677 703,4674 867,4674 868,4673 868,4629 869,4628 874,4627 876,4626 876,4625 877,4623 886,4623 888,4622 888,4621 888,4620 889,4620 890,4619 895,4619 895,4620 896,4622 897,4623 1073,4623 1074,4623 1074,4624 1076,4627 1077,4627 1078,4627 1078,4628 1079,4629 1079,4674 1079,4675 1139,4674 1140,4675 1264,4675 1265,4676 1476,4675 1477,4674 1488,4674 1489,4675 1653,4674 1654,4674 1654,4629 1655,4627 1656,4627 1658,4626 1658,4625 1659,4623 1664,4623 1666,4625 1666,4626 1667,4627 1672,4627 1674,4629 1674,4630 1675,4631 1676,4631 1678,4632 1678,4669 1678,4670 1679,4670 1682,4672 1682,4733 1683,4734 1915,4733 1916,4732 1916,4715 1917,4714 1918,4714 1920,4712 1920,4699 1920,4699 1921,4699 1924,4696 1924,4695 1924,4695 1925,4695 1928,4692 1928,4691 1928,4691 1929,4691 1932,4688 1932,4687 1932,4687 1933,4687 1936,4684 1936,4683 1936,4683 1937,4683 1940,4680 1940,4679 1940,4679 1941,4679 1942,4678 1950,4678 1952,4676 1952,4675 1952,4675 1953,4675 1954,4674 2109,4673 2110,4673 2110,4662 2111,4661 2111,4660 2111,4659 2112,4659 2114,4658 2114,4650 2115,4649 2115,4648 2115,4647 2116,4647 2119,4645 2119,4644 2119,4643 2120,4643 2122,4642 2122,4638 2123,4637 2123,4636 2123,4635 2124,4635 2127,4633 2127,4632 2127,4631 2128,4631 2131,4629 2131,4628 2131,4627 2136,4627 2138,4625 2138,4624 2139,4623 2152,4623 2154,4621 2154,4620 2154,4620 2155,4620 2156,4619 2158,4619 2159,4619 2159,4622 2159,4623 2164,4623 2165,4624 2271,4623 2277,4629 2277,4671 2277,4671 2320,4671 2321,4672 2321,4673 2325,4677 2325,4678 2325,4678 2530,4677 2531,4677 2531,4629 2532,4627 2533,4627 2535,4625 2536,4626 2550,4626 2551,4627 2551,4638 2552,4639 2553,4639 2555,4641 2555,4646 2555,4646 2556,4646 2559,4649 2559,4658 2559,4658 2560,4658 2563,4661 2563,4678 2563,4678 2683,4678 2684,4679 3070,4677 3071,4676 3071,4640 3072,4639 3073,4639 3075,4637 3075,4636 3076,4635 3076,4635 3077,4635 3079,4633 3079,4632 3080,4631 3097,4631 3098,4632 3280,4631 3281,4631 3281,4632 3287,4639 3288,4639 3289,4639 3289,4685 3289,4686 3350,4686 3353,4688 3353,4689 3353,4690 3354,4690 3357,4692 3357,4697 3357,4698 3358,4698 3361,4700 3361,4756 3361,4757 3360,4757 3343,4774 3272,4774 3269,4772 3269,4771 3269,4770 3264,4770 3263,4769 3150,4770 3149,4770 3149,4825 3149,4826"/><TextEquiv index="1"><Unicode>à mon bois pourri, enſuite à mon bois</Unicode></TextEquiv></TextLine><TextLine id="r0_l021"><Coords points="2120,5018 2119,5018 2119,4960 2118,4959 611,4966 606,4970 606,4974 601,4980 596,4980 595,4980 595,4981 593,4984 584,4984 583,4984 583,4985 582,4986 582,4987 582,4988 242,4989 241,4990 241,4995 240,4996 239,4996 238,4997 238,4998 236,5000 234,5000 233,5001 233,5011 232,5012 231,5012 230,5013 218,5013 217,5013 217,5010 219,5008 221,5008 221,5008 221,4967 222,4966 222,4965 222,4964 569,4963 570,4962 570,4956 569,4956 408,4957 407,4956 325,4956 324,4954 324,4953 323,4952 322,4952 321,4952 321,4951 321,4950 320,4949 320,4879 321,4878 321,4877 321,4877 322,4877 325,4874 325,4873 325,4873 326,4873 329,4870 329,4861 329,4861 330,4861 332,4859 331,4850 332,4849 332,4839 335,4837 336,4837 336,4836 336,4835 339,4833 344,4833 344,4832 344,4827 347,4825 352,4825 352,4824 352,4823 355,4821 356,4821 356,4820 356,4819 359,4817 368,4817 368,4816 368,4815 371,4813 378,4813 379,4814 380,4814 381,4815 732,4813 734,4815 1097,4814 1098,4815 1098,4816 1100,4818 1323,4817 1324,4818 1324,4819 1325,4820 1325,4824 1326,4825 2240,4821 2241,4822 2470,4821 2471,4822 2474,4822 2475,4823 2928,4821 2929,4822 2942,4821 2943,4822 2944,4822 2944,4823 2944,4824 2947,4826 3150,4826 3150,4826 3150,4827 3152,4829 3153,4829 3154,4830 3288,4829 3289,4830 3289,4831 3291,4833 3292,4833 3293,4834 3294,4884 3294,4885 3367,4885 3369,4886 3369,4887 3370,4889 3371,4889 3373,4890 3373,4891 3371,4893 3370,4893 3369,4894 3369,4898 3366,4901 3365,4901 3365,4901 3365,4902 3362,4905 3361,4905 3361,4905 3361,4958 3359,4961 3358,4961 3357,4961 3357,4966 3356,4968 2139,4973 2138,4973 2138,5017 2138,5018"/><TextEquiv index="1"><Unicode>ſec, haché bien menu. Je fis ainſi rôtir</Unicode></TextEquiv></TextLine><TextLine id="r0_l022"><Coords points="2930,5211 2929,5210 2258,5212 2257,5211 2203,5212 2202,5211 2202,5209 2202,5209 1497,5212 1496,5211 1482,5211 1481,5210 1481,5203 1481,5203 699,5206 697,5205 697,5204 696,5202 675,5202 674,5202 674,5197 672,5194 671,5194 670,5194 670,5193 667,5190 666,5190 666,5190 666,5154 665,5153 330,5155 328,5152 328,5151 327,5151 326,5151 324,5148 324,5147 323,5147 322,5147 320,5144 320,5137 321,5136 321,5135 321,5135 322,5135 324,5133 323,5079 324,5078 324,5073 327,5071 332,5071 332,5070 332,5069 335,5067 336,5067 336,5066 336,5065 339,5063 841,5061 843,5059 844,5059 844,5058 844,5022 844,5022 220,5024 216,5020 215,5020 213,5019 213,5018 215,5016 216,5016 217,5015 217,5014 218,5013 852,5011 853,5009 853,5008 854,5008 859,5008 865,5014 2046,5008 2047,5010 2047,5011 2049,5012 2054,5012 2055,5014 2055,5017 2056,5017 2348,5016 2349,5017 2538,5016 2547,5026 2547,5034 2548,5034 2955,5032 2956,5034 2956,5035 2957,5035 2958,5035 2960,5038 2960,5039 2961,5039 2962,5039 2964,5042 2964,5072 2965,5072 3213,5071 3214,5073 3214,5074 3218,5077 3218,5079 3218,5079 3271,5079 3274,5082 3274,5083 3274,5083 3275,5083 3277,5085 3277,5086 3278,5087 3279,5087 3281,5088 3281,5134 3281,5135 3347,5135 3349,5136 3349,5137 3350,5139 3351,5139 3353,5140 3353,5141 3354,5143 3355,5143 3357,5144 3357,5145 3358,5147 3359,5147 3361,5148 3361,5153 3362,5155 3363,5155 3365,5156 3365,5160 3362,5163 3361,5163 3361,5163 3361,5180 3358,5183 3357,5183 3357,5183 3357,5188 3355,5191 3354,5191 3353,5191 3353,5192 3352,5194 3351,5194 3350,5195 3338,5195 3337,5195 3337,5196 3336,5198 3335,5198 3334,5199 2941,5200 2940,5201 2940,5205 2938,5207 2937,5208 2936,5208 2936,5209 2935,5211"/><TextEquiv index="1"><Unicode>mes galettes; &amp; je paſſai pluſieurs jours,</Unicode></TextEquiv></TextLine><TextLine id="r0_l023"><Coords points="2349,5385 2349,5385 2349,5384 2347,5382 2346,5381 2345,5381 2345,5381 2345,5354 2344,5353 2242,5354 2241,5353 2230,5353 2230,5352 2230,5351 2227,5349 2016,5350 2015,5348 2015,5347 2012,5345 1762,5346 1761,5347 1761,5348 1760,5349 1615,5349 1614,5348 1614,5347 1612,5345 1554,5346 1553,5345 1346,5345 1345,5347 1345,5348 1343,5349 1341,5349 1340,5348 1222,5349 1222,5348 1222,5347 1219,5345 1015,5346 1015,5346 1015,5347 1013,5349 893,5349 892,5348 813,5349 813,5348 813,5347 810,5345 734,5345 733,5344 408,5346 408,5346 408,5347 406,5349 401,5349 400,5347 400,5346 398,5345 389,5345 388,5343 388,5342 387,5342 386,5342 385,5341 349,5341 348,5339 348,5338 346,5337 345,5337 344,5335 344,5334 342,5333 337,5333 336,5331 336,5330 334,5329 333,5329 332,5327 332,5318 331,5318 330,5318 328,5315 327,5309 328,5308 328,5295 330,5294 331,5294 332,5292 332,5287 334,5286 335,5286 336,5284 336,5283 337,5283 338,5282 339,5282 340,5280 340,5275 342,5274 343,5274 343,5273 344,5272 344,5271 346,5270 351,5270 352,5268 352,5267 354,5266 363,5266 364,5264 364,5215 366,5214 367,5214 371,5210 375,5210 376,5208 376,5207 377,5207 378,5207 379,5206 387,5206 388,5204 388,5203 390,5202 391,5202 392,5203 392,5208 395,5211 396,5211 396,5211 396,5262 397,5263 605,5262 606,5260 606,5259 608,5258 613,5258 614,5259 614,5260 616,5262 621,5262 622,5263 876,5261 876,5261 876,5260 878,5258 879,5258 880,5257 880,5256 882,5254 947,5254 947,5255 947,5256 948,5257 948,5262 949,5262 1026,5262 1027,5263 1292,5262 1293,5263 1293,5264 1295,5266 1475,5265 1475,5264 1475,5216 1478,5214 1479,5214 1479,5213 1479,5212 1481,5211 1496,5211 1497,5212 1499,5212 1501,5214 1502,5214 1503,5215 1503,5261 1504,5262 1542,5262 1543,5263 1621,5262 1623,5265 1623,5266 1624,5266 1633,5266 1635,5269 1635,5270 1636,5270 1820,5269 1823,5266 1824,5266 1825,5265 1825,5248 1827,5246 1828,5246 1828,5246 1828,5245 1831,5242 1832,5242 1832,5242 1832,5241 1833,5240 1835,5238 1836,5238 1837,5237 1837,5232 1839,5230 1840,5230 1841,5229 1841,5224 1843,5222 1852,5222 1852,5222 1852,5221 1855,5218 1860,5218 1860,5218 1860,5217 1863,5214 1891,5214 1895,5210 1900,5210 1901,5209 1925,5209 1926,5210 1930,5210 1931,5211 1932,5211 1932,5211 1932,5212 1935,5215 1936,5215 1936,5215 1936,5262 1937,5263 2169,5262 2170,5260 2170,5247 2172,5246 2173,5246 2174,5244 2174,5235 2176,5234 2177,5234 2178,5232 2178,5231 2180,5230 2181,5230 2182,5228 2182,5227 2184,5226 2185,5226 2186,5224 2186,5223 2188,5222 2189,5222 2190,5220 2190,5219 2192,5218 2193,5218 2194,5216 2194,5215 2196,5214 2201,5214 2203,5212 2218,5212 2219,5213 2265,5212 2265,5213 2265,5274 2266,5274 2269,5274 2269,5275 2269,5276 2272,5278 2273,5278 2273,5279 2273,5284 2276,5286 2277,5286 2277,5287 2277,5292 2280,5294 2281,5294 2281,5295 2282,5325 2282,5325 2487,5324 2488,5324 2487,5277 2488,5276 2488,5275 2489,5274 2490,5274 2492,5272 2492,5271 2493,5270 2494,5270 2496,5268 2496,5267 2497,5266 2498,5266 2499,5265 2499,5257 2500,5256 2500,5255 2501,5254 2502,5254 2503,5253 2503,5249 2504,5248 2504,5247 2505,5246 2506,5246 2507,5245 2507,5241 2510,5238 2511,5238 2511,5238 2511,5233 2512,5232 2512,5231 2513,5230 2519,5230 2519,5230 2519,5229 2522,5226 2527,5226 2527,5226 2527,5225 2528,5224 2528,5223 2529,5222 2534,5222 2536,5220 2536,5219 2537,5218 2558,5218 2559,5220 2559,5221 2561,5222 2562,5222 2563,5224 2563,5270 2564,5270 2856,5269 2857,5267 2857,5266 2858,5266 2924,5266 2924,5266 2924,5267 2928,5271 3130,5270 3131,5271 3360,5270 3361,5271 3361,5272 3363,5274 3368,5274 3369,5275 3369,5276 3371,5278 3376,5278 3377,5279 3376,5280 3376,5281 3376,5282 3370,5282 3369,5282 3369,5283 3367,5286 3366,5286 3365,5286 3365,5287 3363,5290 3361,5290 3360,5290 3361,5347 3358,5350 3357,5350 3357,5350 3357,5351 3355,5353 3318,5353 3317,5354 3317,5355 3315,5357 3183,5357 3182,5356 3084,5357 3083,5355 3083,5354 3081,5353 3000,5353 2999,5352 2722,5353 2721,5352 2388,5354 2388,5354 2388,5359 2384,5363 2384,5367 2374,5377 2369,5377 2369,5377 2369,5378 2366,5381 2354,5381 2353,5383 2353,5384 2351,5385"/><TextEquiv index="1"><Unicode>dans cette retraite affreuſe, ſans trouver</Unicode></TextEquiv></TextLine><TextLine id="r0_l024"><Coords points="2199,5603 2195,5599 2083,5599 2083,5599 2083,5545 2082,5544 2013,5545 2012,5544 1842,5544 1840,5542 1840,5541 1839,5540 1790,5541 1789,5540 1588,5540 1587,5539 1445,5540 1444,5539 1223,5540 1222,5539 765,5541 765,5541 765,5542 763,5544 755,5544 754,5543 753,5543 753,5543 753,5542 751,5540 743,5540 742,5539 508,5540 507,5542 507,5543 505,5544 340,5545 340,5545 340,5546 338,5548 334,5548 332,5545 332,5540 331,5540 330,5540 328,5538 328,5488 328,5488 286,5488 285,5488 285,5487 284,5486 284,5485 284,5484 279,5484 273,5479 273,5475 269,5471 269,5466 271,5464 328,5464 328,5463 328,5462 331,5460 340,5460 340,5459 340,5458 343,5456 348,5456 348,5455 348,5454 351,5452 355,5452 356,5453 356,5454 358,5456 390,5456 391,5457 392,5457 392,5457 392,5458 395,5461 745,5459 748,5456 888,5455 888,5455 888,5411 889,5409 890,5409 892,5408 892,5407 893,5405 902,5405 904,5407 904,5408 905,5409 982,5409 983,5410 983,5411 985,5413 990,5413 991,5413 991,5414 992,5416 993,5417 994,5417 995,5417 995,5426 998,5429 999,5429 999,5429 999,5451 1000,5452 1069,5452 1071,5454 1071,5455 1072,5456 1081,5456 1082,5457 1125,5456 1126,5458 1126,5459 1128,5460 1304,5460 1305,5458 1305,5457 1307,5456 1452,5455 1452,5454 1452,5433 1453,5433 1454,5433 1456,5430 1456,5425 1457,5425 1458,5425 1460,5422 1460,5421 1460,5421 1461,5421 1464,5418 1464,5417 1464,5417 1465,5417 1468,5414 1468,5413 1468,5413 1469,5413 1472,5410 1472,5409 1472,5409 1473,5409 1476,5406 1476,5405 1476,5405 1477,5405 1480,5402 1480,5401 1480,5401 1509,5401 1515,5406 1515,5459 1516,5460 1658,5459 1658,5459 1658,5458 1659,5457 1660,5457 1661,5456 1793,5455 1793,5455 1793,5418 1793,5417 1794,5417 1795,5416 1796,5416 1797,5416 1797,5407 1798,5405 1994,5405 1995,5405 1995,5406 1997,5409 1998,5409 1999,5409 1999,5463 2000,5464 2012,5464 2013,5465 2185,5464 2187,5466 2362,5465 2363,5464 2427,5464 2428,5462 2428,5461 2429,5461 2430,5461 2432,5458 2432,5457 2434,5456 2551,5455 2551,5455 2551,5419 2552,5417 2557,5417 2559,5416 2559,5415 2560,5413 2565,5413 2567,5412 2567,5411 2568,5409 2673,5409 2674,5409 2674,5464 2675,5465 2748,5464 2750,5467 2750,5468 2751,5468 2752,5468 2754,5471 2754,5472 2755,5472 2756,5472 2757,5474 2757,5475 2758,5476 2758,5480 2759,5480 2760,5480 2761,5482 2761,5483 2762,5484 2762,5516 2763,5516 2796,5516 2797,5518 2797,5519 2798,5519 2799,5520 2800,5520 2801,5522 2801,5523 2803,5524 2804,5524 2805,5526 2806,5535 2805,5536 2805,5539 2803,5540 2802,5540 2801,5542 2801,5543 2799,5544 2798,5544 2797,5546 2797,5547 2795,5548 2719,5548 2718,5547 2485,5548 2484,5547 2214,5549 2214,5549 2214,5597 2212,5599 2211,5599 2210,5600 2210,5601 2208,5603"/><TextEquiv index="1"><Unicode>mon exiſtence fort inſupportable.</Unicode></TextEquiv></TextLine><TextLine id="r0_l025"><Coords points="2715,5798 2714,5797 2714,5796 2712,5794 2711,5794 2710,5793 2709,5746 2709,5745 2569,5746 2567,5745 2567,5744 2566,5742 2561,5742 2560,5741 2255,5742 2254,5742 2254,5741 2252,5738 2247,5739 2246,5738 2136,5738 2135,5737 1784,5739 1783,5738 1779,5738 1777,5736 1777,5735 1776,5734 1561,5735 1560,5734 1326,5735 1325,5734 1247,5734 1245,5732 671,5734 670,5733 517,5734 515,5733 515,5732 515,5731 514,5731 513,5730 512,5730 511,5730 511,5728 513,5726 514,5726 515,5725 515,5679 515,5678 223,5679 221,5678 221,5664 221,5663 219,5663 217,5662 217,5661 219,5659 220,5659 221,5658 221,5649 222,5647 514,5646 515,5646 515,5609 516,5607 565,5607 566,5606 566,5605 568,5603 1082,5601 1084,5599 1089,5599 1090,5598 1090,5597 1092,5595 1095,5595 1096,5596 1104,5595 1106,5597 1106,5599 1106,5599 1148,5599 1150,5601 1150,5602 1151,5603 1152,5603 1154,5605 1154,5606 1154,5606 1969,5603 1972,5605 1972,5607 1972,5608 3125,5603 3126,5603 3126,5604 3127,5605 3127,5606 3127,5607 3132,5607 3135,5609 3135,5610 3135,5611 3136,5611 3139,5613 3139,5655 3140,5656 3352,5655 3353,5656 3353,5657 3355,5659 3376,5659 3377,5660 3377,5677 3379,5679 3387,5679 3388,5680 3388,5681 3389,5682 3389,5686 3390,5687 3391,5687 3392,5688 3392,5690 3391,5692 3390,5692 3389,5692 3389,5697 3388,5699 3378,5699 3377,5699 3377,5744 3376,5746 3375,5746 3374,5746 3372,5748 3372,5749 3372,5750 2754,5752 2753,5753 2754,5792 2751,5794 2750,5794 2750,5795 2750,5796 2747,5798"/><TextEquiv index="1"><Unicode>Les malheureux! ils ne me portoient</Unicode></TextEquiv></TextLine><TextLine id="r0_l026"><Coords points="2450,5993 2449,5992 2449,5937 2449,5937 2438,5937 2436,5935 2436,5934 2435,5933 2315,5933 2314,5932 2157,5933 2154,5930 2154,5929 2154,5929 2069,5929 2068,5928 1807,5929 1806,5928 1724,5929 1721,5926 1721,5925 1721,5925 1712,5925 1710,5923 1710,5922 1709,5921 1508,5922 1507,5922 1507,5923 1506,5925 1270,5926 1269,5926 1269,5979 1269,5980 1239,5980 1237,5978 1237,5977 1236,5976 1235,5976 1233,5974 1233,5925 1233,5925 1008,5926 1007,5926 1007,5927 1006,5929 1005,5929 1003,5927 1003,5926 1002,5925 868,5926 867,5925 794,5925 793,5925 793,5982 793,5983 782,5983 781,5982 781,5925 781,5925 564,5926 561,5929 429,5929 428,5930 428,5975 427,5976 426,5976 424,5978 424,5979 423,5980 409,5981 408,5980 382,5980 380,5978 380,5933 380,5933 378,5933 376,5931 376,5930 375,5929 367,5929 348,5910 348,5906 347,5905 346,5905 345,5904 345,5903 344,5902 344,5890 343,5889 342,5889 341,5888 341,5887 340,5886 340,5873 339,5873 214,5873 213,5872 213,5871 212,5870 211,5869 210,5869 209,5868 209,5867 210,5865 211,5865 213,5864 213,5848 215,5845 216,5845 217,5845 217,5836 219,5833 220,5833 221,5833 221,5832 223,5829 225,5831 225,5836 226,5837 227,5837 229,5839 229,5845 229,5845 486,5844 487,5844 487,5843 487,5842 488,5842 489,5841 716,5840 717,5840 717,5792 718,5790 723,5790 725,5789 725,5788 726,5786 739,5786 749,5796 749,5841 749,5841 866,5841 867,5842 1095,5841 1096,5842 1255,5841 1256,5842 1553,5841 1555,5842 1555,5844 1556,5846 1728,5845 1729,5844 1729,5800 1730,5799 1730,5798 1730,5798 1735,5798 1738,5795 1738,5794 1738,5794 1747,5794 1749,5792 1749,5791 1750,5790 1756,5790 1757,5790 1757,5791 1759,5794 1938,5793 1941,5790 1982,5790 1983,5790 1983,5791 1984,5792 1984,5844 1984,5845 2005,5845 2006,5846 2116,5845 2119,5848 2119,5849 2119,5849 2312,5848 2313,5848 2313,5803 2313,5802 2386,5802 2388,5800 2388,5799 2389,5798 2399,5798 2400,5798 2400,5799 2400,5800 2402,5802 2403,5802 2404,5802 2404,5848 2404,5849 2461,5849 2464,5851 2464,5852 2464,5853 2465,5853 2466,5854 2780,5852 2781,5852 2781,5808 2782,5806 2787,5806 2789,5805 2789,5804 2790,5802 2796,5802 2797,5803 2797,5804 2799,5806 2800,5806 2801,5807 2801,5849 2801,5849 2803,5849 2805,5851 2805,5853 2805,5853 2878,5853 2881,5855 2881,5856 2881,5857 2928,5857 2929,5858 3106,5857 3107,5856 3107,5810 3107,5810 3108,5810 3111,5807 3111,5806 3111,5806 3112,5806 3114,5804 3115,5803 3115,5802 3115,5802 3125,5802 3126,5802 3126,5803 3128,5806 3129,5806 3130,5806 3130,5807 3132,5810 3133,5810 3134,5810 3134,5811 3135,5812 3135,5857 3135,5858 3343,5857 3345,5855 3345,5854 3346,5853 3350,5853 3353,5855 3353,5856 3353,5857 3382,5857 3385,5859 3385,5864 3385,5865 3387,5865 3388,5865 3388,5868 3387,5869 3386,5869 3385,5870 3385,5878 3384,5879 3384,5880 3384,5881 3383,5881 3381,5882 3381,5938 3379,5941 3378,5941 3377,5941 3377,5942 3375,5945 3348,5945 3347,5944 3346,5944 3345,5943 3345,5942 3344,5941 3181,5941 3180,5940 2901,5942 2900,5942 2900,5963 2900,5964 2899,5964 2896,5966 2896,5967 2896,5968 2895,5968 2892,5970 2892,5975 2892,5976 2891,5976 2888,5978 2888,5979 2888,5980 2887,5980 2884,5982 2884,5983 2884,5984 2871,5984 2868,5986 2868,5987 2868,5988 2854,5988 2853,5987 2853,5986 2851,5984 2831,5984 2825,5978 2825,5977 2825,5977 2824,5977 2821,5975 2821,5938 2821,5937 2704,5938 2703,5937 2589,5937 2588,5936 2464,5937 2463,5937 2463,5992 2463,5993"/><TextEquiv index="1"><Unicode>que des coups en deſſous. Ils craignoient</Unicode></TextEquiv></TextLine><TextLine id="r0_l027"><Coords points="1890,6180 1889,6180 1889,6123 1889,6122 1719,6123 1718,6122 1718,6121 1716,6119 1564,6120 1563,6119 1377,6119 1376,6120 1376,6130 1375,6131 1374,6131 1373,6132 1373,6133 1372,6134 1372,6138 1371,6139 1366,6139 1365,6140 1365,6141 1363,6143 1362,6143 1361,6144 1361,6145 1359,6147 1354,6147 1353,6148 1353,6149 1351,6151 1343,6151 1337,6145 1336,6146 1336,6180 1336,6180 1227,6181 1226,6180 1226,6123 1226,6123 1139,6123 1138,6124 1138,6150 1137,6151 1136,6151 1134,6153 1134,6154 1134,6154 1133,6155 1132,6155 1130,6157 1130,6158 1129,6159 1128,6159 1126,6161 1126,6162 1125,6163 1124,6163 1122,6165 1122,6166 1121,6167 1116,6167 1114,6169 1114,6170 1113,6171 1108,6171 1106,6173 1106,6174 1105,6176 1097,6176 1096,6175 1073,6175 1071,6173 1071,6172 1070,6171 1069,6171 1067,6169 1067,6168 1067,6168 1066,6167 1065,6167 1063,6165 1063,6164 1062,6163 1061,6163 1059,6161 1059,6151 1059,6151 886,6151 884,6153 884,6158 883,6159 882,6159 880,6161 880,6162 879,6163 878,6163 876,6165 876,6166 875,6168 870,6168 868,6169 868,6170 868,6171 862,6171 860,6172 860,6173 859,6175 835,6175 832,6172 832,6171 832,6171 819,6171 817,6169 817,6164 816,6163 815,6163 813,6161 813,6156 812,6155 811,6155 809,6153 809,6123 809,6123 755,6123 754,6124 754,6178 754,6178 750,6178 749,6178 749,6124 749,6123 671,6123 670,6123 670,6122 668,6119 485,6120 482,6123 422,6123 420,6125 420,6126 419,6127 414,6128 409,6123 374,6123 372,6121 372,6120 371,6119 366,6119 364,6117 364,6116 363,6115 362,6115 360,6113 360,6104 358,6103 357,6103 356,6101 356,6040 355,6040 246,6040 245,6039 245,6038 244,6037 243,6036 242,6036 241,6035 241,6026 242,6024 243,6024 245,6023 245,6022 246,6020 387,6020 388,6019 387,5996 388,5995 388,5993 390,5992 399,5992 400,5990 400,5989 402,5988 408,5988 409,5989 410,5989 416,5995 417,6028 417,6029 418,6028 420,6030 420,6040 420,6040 616,6040 617,6041 696,6040 697,6040 696,5996 700,5992 701,5992 701,5992 701,5991 704,5988 777,5988 777,5987 777,5985 779,5984 780,5984 781,5983 793,5983 793,5983 794,6039 794,6040 930,6039 933,6036 1009,6036 1011,6034 1011,6033 1012,6032 1013,6032 1016,6034 1016,6035 1016,6036 1096,6036 1097,6037 1279,6036 1281,6037 1281,6038 1281,6039 1282,6040 1283,6040 1285,6041 1285,6042 1285,6043 1286,6043 1289,6045 1289,6091 1289,6092 1462,6091 1463,6090 1463,6046 1464,6045 1464,6044 1464,6044 1465,6044 1468,6041 1468,6040 1468,6040 1525,6040 1526,6041 1689,6040 1690,6039 1690,5995 1691,5994 1690,5989 1692,5988 1693,5988 1694,5986 1694,5985 1696,5984 1704,5984 1706,5986 1706,5987 1707,5988 1708,5988 1709,5989 1903,5988 1904,5987 1904,5986 1906,5984 1915,5984 1916,5985 1917,6039 1917,6040 1982,6040 1983,6040 1983,6041 1983,6042 1985,6044 1986,6044 1987,6045 2304,6043 2305,6043 2305,5998 2306,5996 2307,5996 2311,5992 2328,5992 2329,5993 2463,5993 2465,5994 2465,5995 2468,5998 2468,6048 2468,6049 2668,6048 2670,6046 2670,6045 2670,6045 2671,6044 2672,6044 2674,6042 2674,6041 2675,6040 2680,6040 2682,6041 2682,6042 2683,6044 2684,6044 2686,6045 2686,6048 2686,6049 2871,6048 2872,6049 3078,6048 3079,6047 3079,6041 3080,6040 3081,6040 3083,6038 3083,6025 3084,6024 3085,6024 3087,6022 3087,6013 3088,6012 3089,6012 3090,6011 3091,6010 3091,6009 3092,6008 3097,6008 3099,6006 3099,6005 3100,6004 3101,6004 3103,6002 3103,6001 3104,6000 3109,6000 3111,5998 3111,5997 3112,5996 3136,5996 3139,5998 3139,6000 3139,6001 3224,6000 3226,6002 3226,6003 3227,6004 3232,6004 3234,6006 3234,6011 3235,6012 3236,6012 3238,6014 3238,6046 3238,6046 3352,6046 3353,6045 3353,6044 3353,6044 3355,6044 3357,6045 3357,6046 3358,6048 3367,6048 3369,6049 3369,6054 3370,6056 3371,6056 3373,6057 3373,6058 3374,6060 3379,6060 3381,6061 3381,6062 3382,6064 3383,6064 3385,6065 3385,6070 3386,6072 3387,6072 3388,6072 3388,6073 3389,6074 3389,6075 3390,6077 3391,6077 3392,6077 3392,6078 3393,6079 3393,6089 3392,6090 3392,6091 3391,6092 3390,6092 3389,6093 3389,6121 3388,6123 3387,6123 3384,6125 3384,6126 3384,6127 3383,6127 3380,6129 3380,6130 3380,6131 3379,6131 3376,6133 3376,6134 3376,6135 3375,6135 3372,6137 3372,6138 3372,6139 3363,6139 3361,6140 3361,6141 3360,6143 3343,6143 3341,6141 3341,6140 3340,6139 3176,6139 3175,6138 3069,6139 3067,6137 3067,6136 3066,6135 2938,6136 2936,6134 2936,6133 2935,6132 2931,6132 2928,6129 2928,6128 2927,6127 2703,6128 2702,6128 2702,6130 2701,6132 2536,6132 2535,6133 2535,6134 2534,6135 2521,6135 2519,6134 2519,6133 2518,6131 2472,6132 2471,6131 2334,6131 2333,6131 2333,6130 2332,6129 2332,6128 2332,6127 2243,6128 2242,6127 2065,6127 2063,6126 2063,6125 2063,6124 2062,6123 2061,6123 2060,6122 1897,6123 1896,6124 1896,6180 1896,6180"/><TextEquiv index="1"><Unicode>de m'égorger, mais ils vouloient me faire</Unicode></TextEquiv></TextLine><TextLine id="r0_l028"><Coords points="3057,6390 3056,6389 3056,6329 3055,6329 2890,6330 2888,6327 2888,6326 2887,6326 2856,6326 2856,6326 2856,6385 2856,6386 2841,6386 2840,6385 2840,6326 2839,6326 2595,6327 2592,6330 2585,6330 2584,6329 2583,6329 2583,6329 2583,6328 2581,6326 2509,6326 2508,6325 2275,6326 2274,6325 2079,6326 2079,6327 2079,6364 2077,6366 2076,6366 2075,6367 2075,6368 2074,6369 2069,6369 2067,6371 2067,6372 2066,6373 2049,6373 2047,6372 2047,6371 2046,6369 2033,6369 2031,6368 2031,6319 2030,6318 1857,6319 1854,6322 1745,6323 1745,6323 1745,6376 1745,6377 1716,6377 1713,6379 1713,6380 1713,6381 1703,6381 1702,6380 1702,6350 1702,6350 1556,6351 1555,6350 1554,6350 1553,6349 1552,6349 1551,6348 1551,6318 1550,6318 1378,6318 1377,6317 1191,6318 1190,6317 985,6318 984,6317 830,6318 829,6317 644,6318 643,6319 640,6319 639,6318 553,6318 553,6318 553,6373 553,6374 549,6374 548,6373 548,6318 547,6318 380,6319 380,6319 380,6320 379,6321 378,6321 377,6322 374,6322 370,6318 366,6318 365,6317 364,6317 364,6316 364,6247 365,6246 366,6246 368,6244 368,6239 369,6238 374,6238 376,6236 376,6235 376,6235 377,6235 378,6234 409,6234 410,6235 689,6233 690,6233 690,6232 691,6230 741,6230 742,6230 741,6181 743,6179 748,6179 749,6178 755,6178 761,6185 762,6226 763,6227 764,6227 765,6227 765,6229 765,6230 963,6229 964,6229 963,6186 964,6185 964,6184 965,6183 966,6183 967,6182 968,6181 968,6180 969,6179 995,6179 995,6179 995,6184 998,6187 999,6187 999,6187 1000,6229 1000,6230 1193,6229 1194,6229 1194,6225 1194,6224 1194,6216 1195,6215 1196,6215 1198,6213 1198,6200 1199,6199 1200,6199 1202,6197 1202,6192 1203,6191 1217,6191 1217,6191 1217,6186 1218,6185 1218,6184 1219,6183 1224,6183 1226,6181 1336,6180 1339,6183 1344,6183 1344,6184 1344,6185 1345,6186 1346,6234 1346,6234 1426,6234 1428,6236 1428,6237 1429,6238 1485,6238 1487,6239 1487,6240 1488,6242 1489,6242 1491,6243 1491,6248 1492,6250 1493,6250 1495,6251 1495,6294 1495,6295 1701,6294 1702,6293 1702,6247 1703,6246 1704,6246 1706,6244 1706,6243 1707,6242 1712,6242 1714,6240 1714,6239 1715,6238 1880,6237 1881,6237 1880,6193 1883,6190 1884,6190 1884,6190 1884,6185 1886,6183 1887,6183 1887,6183 1888,6182 1888,6181 1889,6180 1968,6180 1969,6179 1999,6179 1999,6179 1999,6184 2002,6187 2003,6187 2003,6187 2003,6191 2004,6192 2232,6191 2234,6188 2234,6187 2235,6187 2237,6187 2238,6186 2239,6187 2241,6187 2242,6188 2293,6187 2293,6188 2293,6189 2297,6193 2297,6202 2298,6202 2299,6202 2300,6203 2301,6203 2301,6204 2302,6242 2302,6242 2362,6242 2363,6243 2577,6242 2579,6241 2579,6240 2580,6238 2592,6238 2595,6241 2595,6242 2595,6242 2600,6242 2601,6243 3079,6241 3080,6240 3079,6199 3080,6199 3082,6199 3083,6198 3090,6198 3091,6196 3091,6195 3092,6195 3110,6195 3111,6196 3111,6197 3112,6198 3113,6199 3114,6199 3115,6200 3116,6254 3116,6255 3295,6254 3297,6255 3297,6256 3298,6258 3303,6258 3305,6259 3305,6260 3306,6262 3307,6262 3309,6263 3309,6277 3309,6278 3387,6278 3388,6278 3388,6280 3394,6287 3395,6287 3396,6287 3396,6288 3397,6289 3397,6292 3394,6295 3393,6295 3393,6295 3393,6296 3390,6299 3389,6299 3389,6299 3389,6300 3387,6302 3317,6302 3317,6302 3317,6332 3316,6333 3315,6333 3313,6335 3313,6336 3313,6337 3310,6337 3309,6336 3309,6334 3308,6334 3159,6335 3158,6334 3101,6334 3100,6333 3099,6333 3099,6332 3099,6331 3097,6330 3070,6330 3070,6330 3070,6389 3070,6390"/><TextEquiv index="1"><Unicode>mourir de faim, puiſqu'ils ne me don-</Unicode></TextEquiv></TextLine><TextLine id="r0_l029"><Coords points="3286,6540 3286,6539 3286,6538 3285,6537 3285,6535 3284,6535 3112,6536 3110,6533 3110,6532 3109,6532 2980,6532 2980,6532 2980,6531 2979,6530 2979,6529 2978,6528 2930,6529 2929,6528 2909,6528 2908,6526 2908,6524 2907,6524 2670,6525 2670,6525 2670,6526 2668,6528 2424,6529 2424,6529 2424,6530 2422,6532 2417,6532 2416,6533 2416,6534 2414,6536 2409,6536 2408,6537 2408,6542 2406,6544 2397,6544 2397,6543 2397,6542 2394,6540 2385,6540 2385,6539 2385,6538 2382,6536 2274,6536 2273,6535 2214,6536 2214,6535 2214,6534 2213,6533 2213,6532 2212,6532 2211,6532 2210,6531 2209,6529 2209,6528 2208,6528 2096,6528 2095,6527 1996,6528 1996,6527 1996,6526 1993,6524 1765,6525 1765,6525 1765,6526 1763,6528 1758,6528 1757,6526 1757,6525 1755,6524 1643,6524 1642,6523 1512,6524 1511,6522 1511,6521 1509,6520 1373,6520 1372,6519 1372,6518 1370,6516 1353,6516 1352,6515 1198,6516 1198,6516 1198,6513 1197,6512 1163,6512 1162,6511 921,6512 920,6514 920,6515 918,6516 913,6516 912,6515 912,6514 911,6513 910,6512 909,6512 908,6511 678,6512 677,6511 392,6513 392,6513 392,6514 390,6516 377,6516 376,6514 376,6509 375,6509 374,6508 369,6508 368,6506 367,6449 367,6449 366,6449 364,6447 364,6446 367,6444 368,6444 368,6443 368,6442 370,6441 371,6441 372,6440 372,6439 372,6438 374,6437 375,6437 375,6436 376,6435 376,6434 378,6433 383,6433 384,6431 384,6430 386,6429 391,6429 392,6427 392,6426 394,6425 399,6425 400,6426 543,6425 543,6424 543,6378 545,6377 546,6377 547,6375 547,6374 548,6374 554,6374 563,6383 563,6424 564,6425 633,6425 634,6426 780,6425 781,6426 781,6428 782,6429 804,6429 805,6430 1038,6429 1039,6427 1039,6426 1041,6425 1046,6425 1047,6426 1047,6427 1048,6428 1049,6429 1050,6429 1051,6430 1261,6429 1262,6430 1376,6429 1376,6430 1376,6431 1379,6433 1531,6433 1532,6434 1570,6433 1571,6435 1571,6436 1573,6437 1789,6437 1789,6436 1789,6435 1791,6434 1891,6433 1892,6432 1892,6431 1894,6429 1920,6429 1920,6428 1920,6386 1922,6385 1923,6385 1924,6383 1924,6382 1926,6381 1939,6381 1940,6382 1940,6383 1942,6385 1943,6385 1944,6386 1944,6391 1946,6393 1947,6393 1948,6394 1948,6432 1949,6433 1991,6433 1992,6434 2142,6433 2142,6433 2142,6436 2143,6437 2396,6436 2396,6435 2396,6387 2397,6386 2397,6385 2398,6385 2399,6385 2401,6382 2401,6381 2402,6381 2407,6381 2408,6382 2408,6383 2410,6385 2459,6385 2459,6385 2459,6386 2462,6389 2463,6389 2464,6390 2464,6393 2465,6394 2653,6393 2655,6390 2655,6389 2656,6389 2657,6389 2663,6382 2663,6381 2664,6381 2669,6381 2670,6382 2670,6383 2672,6385 2673,6385 2674,6386 2930,6385 2932,6387 2932,6390 2933,6391 3071,6390 3071,6390 3071,6391 3072,6392 3073,6393 3074,6393 3075,6394 3075,6399 3077,6401 3078,6401 3079,6402 3079,6444 3080,6445 3273,6444 3273,6444 3273,6400 3278,6395 3278,6394 3279,6393 3304,6393 3305,6394 3305,6403 3307,6405 3308,6405 3309,6406 3309,6444 3310,6445 3376,6445 3377,6446 3377,6447 3379,6449 3384,6449 3386,6450 3386,6452 3386,6453 3387,6453 3388,6453 3388,6454 3389,6455 3389,6456 3390,6458 3391,6458 3392,6458 3392,6459 3393,6460 3393,6464 3394,6466 3395,6466 3396,6466 3396,6467 3397,6468 3397,6472 3397,6473 3398,6472 3399,6473 3400,6474 3400,6475 3401,6476 3401,6518 3400,6519 3400,6520 3399,6520 3398,6520 3396,6523 3396,6524 3395,6525 3390,6525 3387,6528 3382,6528 3376,6534 3376,6535 3375,6536 3362,6536 3361,6537 3361,6538 3359,6540"/><TextEquiv index="1"><Unicode>noient aucune nourriture. Je brûlois de</Unicode></TextEquiv></TextLine><TextLine id="r0_l030"><Coords points="1303,6723 1302,6722 1301,6722 1301,6721 1301,6715 1300,6715 1160,6715 1159,6714 1053,6715 1052,6714 1051,6714 1051,6713 1051,6712 1049,6711 917,6711 915,6709 576,6711 574,6708 574,6699 573,6699 572,6699 571,6697 571,6696 570,6695 570,6689 571,6688 570,6594 571,6593 571,6592 572,6592 573,6592 575,6589 575,6588 576,6588 577,6588 578,6586 578,6582 579,6581 579,6580 580,6580 581,6580 582,6578 582,6577 584,6576 1174,6573 1175,6572 1197,6572 1198,6571 1199,6572 1209,6572 1210,6574 1210,6575 1212,6576 1225,6576 1225,6576 1225,6577 1226,6578 1226,6647 1227,6648 1294,6648 1295,6649 1313,6649 1313,6649 1313,6679 1314,6680 1364,6679 1364,6680 1364,6681 1365,6682 1366,6683 1366,6683 1367,6683 1368,6684 1368,6710 1366,6711 1365,6711 1364,6713 1364,6714 1363,6714 1362,6714 1360,6717 1360,6718 1359,6718 1358,6718 1357,6719 1309,6720 1306,6723"/><TextEquiv index="1"><Unicode>Tome IIi.</Unicode></TextEquiv></TextLine><TextLine id="r0_l031"><Coords points="2686,6579 2834,6578 2834,6719 2686,6720"/><TextEquiv index="1"><Unicode>D</Unicode></TextEquiv></TextLine></TextRegion></Page></PcGts>