4266 7971
1120 829 4140 1022 ſortir de chez eux. Comment m'y prendre?
1320 1021 4148 1222 Je ſentis qu'il falloit détacher des bar-
1120 1222 4136 1419 reaux de ma fenêtre, pour ſortir par cette
1112 1415 4144 1628 iſſue. Je n'avois, pour cela, qu'un cou-
1127 1611 4144 1813 teau; mais, en creuſant long-temps, avec
1124 1808 4144 1997 cet inſtrument, dans la muraille, je vins
1128 2008 4144 2197 à bout de détacher des batreaux, ce qui
1127 2201 4144 2406 fut cependant l'affaire de quelques jours.
876 2394 4140 2595 Pendant ce temps-là, je faiſois mon feu
1139 2590 4137 2792 & mes galettes pour me ſoutenir. Notez
1135 2785 4136 2992 que ma fenêtre n'étoit pas à ma portée,
899 2980 4140 3188 qu'il falloit ſauter, & m'élever, ſur mon
1135 3176 4144 3374 tertre, le plus haut poſſible, pour at-
1143 3366 4136 3570 teindre le barreau, me ſoutenir d'une
876 3562 4145 3777 main en l'air, & de l'autre, travailler
876 3762 4137 3963 avec mon couteau, pour déchauſſer les
1147 3955 4136 4158 barres de fer, ſcellées dans le mur; &
1147 4151 4140 4360 pendant ce temps-là, j'étois obligé de don-
1147 4352 4140 4556 ner pluſieurs heures, chaque jour, au tra-
1143 4545 4140 4742 vail de la pompe, ſans quoi, mon cachot
1139 4741 3023 4938 ſe ſeroit rempli d'eau.
1352 4926 4136 5130 Enfin, mes barreaux ôtés, je m'élevai
1104 5127 4132 5329 ſur ma fenêtre, & j'examinai le local ex-
1147 5323 4132 5521 térieur. Je vis une cour étroite, où ily
900 5512 4124 5718 avoit une pile de ſacs de farine, qui mon-
1143 5705 4128 5911 toient juſqu'à ma fenêtre. Rien de ſi aiſé
1143 5905 4128 6106 que de deſcendre par le moyen des ſacs.
1139 6102 4124 6275 Je me munis, en cas de beſoin, des deux
1140 6291 4121 6507 barreaux de fer, que j'avois détachés, &
437 7850 2277 7974 ...
