4266 8074
1127 764 4265 994 duiſit à la tour. On me dit que j'étois
1134 961 4266 1191 un impudent, qui oſoit ſe jouer du Mi
1135 1175 4266 1386 niſtère, & qu'on ſauroit bien me punir.
1138 1375 4267 1582 Je fus renfermé plus rigoureuſement.
1341 1568 4267 1782 Bientôt je fus conduit dans une autre
1139 1753 4267 1978 maiſon qu'on appelle Bedlam, c'eſt l'hô-
846 1967 4268 2176 pital des fous. „Comment, m'écriai-je,
1107 2155 4268 2374 “eſt-ce qu'on me prend pour un fou?“
1111 2335 4269 2572 Je fus interrogé, non plus par un Ma-
1147 2558 4269 2766 giſtrat, mais par un Médecin. Il me de
1135 2757 4270 2966 manda ſi je n'avois jamais eu des viſions
1155 2953 4270 3158 Je lui répondis que je ne me rappelloi
1158 3150 4271 3356 pas d'avoir jamais vu rien de purement
1163 3349 4271 3555 imaginaire, ſi ce n'eſt dans mes ſonges
1159 3544 4271 3753 Il me pria de lui raconter l'hiſtoire dec
1163 3738 4272 3948 qui m'étoit arrivé avec la Société ſouter
1162 3938 4272 4146 reine. Je lui fis le même récit qu'au Ma
1155 4131 4273 4341 giſtrat. „Ceci friſe beaucoup la viſion
1163 4327 4273 4535 “me dit il, & l'on vous prendra pou
1143 4520 4273 4730 “un fou, tant qu'on ne trouvera aucur
1163 4718 4274 4914 „indice des différents lieux dont vou
1162 4914 4274 5125 “parlez. On a écrit, ſur votre compte.
1151 5113 4275 5323 “une lettre qui n'eſt pas d'un fou, o
1166 5271 4275 5516 “l'on vous accuſe poſitivement de ſole
1159 5503 4276 5710 “Vos parens veulent vous ravoir,
1135 5677 4276 5915 “France, pour vous enfermer aux Pe-
1186 5895 4276 6112 “tites-Maiſons.“ Je dis que, mon père
1171 6088 4277 6309 & ma mère étant, pour le préſent, en
1182 6296 4277 6511 Amérique, cette lettre étoit un faux avis,
