4266 8308
2206 571 2706 773 (.
2091 1278 2677 1413 D
1572 1358 1773 1466 -
1364 2156 3620 2307 SeconeE LaASsE.
1163 2764 3829 2972 Céſar de Perlencour, à Dumoulin.
3379 3178 3760 3312 Paris.
923 3456 4090 3788 AUbout de quelques jours, on m'em-
919 3781 4102 4193 &eeree a la a i ous, , i oe
918 4192 4098 4402 roiſſoit qu'on vouloit m'embarquer pour
918 4392 4110 4604 la France. Je demandai, à mon con-
918 4597 4111 4806 ducteur, ce que ſignifioit la violence dont
918 4797 4106 5003 on uſoit envers moi. „Hé! mais, mon
910 5001 4094 5207 “ami, dit-il, autant que j'en puis juger,
906 5205 4094 5410 “votre pays vous réclame comme un
906 5406 4098 5615 „fou, & l'on vous rend comme tel. On
914 5614 4094 5815 “n'a aucun motif de retenir des gens de
906 5819 4090 6030 “cette eſpèce; &, malgré la guerre, on
894 6019 4082 6233 “ne fait aucune difficulté de remettre, à
902 6227 4086 6432 “la France, un inſenſé, dont on n'a pas
910 6423 4082 6644 “beſoin en Angleterre.“ Je ne fus pas
