4266 7987
1625 518 2248 721 sE
405 721 3398 939 “Prince, ſur - le - champ, & le pauvre
405 939 3394 1134 “Prince eſt garrotté.“ J'entendois tous
396 1133 3381 1327 ces jolis propos bien diſtinctement, &,
396 1324 3397 1519 ſi je n'euſſe pas eu les mains enchaînées,
396 1519 3401 1711 j'aurois volontiers ſauté ſur les interlo-
280 1709 3401 1902 cuteurs, qui ne m'en auroient pas cru
373 1897 3401 2285 eue eete paa i ppil e nmontvout
392 2278 3405 2475 ducteur, ce que c'étoit que cette infor-
392 2469 3393 2678 tunée. „Elle a été fort jolie, me dit-il;
388 2664 3397 2861 “elle l'eſt même encore. Elle ſe laiſſa ſé-
245 2855 3397 3055 “duire, il y a quelques années, par un
400 3054 3401 3250 “homme de la ſuite d'un Prince, qui
275 3245 3405 3436 “ſe diſoit Prince lui - même, &, qui
400 3436 3405 3635 “plus eſt, Souverain. Le malheureux ne
283 3630 3397 3822 “tarda pas à l'abandonner, dès qu'il eut
396 3818 3401 4017 “obtenu, d'elle, tout ce qu'il deſiroit.
291 4012 3401 4207 “Il lui fit accroire, en partant, qu'au
393 4208 3410 4395 “premier jour, il lui enverroit un Am-
311 4394 3405 4589 “baſſadeur, pour l'épouſer en ſon nom
404 4585 3405 4737 “& la conduire dans ſes Etats. Elle at-
412 4784 3408 4982 “tend toujours cet Ambaſſadeur; mais
416 4971 3405 5174 “tout le monde lui a tant répété qu'elle
330 5170 3416 5368 “avoit été trompée, que ſans perdre tout-
424 5357 3412 5561 “à - fait ſon erreur chérie, elle a conçu du
424 5551 3412 5752 “chagrin, qui l'a miſe d'abord aux portes
431 5738 3409 5961 “du tombeau, & qui lui a laiſſé enfin
420 5933 3413 6140 “la démence, dont il eſt difficile qu'elle
