4266 8195
2270 516 2784 711 s
967 694 4265 980 “guériſſe jamais. Elle eſt venue s'établir à
963 967 4266 1172 “Douvres, pour être à portée de voir
967 1164 4266 1380 „arriver l'Ambaſſadeur de ſon Amant
967 1365 4266 1578 “couronné. Elle a, chez elle, ſon por-
975 1562 4267 1779 “trait, placé ſous un dais. Elle lui fait,
975 1767 4267 1972 “chaque jour, aſſidûment ſa cour. Elle
987 1964 4268 2179 “ſert la table, matin & ſoir, devant ce
975 2164 4268 2386 “portrait, ſe tient reſpectueuſement de-
983 2369 4269 2577 “bout, tandis qu'il eſt cenſé manger,
983 2570 4269 2775 “&, après le repas imaginaire de ce ta-
762 2771 4270 2978 “bleau, elle prend le ſien reſpectueu-
987 2968 3699 3174 “ſement devant l'image favorite.“
1184 3155 4270 3383 Je plaignis beaucoup cette infortunée,
983 3370 4271 3575 qui m'en rappella une à-peu-près pareille,
991 3571 4271 3773 dont j'avois entendu parler à Rouen. Je
987 3770 4272 3972 me félicitai intérieurement de n'être pas
987 3952 4272 4170 dans le cas de ces deux Demoiſelles, &
979 4163 4273 4378 je m'embarquai, avec mon guide, pour
983 4364 4273 4571 arriver, quelques heures après, à Calais.
991 4563 4273 4771 Je vis, ſur le port, quelques jeunes
987 4764 4274 4965 Seigneurs de ma connoiſſance, qui m'ap-
983 4964 4274 5174 perçurent, & me ſaluerent de loin. Mon
979 5161 4275 5370 guide ne me laiſſa pas approcher d'eux;
975 5358 4275 5567 il alla leur parler, & revint me dire qu'ils
978 5557 4276 5775 me plaignoient beaucoup, parce qu'il leur
975 5761 4276 5977 avoit appris que j'étois fou. J'apperçus
979 5957 4276 6167 auſſi le Chevalier Marqué avec Frédé-
971 6148 4277 6379 gonde. L'imbécille Anglois leur avoit fait
