4266 8211
1446 540 1950 729 aa.
176 772 3271 986 la même révélation, & ils en avoient ri
180 982 3279 1187 à gorge déployée. Je grinçois des dents
176 1183 1172 1329 à la ſourdine.
345 1377 3279 1635 Sur-le-champ, nous prîmes la poſte,
176 1586 3271 1736 & nous arrivâmes bientot à Paris. Mon
168 1780 3283 1986 conducteur me conſigna dans un corps-
160 1977 3275 2175 de garde, & ſortit. Il revint, au bout de
91 2179 3279 2381 quelque temps, fort embarraſſé. J'ignore
164 2372 3271 2579 s'il alla chez le Miniſtre ou chez le Lieu-
168 2573 3271 2775 tenant de police. „Je ne ſais ce que cela
168 2775 3267 2977 “veut dire, s'écria-t-il. On me charge
168 2976 3275 3170 “de vous amener en France; on me
172 3174 3271 3379 “dit que le Miniſtère vous reclame, pour
168 3375 3279 3577 “vous faire enfermer comme fou; & point
168 3573 3275 3831 “du tout, on ne penſoit ſeulement pas
168 3776 3263 3978 “à vous; & même on vous a envoye,
168 3971 3263 4177 “dit-on, il y a quelque temps, à Londres,
75 4173 3287 4379 “la permiſſion de repaſſer en France, ſans
168 4373 3279 4576 “être inquiété pour votre duel.“ --
83 4576 3283 4778 „Vous voyez donc bien, répondis-je à
168 4773 3283 4979 “cet homme, que vous n'avez pas le ſens
180 4979 3279 5179 “commun, ni vous ni vos Anglois.
176 5172 3279 5354 “Allons, vîte, déchaînez-moi.“ -- „Je
180 5377 3303 5579 “ne le peux pas, me répondit-il; car on
180 5571 3271 5777 “m'a dit: „puiſque vous nous le donnez
92 5772 3275 5977 “pour fou, nous allons l'envoyer cher-
184 5970 3275 6175 “cher, & le placer dans une maiſon où
196 6172 2795 6378 “il ſera traité de cette maladie.“
241 6369 3275 6582 Je frémiſſois de rage; mais je me con-
