4266 8303
1643 521 2176 709 S
310 757 3508 972 pour fou, je n'étois donc pas connu en
339 966 3508 1169 cette qualité par l'une ni l'autre Cour;
339 1169 3508 1373 que, par conſéquent, on n'avoit aucun
331 1372 3499 1573 motif de me retenir en captivité. Je dis
339 1577 3508 1783 que l'accuſation de folie venoit de la So-
327 1778 3503 1985 ciété des voleurs qui vouloit me perdre,
48 1983 3508 2175 & qui avoit une de ſes colonies cachée
97 2179 3016 2385 dans les ſouterreins de la France.
524 2380 3512 2544 Deux Médecins vinrent m'examiner. Je
327 2581 3827 2790 leur racontai mon hiſtoire dans le plus
133 2786 3684 3192 e lau la lue aue étirot au bae
114 3192 3504 3397 giſtrat. Ils l'approuverent. „Il pourroit
335 3393 3507 3599 “ſe faire, dirent-ils, qu'il y eût de la
335 3593 3499 3799 „mépriſe. Le temps ſeul peut nous ap-
335 3794 3503 3999 “prendre ſi vous jouiſſez parfaitement de
327 3995 3495 4200 “votre bon ſens.“ -- „Le temps ne me
319 4196 3499 4401 “convient pas, m'écriai-je; je ne veux
327 4397 3491 4606 “pas conſumer ce temps en priſon, ſans
327 4602 3499 4807 “le mériter.“ -- „C'eſt pourtant le
331 4801 3491 5004 “moins qu'on puiſſe faire, dirent - ils,
339 5007 3503 5217 “que de nous accorder quelques mois,
327 5212 3503 5418 “pour voir s'il ne vous échappera point
343 5413 3508 5620 “quelqu'écart.“ J'étois furieux; mais je
331 5620 3508 5820 me contins encore, afin qu'on ne me
331 5819 3512 6231 et e, e arendie là ré onſee ma
335 6225 3516 6430 recommandant à la Divinité de la pa-
348 6427 824 6615 tience.
