4266 8033
2113 542 2597 732 oo
1030 769 3844 977 Au bout de quelques jours, qui me pa-
843 972 3852 1163 rurent autant de ſiècles, je vis entrer, dans
851 1175 3852 1375 mon appartement, ma chère Levrette,
847 1363 3859 1568 ſereine, radieuſe, qui ſe précipita dans
839 1558 3863 1758 mes bras, en me diſant: „Tu es libre,
858 1749 3875 1929 „mon cher ami,“& s'évanouiſſant
858 1949 3887 2350 eſé e oe oiu ie a ſuee eu rn
861 2339 3887 2543 tion plus délicieuſe, que la vue de cette
866 2535 3891 2740 fille adorable, & l'aſpect de cette belle
866 2726 4264 2931 ame, qui paroiſſoit ſi exceſſivement joyeuſe
870 2927 4265 3121 de faire mon bonheur. Je lui témoignai
874 3121 3899 3316 tous les tranſports de ma reconnoiſſance.
874 3312 3902 3515 Elle étoit, dans ce moment, à mes yeux,
882 3507 4271 3708 l'être le plus beau de la création; elle
877 3699 4272 3899 étoit la perſonne que j'aimois le mieux
890 3890 4272 4092 dans la nature. „Mon cher ami, me dit-
882 4086 4272 4287 “elle, hâtons-nous de ſortir de cette vi-
890 4274 4273 4477 “laine maiſon de captivité. Tu vas me
894 4477 4273 4665 “raconter ton hiſtoire, & je te racon-
905 4660 3629 4859 “terai la mienne dans la voiture.“
1105 4856 4274 5063 Nous ſortîmes leſtement. Je demandai,
905 5055 4275 5256 avant tout, à Levrette, des nouvelles de
905 5242 4275 5454 ſon état & de ſa ſituation; elle m'apprit
909 5442 4276 5656 qu'elle étoit entretenue par un homme
913 5637 3941 5844 en place, du premier rang, qui lui don-
913 5825 4276 6044 noit deux cents louis par mois, ſans
913 6032 4277 6253 compter les cadeaux. Je lui demandai,
921 6223 4277 6455 après cela, des nouvelles de la belle Laure,
