4266 8288
236 938 3364 1153 “mais pu ſavoir, au juſte, ce qu'eſt de-
158 1151 3351 1353 “venu ton ennemi, le Comte de Saint-
228 1346 3355 1551 “Flour. Il y a lieu de croire qu'il n'eſt
219 1546 3363 1755 “plus au monde. Je n'ai pas eu une très-
219 1750 3359 1960 “grande peine à t'obtenir la liberté de
203 1946 3355 2161 “repaſſer en France; & j'étois ſurpriſe
215 2147 3359 2351 „de ne pas te voir revenir; mais j'ai
227 2342 3359 2551 “reçu une lettre de Grinciador, qui m'a
223 2551 3364 2764 “donné, ſur ton compte, les plus mor-
223 2751 3363 2959 “telles alarmes. Enſuite j'ai appris qu'on
227 2954 3359 3169 “t'avoit vu rentrer dans Paris; mais que tu
232 3155 3351 3372 “étois garotté. J'ai imploré la protection
224 3355 3347 3569 “de l'homme en place qui m'oblige.
224 3561 3355 3764 “Bientôt j'ai appris ce que tu étois de-
227 3763 3355 3968 “venu. On m'aſſuroit que tu avois l'eſprit
40 3963 3355 4165 “aliéné; je n'ai pu le croire. J'ai ſoutenu
56 4164 3351 4388 “le contraire, & j'ai eu le bonheur d'ob-
64 4363 1873 4531 “tenir ta liberté.“
399 4564 3351 4773 A ces mots, j'ai embraſſé ma Levrette,
228 4764 3343 4977 avec le plus vif attendriſſement; & je
219 4964 3343 5186 l'ai comblée de mes actions de graces.
85 5168 3339 5373 Soudain paroît un homme décoré; c'étoit
60 5364 3339 5585 ſon entreteneur. Il nous ſurprend dans
232 5576 3331 5792 nos doux embraſſemens. „Que veut dire
211 5779 3339 5988 “ceci, s'écria - t- il?“ -- „Mon bon
232 5976 3335 6192 nami, lui répondit Levrette, voilà le
236 6184 3335 6396 “mortel chéri que vous avez obligé, &
232 6383 3331 6597 “qui vous doit ſa liberté.“ Je fis, à ce
215 6572 3339 6801 eigneur, mes reſpectueux remercîmens.
