4266 8070
1573 601 2039 851 s
344 889 3407 1096 laiſſé ma belle Aurore. J'appris qu'elle
344 1089 3348 1293 avoit délogé le jour même, & l'on ne
348 1285 3356 1488 put m'apprendre où elle avoit tranſplanté
348 1480 3364 1678 ſon ſéjour. „Ah! les monſtres, m'écriai-
360 1677 3360 1876 “je! ils ne ſont de retour que d'hier, &
246 1869 3356 2062 “voilà déjà un tour abominable qu'ils
219 2066 3357 2255 “me jouent! Ils ſavent que je ſuis de
364 2258 3368 2456 “retour; ils m'enlevent celle que j'adore.
364 2450 3368 2651 “Ils ſeront forcés de me la rendre.“ Je
360 2646 3379 2842 courus au logis du Chevalier Marqué. On
364 2842 3360 3042 m'apprit qu'il avoit diſparu ſans payer,
364 3038 3368 3246 & qu'on ne ſavoit ce qu'il étoit devenu.
371 3222 3364 3428 Je volai chez Frédégonde: „La maiſon
364 3422 3360 3634 “a changé de propriétaire, me dit-on;
367 3615 3376 3818 “nous ne logeons plus que d'honnêtes
364 3811 3372 4008 “gens.“ Où déterrer mes coquins? Je
367 4008 3368 4205 rencontrai un jeune Seigneur qui m'avoit
356 4203 3368 4395 apperçu, à Calais, garrotté. „Ah! mon
367 4391 3368 4568 “cher Chevalier, me dit-il, en m'em-
376 4579 3364 4787 “braſſant, tu n'es donc plus fou?“ -„Je ne
387 4775 3372 4980 “l'ai jamais été, répondis - je, quoi que
391 4972 3372 5179 “j'aie eſſuyé des traverſes capables de me
399 5160 3372 5374 “le faire devenir. C'étoit une impoſture
411 5362 3376 5565 “qu'on avoit imaginée contre moi, &
356 5560 3376 5757 “dont j'ai très - aiſément démontré la
415 5744 3372 5957 “fauſſeté; mais toi, mon cher Marquis,
419 5940 3379 6152 “ſais-tu ce qu'eſt devenue l'infâme Fré-
403 6136 3376 6346 “dégonde?“ -- „Je ne vois plus cela,
430 6344 3387 6548 “me répondit - il; cela eſt abſolument
