4266 8150
988 904 4266 1116 “tombé dans la boue.“ -- „Je la cherche,
1008 1107 4266 1317 “repris-je, auſſi-bien qu'un certain Che-
1000 1302 4266 1506 „valier Marqué; je ne peux pas déterrer
1012 1498 4267 1707 “leur logement.“ -- „Hé mais, leur
1028 1698 4267 1906 “logement eſt à Bicêtre & à la Salpê-
1032 1860 4268 2101 “trière, répliqua le Marquis. C'eſt - là
984 2091 4268 2296 “qu'il faut les chercher, après avoir un
1044 2286 4269 2495 “peu viſité tous les mauvais lieux & les
1044 2483 4269 2695 “tripots de jeu. Où as - tu lié connoiſ-
1036 2675 4269 2887 “ſance avec ce poliſſon-là?“ -- „A l'hô-
1052 2886 4270 3086 “tel d'Angleterre, répondis - je.“ --
1071 3065 4270 3296 „Hé bien, reprit-il, c'eſt à l'hôtel d'An-
1056 3277 3620 3480 “gleterre qu'il faut le chercher.“
1315 3467 4271 3676 Je remerciai Monſieur le Marquis,
1072 3671 4272 3871 & je courus à l'hôtel d'Angleterre. Je n'y
1067 3857 4272 4070 trouvai pas mon Chevalier. Je le demandai
1071 4059 4272 4266 à d'autres poliſſons comme lui. „Il étoit
1075 4260 4273 4461 “ici tout-à-l'heure, me répondit-on; on
1080 4456 4273 4660 “vient de le chaſſer, à coups de canne,
1084 4651 4274 4853 “pour n'avoir pas été aſſez adroit. Il a
1087 4844 4274 5040 “enfilé la rue de Richelieu; ſi vous
1079 5040 4275 5257 “courez mieux que lui, vous pourrez le
1088 5247 2093 5435 „rejoindre.“
1184 5420 4275 5646 Je courus après mon fugitif, & bien-
1095 5622 4276 5845 tôt je l'appercus; il ſe frottoit les épaules.
980 5824 4276 6038 Je l'abordai. Il me parut ſtupéfait & dé-
980 6013 4277 6232 concerté. Il réſléchit quelque temps ſur
1091 6189 4277 6423 l'accueil qu'il devoit me faire. Enfin il
1096 6408 4277 6648 prit le parti de la politeſſe & de l'amé-
3751 6591 4278 6817 nité.
