4266 8320
1537 540 2049 734 .
273 778 3426 996 nité. „Ah! mon cher Chevalier, me
269 987 3426 1196 “dit-il, que je ſuis enchanté de vous
277 1187 3434 1394 “voir! Je quitte préciſément, dans la
278 1392 3442 1600 “minute, Monſieur le Duc de**** qui
290 1593 3438 1802 “m'a fait mille amitiés. Il m'a amené
286 1794 3434 2001 “avec lui. J'ai deſiré qu'il eût la com-
290 1995 3434 2209 “plaiſance de me jeter ici, parce que
278 2203 3549 2408 “je voulois entrer ſans bruit & ſans
118 2398 3438 2614 “éclat, à quelques pas d'ici, & que le
114 2606 3438 2814 “fracas de la voiture m'auroit trahi.
282 2811 3430 3020 “Nous avons beaucoup parlé de vous.“
274 3015 3442 3224 -- „Monſieur le Chevalier, lui dis-je,
273 3220 3446 3422 “vous ne quittez pas, à préſent, Mon-
278 3417 3446 3628 “ſieur le Duc de***, parce que ce
273 3614 3499 3831 “Seigneur ne fréquente pas l'hôtel d'An-
282 3816 3798 4024 “gleterre.“ -- „Quoi! reprit le Roué,
261 4020 3471 4231 “vous croyez que je viens de l'hôtel d'An-
105 4220 3463 4640 le eonbuire pu'on ooas a ſiesluiiui
278 4622 3462 4881 “la rue de Richelieu; ainſi plus de dé-
282 4823 3462 5032 “guiſement. Où as - tu loge Aurore?
282 5028 3454 5250 “Conduis-moi chez elle.“ -- „Mais,
294 5229 3467 5418 “Monſieur le Chevalier, dit-il, en vé-
306 5434 3462 5646 “rité, vous êtes plaiſant.“ -- „Je ſais
302 5643 3471 5850 “comment on vient de te traiter, repris-
302 5843 3487 6053 “je, en levant ma canne; je vais t'a-
306 6044 3479 6250 “chever, ſi tu ne me conduis, ſur - le-
314 6241 3479 6453 “champ, chez Mademoiſelle Belle - en-
331 6441 3483 6676 “Deuil.“ -- „Je vais vous mener chez
532 6647 1237 6807 Tome Il.
