4266 8221
2303 555 2878 769 fas.
978 821 4104 1032 “Frédégonde“ -- „Mene toujours. Je
974 1031 4104 1231 “trouverai-là ma chère Aurore que vous
974 1230 4096 1432 „avez l'infamie de tenir en captivité,
974 1432 4096 1635 “pour la proſtituer; mais je la vengerai.“
1185 1630 4100 1838 Je ſuivis mon piteux guide, & bientôt
970 1837 4096 2045 nous arrivâmes chez Frédégonde. A mon
970 2035 4096 2242 aſpect, elle fronça le ſourcil, & ſa vi-
970 2233 4092 2444 laine ame tranſpira, ſur ſon viſage, par
812 2440 4092 2646 une laide grimace. Enfin, prenant le
835 2642 4092 2846 parti de rire: „te voilà donc échappé des
962 2845 4092 3047 “petites - Maiſons, me dit - elle?“ --
987 3043 4088 3255 „Malheureuſe, lui répondis - je, je ne
978 3241 4088 3451 “veux pas ſouffrir ton odieux badinage.
974 3448 4088 3653 “Où eſt Aurore?“ --“Qu'entends-
974 3650 4088 3856 “je, s'écria - t'elle toute violette, &
974 3853 4088 4055 “ſuffoquée par la rage? quel eſt ce ton
974 4055 4076 4259 “que tu oſes prendre contre moi?“
979 4253 4088 4407 Et ſoudain la malheureuſe s'arme d'un
918 4456 4084 4656 chenet, pour me fendre la tête. Je ſaiſis le
934 4654 4080 4856 pareil. Elle s'arrête intimidée, & fondant
979 4852 4071 5060 tout-à-coup, ſur le Chevalier Marqué,
983 5055 4071 5262 „c'eſt toi, miſérable, s'écria - t - elle,
958 5257 4071 5461 “qui m'attires une pareille ſcene, c'eſt toi qui
962 5460 4067 5650 “as enhardi ce jeune homme, en tremblant
963 5655 4069 5841 “devant lui, & recevant humblement ſes
962 5857 4068 6067 „coups de canne.“ A ces mots, elle s'eſt
869 6055 4059 6275 eſcrimée, avec ſon chenet, ſur le dos du
962 6245 4063 6472 lâche, qui étoit déjà douloureux. Avant qu'il
583 6464 4055 6687 ait pu ouvrir la porte, pour s'échapper,
