4266 8442
204 1095 3342 1309 il a reçu copieuſement ſa portion, &
196 1305 3342 1516 s'eſt vu traiter comme il le mérite, par
212 1510 1498 1724 ſa digne aſſociée.
245 1715 3358 1938 Après ſa retraite, j'ai arraché le chenet
225 1921 3362 2135 à l'odieuſe Bacchante, & la jetant ſur
229 2122 3366 2336 ſon canapé: „indigne mégère, me ſuis-
204 2323 3366 2541 “je écrié, il faut que tu me conduiſes
233 2533 3379 2747 “chez Aurore, ou je te traiterai plus
147 2734 3371 2955 “mal que tu ne viens de traiter ton vil
147 2947 3375 3153 “Marqué.“ La Furie, à ces mots, s'eſt
241 3149 3387 3354 arraché les cheveux, a caſſé une glace
200 3357 3387 3564 d'un coup de poing. „Quoi! s'eſt - elle
237 3551 3387 3767 “écriée, d'une voix forcenée, je ſerai
204 3756 3391 3966 “traitée ſi indignement par un blanc-bec!
237 3962 3371 4173 “Au meurtre, au vol, à l'aſſaſſin!“
245 4167 3399 4379 Elle crioit avec rage; elle me jetoit, à la
258 4371 3399 4581 tête, tous ſes meubles, que j'écartois ai-
266 4569 3403 4785 ſément. Elle grinçoit des dents, elle écu-
273 4775 3403 4990 moit, ſes cheveux ſe hériſſoient, ſes deux
278 4980 3403 5186 yeux enflammés & ſanglans lui ſortoient
245 5181 3399 5399 de la tête. Elle m'inſpiroit la plus grande
294 5383 2065 5602 horreur; le Guet arrive.
315 5575 3408 5806 La foule, attirée par ſes cris, vient
307 5795 3420 6011 inonder ſon appartement. „C'eſt un vo-
266 5994 3420 6208 “leur, s'écrioit-elle; c'eſt un monſtre qui
323 6206 3424 6416 “vient m'aſſaſſiner.“ On voit une femme
328 6398 3436 6625 échevelée, on me trouve un chenet à la
336 6607 3432 6832 main. La Furie a le temps de faire ſes
344 6807 3432 7038 téflexions. Elle ne veut pas ſe compro-
2657 7033 2916 7240 Ei
