4266 8195
2386 851 2982 1034 c
1102 1081 4124 1287 mettre avec la Juſtice. Elle prend, tout-
1096 1286 4115 1486 à-coup, un air riant. „Meſſieurs, dit-
1033 1482 4107 1653 “elle aux ſatellites, vous êtes bien bous
1100 1677 4099 1883 „de venir à mon ſecours; j'en ſuis pé-
1100 1876 4095 2027 “nétrée de reconnoiſſance. Voudriez-vous
1100 2078 4087 2280 “bien d'abord écarter un peu cette foul
1097 2273 4079 2476 “empreſſée, qui eſt venue inonder mo
1100 2472 4075 2676 “appartement?“ On pria le peuple, pour
1096 2671 4071 2879 prix de ſon zèle, de vouloir bien vuide
1092 2866 4063 3073 l'appartement, ce qu'il fut obligé d'ex-
1104 3069 4063 3271 cuter. Alors Frédégonde, d'une voix en-
1096 3267 4055 3466 miellée, dit au Guet: „C'eſt un malhe
1092 3462 4051 3666 “reux, un libertin, qui appartient àd
1096 3661 4043 3865 “très-honnêtes gens, qui vouloit me volet
1104 3856 4035 4064 “& me menaçoit de m'aſſaſſiner. J'ai
1096 4059 4027 4262 “forcée d'appeller du ſecours. Monſier
1104 4262 4023 4461 “(en me montrant) eſt accouru pou
1104 4455 4011 4655 “me défendre. Le poliſſon s'eſt échap
1104 4647 4007 4856 “Je ne ſuis pas fâchée, dans le fon
1057 4851 3995 5055 “qu'il ſoit à l'abri d'être arrêté; car celant
1092 5037 3987 5244 “roit produit une eſclandre qui auroitſ
1092 5244 3983 5451 “rougir ſes reſpectables parens. Ils pret
1096 5443 3991 5622 “dront, ſans doute, leurs dimenſion
1089 5638 3992 5841 “pour le faire enfermer, pendant qu
1097 5841 3976 6040 “que temps, dans une maiſon de co
1084 6039 3991 6246 “rection. Je vous demande pardon,
1088 6242 3995 6441 “Meſſieurs, des peines que je vous
1089 6413 3995 6637 “occaſionnées; je vous remercie du le
1080 6612 3995 6858 “cours que vous veniez m'apporter,
