<PcGts xmlns="http://schema.primaresearch.org/PAGE/gts/pagecontent/2017-07-15" xmlns:xsi="http://www.w3.org/2001/XMLSchema-instance" xsi:schemaLocation="http://schema.primaresearch.org/PAGE/gts/pagecontent/2017-07-15 http://schema.primaresearch.org/PAGE/gts/pagecontent/2017-07-15/pagecontent.xsd"><Metadata><Creator>User123</Creator><Created>2020-10-17T17:12:45</Created><LastChange>2020-10-17T17:12:45</LastChange></Metadata><Page imageFilename="0111.png" imageHeight="8678" imageWidth="4266"><TextRegion id="r0" type="paragraph" orientation="-0.0"><Coords points="1,1 4264,1 4264,8676 1,8676"/><TextLine id="r0_l001"><Coords points="1911,448 2876,448 2876,657 1911,657"/><TextEquiv index="1"><Unicode>n</Unicode></TextEquiv></TextLine><TextLine id="r0_l002"><Coords points="2547,925 2546,925 2546,862 2546,861 2116,861 2115,862 2115,865 2115,865 2103,865 2102,865 2102,862 2102,861 2099,861 2098,861 2098,858 2098,857 1852,857 1851,858 1851,861 1851,861 1737,861 1736,862 1736,865 1736,865 1732,865 1731,866 1731,869 1731,869 1707,869 1706,869 1706,866 1706,865 1702,865 1701,865 1701,862 1701,861 1314,861 1313,862 1313,865 1313,865 1310,865 1309,865 1309,862 1309,861 900,861 899,862 899,865 899,865 875,865 874,865 874,862 874,861 870,861 869,861 869,858 869,857 866,857 865,857 865,794 866,793 869,793 869,793 869,789 870,788 874,788 874,788 874,785 875,784 878,784 878,784 878,781 879,780 882,780 882,780 882,777 883,776 980,776 980,776 980,772 981,771 1070,771 1070,771 1070,768 1071,767 1441,767 1441,767 1441,764 1442,763 1488,763 1488,763 1488,759 1489,758 1492,758 1492,759 1492,763 1493,763 1501,763 1501,764 1501,771 1502,771 1526,771 1526,772 1526,818 1527,818 1714,818 1714,818 1714,704 1715,703 1723,703 1723,704 1723,707 1724,707 2000,707 2000,707 2000,704 2001,703 2013,703 2013,704 2013,712 2014,712 2051,712 2051,713 2051,716 2052,716 2060,716 2060,717 2060,724 2061,724 2064,724 2064,725 2064,767 2065,767 2316,767 2316,767 2316,713 2317,712 2324,712 2324,712 2324,708 2325,707 2346,707 2346,708 2346,767 2347,767 2585,767 2585,767 2585,751 2586,750 2589,750 2589,750 2589,738 2590,737 2593,737 2593,737 2593,730 2594,729 2597,729 2597,729 2597,725 2598,724 2602,724 2602,724 2602,721 2603,720 2623,720 2623,720 2623,717 2624,716 2653,716 2653,716 2653,713 2654,712 2661,712 2661,712 2661,708 2662,707 2700,707 2700,708 2700,712 2701,712 2781,712 2781,713 2781,716 2782,716 2789,716 2789,717 2789,763 2790,763 2794,763 2794,764 2794,771 2795,771 3152,771 3152,771 3152,768 3153,767 3378,767 3378,767 3378,717 3379,716 3400,716 3400,717 3400,720 3401,720 3404,720 3404,721 3404,767 3405,767 3429,767 3429,767 3429,764 3430,763 3434,763 3434,763 3434,759 3435,758 3446,758 3446,759 3446,763 3447,763 3532,763 3532,764 3532,767 3533,767 3749,767 3749,767 3749,764 3750,763 3754,763 3754,763 3754,738 3755,737 3758,737 3758,737 3758,730 3759,729 3762,729 3762,729 3762,721 3763,720 3766,720 3766,720 3766,717 3767,716 3771,716 3771,716 3771,713 3772,712 3775,712 3775,712 3775,708 3776,707 3788,707 3788,707 3788,704 3789,703 3792,703 3792,703 3792,700 3793,699 3805,699 3805,700 3805,703 3806,703 3809,703 3809,704 3809,707 3810,707 3813,707 3813,708 3813,771 3814,771 4052,771 4052,771 4052,768 4053,767 4057,767 4057,768 4057,771 4058,771 4061,771 4061,772 4061,776 4062,776 4078,776 4078,777 4078,780 4079,780 4082,780 4082,781 4082,784 4083,784 4086,784 4086,785 4086,831 4087,831 4112,831 4112,832 4112,835 4113,835 4116,835 4116,836 4116,840 4117,840 4121,840 4121,841 4121,861 4121,861 4117,861 4116,862 4116,869 4116,869 4058,869 4057,869 4057,866 4057,865 3831,865 3830,866 3830,916 3830,916 3827,916 3826,917 3826,921 3826,921 3802,921 3801,921 3801,917 3801,916 3797,916 3796,916 3796,862 3796,861 3571,861 3570,862 3570,865 3570,865 3443,865 3442,865 3442,862 3442,861 3174,861 3173,862 3173,865 3173,865 3076,865 3075,866 3075,869 3075,869 3068,869 3067,869 3067,866 3067,865 2999,865 2998,865 2998,862 2998,861 2658,861 2657,862 2657,865 2657,865 2551,865 2550,866 2550,925 2550,925"/><TextEquiv index="1"><Unicode>accourut. Je l'embraſſai avec tranſport.</Unicode></TextEquiv></TextLine><TextLine id="r0_l003"><Coords points="1084,1136 1083,1136 1083,1075 1083,1074 870,1074 869,1074 869,1071 869,1070 866,1070 865,1070 865,939 866,938 869,938 869,938 869,934 870,933 916,933 916,933 916,930 917,929 997,929 997,929 997,926 998,925 1053,925 1053,925 1053,922 1054,921 1061,921 1061,922 1061,925 1062,925 1066,925 1066,926 1066,980 1067,980 1142,980 1142,981 1142,985 1143,985 1484,985 1484,985 1484,981 1485,980 1514,980 1514,981 1514,985 1515,985 1518,985 1518,986 1518,989 1519,989 1718,989 1718,989 1718,986 1719,985 1736,985 1736,985 1736,981 1737,980 1829,980 1829,981 1829,985 1830,985 2021,985 2021,985 2021,926 2022,925 2030,925 2030,925 2030,922 2031,921 2047,921 2047,922 2047,925 2048,925 2282,925 2282,925 2282,922 2283,921 2286,921 2286,921 2286,917 2287,916 2307,916 2307,917 2307,921 2308,921 2312,921 2312,922 2312,925 2313,925 2320,925 2320,926 2320,933 2321,933 2324,933 2324,934 2324,976 2325,976 2358,976 2358,977 2358,980 2359,980 2363,980 2363,981 2363,985 2364,985 2533,985 2533,985 2533,934 2534,933 2538,933 2538,933 2538,926 2539,925 2742,925 2742,925 2742,922 2743,921 2772,921 2772,922 2772,925 2773,925 2777,925 2777,926 2777,985 2778,985 3361,985 3361,985 3361,939 3362,938 3365,938 3365,938 3365,930 3366,929 3370,929 3370,929 3370,926 3371,925 3378,925 3378,926 3378,929 3379,929 3382,929 3382,930 3382,933 3383,933 3387,933 3387,934 3387,938 3388,938 3391,938 3391,939 3391,980 3392,980 3660,980 3660,981 3660,985 3661,985 3852,985 3852,985 3852,934 3853,933 3856,933 3856,933 3856,930 3857,929 3860,929 3860,929 3860,926 3861,925 3865,925 3865,926 3865,929 3866,929 3869,929 3869,930 3869,933 3870,933 3873,933 3873,934 3873,989 3874,989 4022,989 4022,990 4022,993 4023,993 4031,993 4031,994 4031,1002 4032,1002 4035,1002 4035,1003 4035,1053 4036,1053 4104,1053 4104,1054 4104,1057 4105,1057 4108,1057 4108,1058 4108,1061 4109,1061 4112,1061 4112,1062 4112,1066 4113,1066 4116,1066 4116,1067 4116,1096 4116,1096 4113,1096 4112,1097 4112,1104 4112,1104 4109,1104 4108,1105 4108,1108 4108,1108 4105,1108 4104,1109 4104,1113 4104,1113 4100,1113 4099,1114 4099,1117 4099,1117 4092,1117 4091,1117 4091,1114 4091,1113 4083,1113 4082,1113 4082,1079 4082,1078 3951,1078 3950,1078 3950,1075 3950,1074 3558,1074 3557,1075 3557,1130 3557,1130 3554,1130 3553,1131 3553,1134 3553,1134 3520,1134 3519,1134 3519,1131 3519,1130 3516,1130 3515,1130 3515,1075 3515,1074 3221,1074 3220,1075 3220,1078 3220,1078 3217,1078 3216,1078 3216,1075 3216,1074 2044,1074 2043,1074 2043,1071 2043,1070 1715,1070 1714,1070 1714,1067 1714,1066 1519,1066 1518,1067 1518,1070 1518,1070 1515,1070 1514,1071 1514,1074 1514,1074 1485,1074 1484,1074 1484,1071 1484,1070 1378,1070 1377,1071 1377,1135 1377,1135 1370,1135 1369,1135 1369,1071 1369,1070 1139,1070 1138,1071 1138,1078 1138,1078 1131,1078 1130,1078 1130,1075 1130,1074 1097,1074 1096,1075 1096,1136 1096,1136"/><TextEquiv index="1"><Unicode>Elle me conduiſit à ſon mari perclus,</Unicode></TextEquiv></TextLine><TextLine id="r0_l004"><Coords points="2219,1349 2218,1349 2218,1293 2218,1292 2035,1292 2034,1292 2034,1289 2034,1288 1796,1288 1795,1289 1795,1292 1795,1292 1792,1292 1791,1293 1791,1305 1791,1305 1788,1305 1787,1306 1787,1309 1787,1309 1783,1309 1782,1310 1782,1313 1782,1313 1779,1313 1778,1314 1778,1317 1778,1317 1771,1317 1770,1318 1770,1322 1770,1322 1754,1322 1753,1322 1753,1289 1753,1288 1280,1288 1279,1288 1279,1284 1279,1283 1050,1283 1049,1284 1049,1288 1049,1288 964,1288 963,1289 963,1339 963,1339 960,1339 959,1340 959,1343 959,1343 939,1343 938,1343 938,1340 938,1339 909,1339 908,1339 908,1327 908,1326 896,1326 895,1326 895,1323 895,1322 892,1322 891,1322 891,1318 891,1317 887,1317 886,1317 886,1314 886,1313 883,1313 882,1313 882,1276 882,1275 879,1275 878,1275 878,1271 878,1270 875,1270 874,1270 874,1263 874,1262 870,1262 869,1262 869,1259 869,1258 866,1258 865,1258 865,1254 865,1253 862,1253 861,1253 861,1246 862,1245 865,1245 865,1245 865,1237 866,1236 869,1236 869,1236 869,1225 870,1224 874,1224 874,1224 874,1216 875,1215 878,1215 878,1215 878,1212 879,1211 882,1211 882,1211 882,1207 883,1206 886,1206 886,1206 886,1203 887,1202 904,1202 904,1202 904,1199 905,1198 1019,1198 1019,1198 1019,1195 1020,1194 1078,1194 1078,1194 1078,1143 1079,1142 1083,1142 1083,1142 1083,1137 1084,1136 1245,1136 1245,1136 1245,1135 1246,1134 1253,1134 1253,1134 1253,1131 1254,1130 1471,1130 1471,1131 1471,1134 1472,1134 1586,1134 1586,1135 1586,1138 1587,1138 1595,1138 1595,1139 1595,1142 1596,1142 1599,1142 1599,1143 1599,1189 1600,1189 1646,1189 1646,1190 1646,1198 1647,1198 1672,1198 1672,1199 1672,1202 1673,1202 1676,1202 1676,1203 1676,1206 1677,1206 1876,1206 1876,1206 1876,1203 1877,1202 1881,1202 1881,1202 1881,1199 1882,1198 1889,1198 1889,1198 1889,1195 1890,1194 1915,1194 1915,1195 1915,1198 1916,1198 2290,1198 2290,1198 2290,1148 2291,1147 2294,1147 2294,1147 2294,1139 2295,1138 2312,1138 2312,1139 2312,1142 2313,1142 2316,1142 2316,1143 2316,1202 2317,1202 2610,1202 2610,1202 2610,1199 2611,1198 2614,1198 2614,1198 2614,1195 2615,1194 2623,1194 2623,1194 2623,1190 2624,1189 2632,1189 2632,1190 2632,1194 2633,1194 2636,1194 2636,1195 2636,1198 2637,1198 3007,1198 3007,1198 3007,1195 3008,1194 3011,1194 3011,1194 3011,1173 3012,1172 3016,1172 3016,1172 3016,1165 3017,1164 3020,1164 3020,1164 3020,1156 3021,1155 3024,1155 3024,1155 3024,1152 3025,1151 3028,1151 3028,1151 3028,1148 3029,1147 3033,1147 3033,1147 3033,1143 3034,1142 3037,1142 3037,1142 3037,1139 3038,1138 3071,1138 3071,1139 3071,1142 3072,1142 3075,1142 3075,1143 3075,1198 3076,1198 3370,1198 3370,1198 3370,1178 3371,1177 3374,1177 3374,1177 3374,1173 3375,1172 3378,1172 3378,1172 3378,1161 3379,1160 3382,1160 3382,1160 3382,1156 3383,1155 3387,1155 3387,1155 3387,1152 3388,1151 3391,1151 3391,1151 3391,1148 3392,1147 3400,1147 3400,1147 3400,1143 3401,1142 3442,1142 3442,1142 3442,1139 3443,1138 3451,1138 3451,1138 3451,1135 3452,1134 3476,1134 3476,1135 3476,1138 3477,1138 3481,1138 3481,1139 3481,1147 3482,1147 3485,1147 3485,1148 3485,1194 3486,1194 3647,1194 3647,1194 3647,1190 3648,1189 3656,1189 3656,1190 3656,1194 3657,1194 3660,1194 3660,1195 3660,1198 3661,1198 3950,1198 3950,1199 3950,1202 3951,1202 4116,1202 4116,1203 4116,1206 4117,1206 4121,1206 4121,1207 4121,1211 4122,1211 4125,1211 4125,1212 4125,1224 4125,1224 4113,1224 4112,1225 4112,1288 4112,1288 3857,1288 3856,1289 3856,1339 3856,1339 3853,1339 3852,1340 3852,1343 3852,1343 3819,1343 3818,1343 3818,1289 3818,1288 3324,1288 3323,1289 3323,1292 3323,1292 3153,1292 3152,1292 3152,1289 3152,1288 2901,1288 2900,1289 2900,1292 2900,1292 2786,1292 2785,1292 2785,1289 2785,1288 2539,1288 2538,1289 2538,1292 2538,1292 2534,1292 2533,1293 2533,1305 2533,1305 2530,1305 2529,1306 2529,1309 2529,1309 2526,1309 2525,1310 2525,1317 2525,1317 2517,1317 2516,1318 2516,1322 2516,1322 2505,1322 2504,1323 2504,1326 2504,1326 2500,1326 2499,1326 2499,1323 2499,1322 2496,1322 2495,1322 2495,1318 2495,1317 2492,1317 2491,1317 2491,1289 2491,1288 2227,1288 2226,1289 2226,1349 2226,1349"/><TextEquiv index="1"><Unicode>qui faiſoit, en vain, tous ſes efforts pour</Unicode></TextEquiv></TextLine><TextLine id="r0_l005"><Coords points="3038,1514 3037,1514 3037,1502 3037,1501 2470,1501 2469,1502 2469,1505 2469,1505 2458,1505 2457,1505 2457,1502 2457,1501 1694,1501 1693,1501 1693,1498 1693,1497 1485,1497 1484,1498 1484,1501 1484,1501 1207,1501 1206,1501 1206,1498 1206,1497 870,1497 869,1497 869,1493 869,1492 862,1492 861,1492 861,1489 861,1488 858,1488 857,1488 857,1481 858,1480 861,1480 861,1480 861,1412 862,1411 869,1411 869,1411 869,1408 870,1407 878,1407 878,1407 878,1404 879,1403 882,1403 882,1403 882,1378 883,1377 886,1377 886,1377 886,1370 887,1369 891,1369 891,1369 891,1365 892,1364 895,1364 895,1364 895,1357 896,1356 899,1356 899,1356 899,1353 900,1352 1134,1352 1134,1352 1134,1348 1135,1347 1151,1347 1151,1348 1151,1403 1152,1403 1224,1403 1224,1404 1224,1407 1225,1407 1403,1407 1403,1408 1403,1411 1404,1411 1616,1411 1616,1411 1616,1387 1617,1386 1620,1386 1620,1386 1620,1378 1621,1377 1625,1377 1625,1377 1625,1374 1626,1373 1629,1373 1629,1373 1629,1370 1630,1369 1663,1369 1663,1370 1663,1373 1664,1373 1672,1373 1672,1374 1672,1403 1673,1403 1727,1403 1727,1404 1727,1407 1728,1407 2209,1407 2209,1407 2209,1353 2210,1352 2218,1352 2218,1352 2218,1350 2219,1349 2226,1349 2226,1350 2226,1352 2227,1352 2431,1352 2431,1353 2431,1356 2432,1356 2435,1356 2435,1357 2435,1364 2436,1364 2440,1364 2440,1365 2440,1373 2441,1373 2444,1373 2444,1374 2444,1377 2445,1377 2448,1377 2448,1378 2448,1386 2449,1386 2452,1386 2452,1387 2452,1390 2453,1390 2457,1390 2457,1391 2457,1411 2458,1411 2849,1411 2849,1411 2849,1357 2850,1356 2853,1356 2853,1356 2853,1353 2854,1352 3105,1352 3105,1353 3105,1356 3106,1356 3118,1356 3118,1357 3118,1360 3119,1360 3122,1360 3122,1361 3122,1407 3123,1407 3344,1407 3344,1407 3344,1357 3345,1356 3357,1356 3357,1356 3357,1353 3358,1352 3365,1352 3365,1353 3365,1356 3366,1356 3370,1356 3370,1357 3370,1360 3371,1360 3417,1360 3417,1361 3417,1364 3418,1364 3421,1364 3421,1365 3421,1373 3422,1373 3425,1373 3425,1374 3425,1407 3426,1407 3673,1407 3673,1407 3673,1357 3674,1356 3681,1356 3681,1356 3681,1353 3682,1352 3690,1352 3690,1352 3690,1348 3691,1347 3702,1347 3702,1348 3702,1352 3703,1352 3707,1352 3707,1353 3707,1407 3708,1407 3937,1407 3937,1407 3937,1395 3938,1394 3941,1394 3941,1394 3941,1382 3942,1381 3946,1381 3946,1381 3946,1374 3947,1373 3950,1373 3950,1373 3950,1370 3951,1369 3954,1369 3954,1369 3954,1365 3955,1364 3958,1364 3958,1364 3958,1361 3959,1360 3971,1360 3971,1360 3971,1357 3972,1356 4005,1356 4005,1356 4005,1353 4006,1352 4040,1352 4040,1353 4040,1356 4041,1356 4112,1356 4112,1357 4112,1360 4113,1360 4116,1360 4116,1361 4116,1488 4117,1488 4121,1488 4121,1489 4121,1492 4121,1492 4117,1492 4116,1493 4116,1497 4116,1497 4113,1497 4112,1498 4112,1501 4112,1501 4002,1501 4001,1502 4001,1505 4001,1505 3998,1505 3997,1505 3997,1502 3997,1501 3989,1501 3988,1501 3988,1498 3988,1497 3758,1497 3738,1497 3737,1498 3737,1501 3737,1501 3482,1501 3481,1502 3481,1505 3481,1505 3477,1505 3476,1505 3476,1502 3476,1501 3187,1501 3186,1502 3186,1505 3186,1505 3081,1505 3080,1506 3080,1509 3080,1509 3072,1509 3071,1510 3071,1514 3071,1514"/><TextEquiv index="1"><Unicode>ſe lever &amp; courir à moi. Je l'embraſſai</Unicode></TextEquiv></TextLine><TextLine id="r0_l006"><Coords points="3051,1774 3050,1774 3050,1771 3050,1770 3046,1770 3045,1770 3045,1719 3045,1718 2825,1718 2824,1718 2824,1715 2824,1714 2377,1714 2291,1714 2290,1715 2290,1718 2290,1718 2274,1718 2273,1718 2273,1715 2273,1714 2145,1714 2039,1714 2038,1715 2038,1718 2038,1718 2027,1718 2026,1718 2026,1715 2026,1714 1323,1714 1322,1714 1322,1711 1322,1710 1088,1710 1087,1711 1087,1714 1087,1714 883,1714 882,1714 882,1711 882,1710 879,1710 878,1710 878,1707 878,1706 875,1706 874,1706 874,1698 874,1697 870,1697 869,1697 869,1643 870,1642 874,1642 874,1642 874,1638 875,1637 878,1637 878,1637 878,1634 879,1633 886,1633 886,1633 886,1630 887,1629 891,1629 891,1629 891,1626 892,1625 1010,1625 1010,1625 1010,1621 1011,1620 1172,1620 1172,1620 1172,1617 1173,1616 1181,1616 1181,1617 1181,1620 1182,1620 1505,1620 1505,1620 1505,1617 1506,1616 1514,1616 1514,1617 1514,1620 1515,1620 1757,1620 1757,1620 1757,1617 1758,1616 1945,1616 1945,1616 1945,1570 1946,1569 1949,1569 1949,1569 1949,1566 1950,1565 1974,1565 1974,1566 1974,1569 1975,1569 1979,1569 1979,1570 1979,1625 1980,1625 2201,1625 2201,1625 2201,1621 2202,1620 2205,1620 2205,1620 2205,1617 2206,1616 2213,1616 2213,1617 2213,1620 2214,1620 2299,1620 2299,1621 2299,1625 2300,1625 2478,1625 2478,1625 2478,1570 2479,1569 2482,1569 2482,1569 2482,1566 2483,1565 2504,1565 2504,1566 2504,1569 2505,1569 2508,1569 2508,1570 2508,1603 2509,1603 2700,1603 2700,1603 2700,1600 2701,1599 2704,1599 2704,1599 2704,1596 2705,1595 2708,1595 2708,1595 2708,1591 2709,1590 2713,1590 2713,1590 2713,1587 2714,1586 2717,1586 2717,1586 2717,1583 2718,1582 2721,1582 2721,1582 2721,1579 2722,1578 2725,1578 2725,1578 2725,1574 2726,1573 2772,1573 2772,1573 2772,1570 2773,1569 2777,1569 2777,1569 2777,1566 2778,1565 2785,1565 2785,1565 2785,1562 2786,1561 2802,1561 2802,1562 2802,1565 2803,1565 2811,1565 2811,1566 2811,1573 2812,1573 2815,1573 2815,1574 2815,1625 2816,1625 3152,1625 3152,1625 3152,1621 3153,1620 3391,1620 3391,1620 3391,1617 3392,1616 3395,1616 3395,1616 3395,1600 3396,1599 3400,1599 3400,1599 3400,1596 3401,1595 3404,1595 3404,1595 3404,1583 3405,1582 3408,1582 3408,1582 3408,1579 3409,1578 3412,1578 3412,1578 3412,1574 3413,1573 3417,1573 3417,1573 3417,1570 3418,1569 3429,1569 3429,1569 3429,1566 3430,1565 3455,1565 3455,1566 3455,1569 3456,1569 3459,1569 3459,1570 3459,1625 3460,1625 3651,1625 3651,1625 3651,1604 3652,1603 3656,1603 3656,1603 3656,1591 3657,1590 3660,1590 3660,1590 3660,1579 3661,1578 3664,1578 3664,1578 3664,1574 3665,1573 3668,1573 3668,1573 3668,1570 3669,1569 3673,1569 3673,1569 3673,1566 3674,1565 3677,1565 3677,1565 3677,1562 3678,1561 3681,1561 3681,1561 3681,1557 3682,1556 3707,1556 3707,1557 3707,1561 3708,1561 3715,1561 3715,1562 3715,1620 3716,1620 4104,1620 4104,1621 4104,1625 4105,1625 4108,1625 4108,1626 4108,1633 4109,1633 4112,1633 4112,1634 4112,1637 4113,1637 4121,1637 4121,1638 4121,1642 4122,1642 4125,1642 4125,1643 4125,1646 4125,1646 4122,1646 4121,1647 4121,1654 4121,1654 4117,1654 4116,1655 4116,1697 4116,1697 4113,1697 4112,1698 4112,1710 4112,1710 4105,1710 4104,1711 4104,1714 4104,1714 3729,1714 3728,1714 3728,1711 3728,1710 3537,1710 3507,1710 3506,1711 3506,1714 3506,1714 3337,1714 3336,1715 3336,1744 3336,1744 3332,1744 3331,1744 3331,1741 3331,1740 3324,1740 3323,1740 3323,1737 3323,1736 3127,1736 3126,1737 3126,1757 3126,1757 3123,1757 3122,1758 3122,1765 3122,1765 3089,1765 3088,1766 3088,1774 3088,1774"/><TextEquiv index="1"><Unicode>avec autant de tendreſſe que ſa femme</Unicode></TextEquiv></TextLine><TextLine id="r0_l007"><Coords points="4045,1992 4044,1992 4044,1924 4044,1923 3831,1923 3830,1924 3830,1936 3830,1936 3827,1936 3826,1937 3826,1945 3826,1945 3823,1945 3822,1946 3822,1953 3822,1953 3819,1953 3818,1954 3818,1957 3818,1957 3802,1957 3801,1958 3801,1962 3801,1962 3789,1962 3788,1962 3788,1958 3788,1957 3785,1957 3784,1957 3784,1929 3784,1928 3379,1928 3378,1929 3378,1932 3378,1932 3345,1932 3344,1932 3344,1929 3344,1928 3076,1928 3075,1929 3075,1932 3075,1932 2726,1932 2725,1932 2725,1929 2725,1928 2614,1928 2441,1928 2440,1929 2440,1932 2440,1932 1984,1932 1983,1932 1983,1929 1983,1928 1980,1928 1979,1928 1979,1916 1979,1915 1707,1915 1706,1916 1706,1919 1706,1919 1702,1919 1701,1920 1701,1923 1701,1923 1694,1923 1693,1924 1693,1928 1693,1928 1626,1928 1625,1929 1625,1932 1625,1932 1617,1932 1616,1932 1616,1929 1616,1928 1391,1928 1390,1928 1390,1924 1390,1923 1365,1923 1364,1924 1364,1989 1364,1989 1357,1989 1356,1988 1203,1988 1202,1988 1202,1920 1202,1919 1007,1919 1006,1920 1006,1923 1006,1923 905,1923 904,1923 904,1920 904,1919 892,1919 891,1919 891,1916 891,1915 883,1915 882,1915 882,1907 882,1906 879,1906 878,1906 878,1894 878,1893 875,1893 874,1893 874,1869 875,1868 878,1868 878,1868 878,1865 879,1864 882,1864 882,1864 882,1860 883,1859 886,1859 886,1859 886,1852 887,1851 899,1851 899,1851 899,1809 900,1808 904,1808 904,1808 904,1805 905,1804 908,1804 908,1804 908,1801 909,1800 912,1800 912,1800 912,1796 913,1795 950,1795 950,1796 950,1800 951,1800 955,1800 955,1801 955,1808 956,1808 959,1808 959,1809 959,1821 960,1821 1147,1821 1147,1821 1147,1809 1148,1808 1151,1808 1151,1808 1151,1801 1152,1800 1155,1800 1155,1800 1155,1788 1156,1787 1160,1787 1160,1787 1160,1783 1161,1782 1164,1782 1164,1782 1164,1779 1165,1778 1172,1778 1172,1778 1172,1775 1173,1774 1181,1774 1181,1774 1181,1771 1182,1770 1198,1770 1198,1771 1198,1774 1199,1774 1206,1774 1206,1775 1206,1782 1207,1782 1211,1782 1211,1783 1211,1838 1212,1838 1386,1838 1386,1838 1386,1830 1387,1829 1390,1829 1390,1829 1390,1809 1391,1808 1394,1808 1394,1808 1394,1801 1395,1800 1398,1800 1398,1800 1398,1796 1399,1795 1403,1795 1403,1795 1403,1788 1404,1787 1407,1787 1407,1787 1407,1783 1408,1782 1411,1782 1411,1782 1411,1779 1412,1778 1420,1778 1420,1778 1420,1775 1421,1774 1445,1774 1445,1775 1445,1778 1446,1778 1565,1778 1565,1779 1565,1782 1566,1782 1569,1782 1569,1783 1569,1834 1570,1834 1637,1834 1637,1835 1637,1838 1638,1838 1646,1838 1646,1839 1646,1842 1647,1842 1654,1842 1654,1843 1654,1846 1655,1846 1659,1846 1659,1847 1659,1851 1660,1851 1885,1851 1885,1851 1885,1847 1886,1846 2026,1846 2026,1846 2026,1839 2027,1838 2030,1838 2030,1838 2030,1822 2031,1821 2034,1821 2034,1821 2034,1813 2035,1812 2038,1812 2038,1812 2038,1792 2039,1791 2043,1791 2043,1791 2043,1783 2044,1782 2047,1782 2047,1782 2047,1779 2048,1778 2149,1778 2149,1778 2149,1775 2150,1774 2158,1774 2158,1775 2158,1778 2159,1778 2162,1778 2162,1779 2162,1787 2163,1787 2166,1787 2166,1788 2166,1791 2167,1791 2299,1791 2299,1792 2299,1795 2300,1795 2307,1795 2307,1796 2307,1838 2308,1838 2926,1838 2926,1838 2926,1788 2927,1787 2930,1787 2930,1787 2930,1783 2931,1782 2943,1782 2943,1782 2943,1779 2944,1778 2952,1778 2952,1779 2952,1782 2953,1782 2956,1782 2956,1783 2956,1838 2957,1838 3276,1838 3276,1838 3276,1835 3277,1834 3280,1834 3280,1834 3280,1826 3281,1825 3284,1825 3284,1825 3284,1818 3285,1817 3289,1817 3289,1817 3289,1813 3290,1812 3293,1812 3293,1812 3293,1809 3294,1808 3297,1808 3297,1808 3297,1805 3298,1804 3301,1804 3301,1804 3301,1801 3302,1800 3306,1800 3306,1800 3306,1796 3307,1795 3314,1795 3314,1795 3314,1792 3315,1791 3323,1791 3323,1791 3323,1788 3324,1787 3336,1787 3336,1787 3336,1783 3337,1782 3468,1782 3468,1782 3468,1779 3469,1778 3472,1778 3472,1778 3472,1775 3473,1774 3574,1774 3574,1775 3574,1778 3575,1778 3579,1778 3579,1779 3579,1782 3580,1782 3583,1782 3583,1783 3583,1834 3584,1834 3702,1834 3702,1835 3702,1838 3703,1838 3707,1838 3707,1839 3707,1893 3708,1893 3937,1893 3937,1893 3937,1852 3938,1851 3941,1851 3941,1851 3941,1843 3942,1842 3946,1842 3946,1842 3946,1839 3947,1838 3954,1838 3954,1838 3954,1835 3955,1834 3988,1834 3988,1834 3988,1788 3989,1787 3993,1787 3993,1787 3993,1783 3994,1782 4061,1782 4061,1782 4061,1779 4062,1778 4069,1778 4069,1779 4069,1782 4070,1782 4074,1782 4074,1783 4074,1851 4075,1851 4078,1851 4078,1852 4078,1868 4079,1868 4121,1868 4121,1869 4121,1881 4122,1881 4125,1881 4125,1882 4125,1893 4125,1893 4083,1893 4082,1894 4082,1906 4082,1906 4079,1906 4078,1907 4078,1915 4078,1915 4075,1915 4074,1916 4074,1923 4074,1923 4049,1923 4048,1924 4048,1992 4048,1992"/><TextEquiv index="1"><Unicode>&amp; ſa fille. „Ah! mon cher Céſar, s'é-</Unicode></TextEquiv></TextLine><TextLine id="r0_l008"><Coords points="2688,2206 2687,2206 2687,2142 2687,2141 2517,2141 2516,2142 2516,2145 2516,2145 2487,2145 2486,2145 2486,2142 2486,2141 2287,2141 2286,2142 2286,2145 2286,2145 2014,2145 2013,2145 2013,2142 2013,2141 1613,2141 1612,2142 1612,2145 1612,2145 1609,2145 1608,2145 1608,2142 1608,2141 1421,2141 1420,2141 1420,2138 1420,2137 1148,2137 1147,2138 1147,2145 1147,2145 1139,2145 1138,2145 1138,2138 1138,2137 1067,2137 1066,2137 1066,2133 1066,2132 1058,2132 1057,2132 1057,2129 1057,2128 875,2128 874,2128 874,2125 874,2124 870,2124 869,2124 869,2112 870,2111 874,2111 874,2111 874,2078 875,2077 878,2077 878,2077 878,2069 879,2068 925,2068 925,2068 925,2065 926,2064 1049,2064 1049,2064 1049,2061 1050,2060 1053,2060 1053,2060 1053,2057 1054,2056 1066,2056 1066,2056 1066,2052 1067,2051 1074,2051 1074,2051 1074,2048 1075,2047 1198,2047 1198,2047 1198,1993 1199,1992 1202,1992 1202,1992 1202,1989 1203,1988 1219,1988 1220,1989 1364,1989 1364,1990 1364,1992 1365,1992 1369,1992 1369,1993 1369,1996 1370,1996 1373,1996 1373,1997 1373,2047 1374,2047 1706,2047 1706,2047 1706,1993 1707,1992 1714,1992 1714,1992 1714,1988 1715,1987 1787,1987 1787,1988 1787,1992 1788,1992 1791,1992 1791,1993 1791,2047 1792,2047 2009,2047 2009,2047 2009,2044 2010,2043 2013,2043 2013,2044 2013,2047 2014,2047 2017,2047 2017,2048 2017,2051 2018,2051 2418,2051 2418,2051 2418,2001 2419,2000 2427,2000 2427,2000 2427,1997 2428,1996 2435,1996 2435,1996 2435,1993 2436,1992 2444,1992 2444,1993 2444,1996 2445,1996 2448,1996 2448,1997 2448,2051 2449,2051 2734,2051 2734,2051 2734,2048 2735,2047 2747,2047 2747,2048 2747,2051 2748,2051 2960,2051 2960,2051 2960,2005 2961,2004 2964,2004 2964,2004 2964,2001 2965,2000 2969,2000 2969,2000 2969,1997 2970,1996 2986,1996 2986,1997 2986,2004 2987,2004 2990,2004 2990,2005 2990,2051 2991,2051 3050,2051 3050,2052 3050,2056 3051,2056 3062,2056 3062,2057 3062,2064 3063,2064 3067,2064 3067,2065 3067,2107 3068,2107 3310,2107 3310,2107 3310,2086 3311,2085 3314,2085 3314,2085 3314,2078 3315,2077 3318,2077 3318,2077 3318,2069 3319,2068 3323,2068 3323,2068 3323,2065 3324,2064 3327,2064 3327,2064 3327,2061 3328,2060 3336,2060 3336,2060 3336,2057 3337,2056 3344,2056 3344,2056 3344,2052 3345,2051 3545,2051 3545,2051 3545,2048 3546,2047 3604,2047 3604,2047 3604,1997 3605,1996 3609,1996 3609,1996 3609,1993 3610,1992 3613,1992 3613,1992 3613,1988 3614,1987 3681,1987 3681,1988 3681,1992 3682,1992 3685,1992 3685,1993 3685,2047 3686,2047 3907,2047 3907,2047 3907,2014 3908,2013 3912,2013 3912,2013 3912,2010 3913,2009 3916,2009 3916,2009 3916,2005 3917,2004 4035,2004 4035,2004 4035,1997 4036,1996 4040,1996 4040,1996 4040,1993 4041,1992 4052,1992 4052,1993 4052,1996 4053,1996 4057,1996 4057,1997 4057,2047 4058,2047 4112,2047 4112,2048 4112,2051 4113,2051 4121,2051 4121,2052 4121,2064 4122,2064 4125,2064 4125,2065 4125,2111 4126,2111 4129,2111 4129,2112 4129,2115 4129,2115 4126,2115 4125,2116 4125,2124 4125,2124 4122,2124 4121,2125 4121,2128 4121,2128 4117,2128 4116,2129 4116,2132 4116,2132 4113,2132 4112,2133 4112,2137 4112,2137 4109,2137 4108,2138 4108,2141 4108,2141 3934,2141 3933,2142 3933,2145 3933,2145 3930,2145 3929,2146 3929,2162 3929,2162 3925,2162 3924,2163 3924,2171 3924,2171 3921,2171 3920,2172 3920,2179 3920,2179 3917,2179 3916,2180 3916,2188 3916,2188 3913,2188 3912,2189 3912,2192 3912,2192 3904,2192 3903,2192 3903,2189 3903,2188 3900,2188 3899,2188 3899,2142 3899,2141 3486,2141 3485,2142 3485,2145 3485,2145 3413,2145 3412,2146 3412,2196 3412,2196 3383,2196 3382,2197 3382,2201 3382,2201 3358,2201 3357,2201 3357,2197 3357,2196 3354,2196 3353,2196 3353,2163 3353,2162 3179,2162 3178,2163 3178,2166 3178,2166 3166,2166 3165,2167 3165,2171 3165,2171 3157,2171 3156,2172 3156,2175 3156,2175 3153,2175 3152,2175 3152,2172 3152,2171 3145,2171 3144,2171 3144,2146 3144,2145 2880,2145 2879,2145 2879,2142 2879,2141 2709,2141 2708,2142 2708,2206 2708,2206"/><TextEquiv index="1"><Unicode>“crioient-ils tous les trois, quelle joie</Unicode></TextEquiv></TextLine><TextLine id="r0_l009"><Coords points="3255,2417 3254,2417 3254,2355 3254,2354 3157,2354 3156,2355 3156,2358 3156,2358 2991,2358 2990,2359 2990,2410 2990,2410 2987,2410 2986,2411 2986,2414 2986,2414 2944,2414 2943,2414 2943,2411 2943,2410 2940,2410 2939,2410 2939,2355 2939,2354 2765,2354 2764,2355 2764,2358 2764,2358 2436,2358 2435,2358 2435,2355 2435,2354 1971,2354 1970,2355 1970,2358 1970,2358 1967,2358 1966,2359 1966,2363 1966,2363 1963,2363 1962,2363 1962,2359 1962,2358 1882,2358 1881,2358 1881,2355 1881,2354 1468,2354 1467,2355 1467,2358 1467,2358 1463,2358 1462,2358 1462,2355 1462,2354 1178,2354 1177,2354 1177,2351 1177,2350 1114,2350 1113,2350 1113,2347 1113,2346 879,2346 878,2346 878,2342 878,2341 875,2341 874,2341 874,2291 875,2290 878,2290 878,2290 878,2287 879,2286 882,2286 882,2286 882,2283 883,2282 929,2282 929,2282 929,2278 930,2277 933,2277 933,2277 933,2274 934,2273 1066,2273 1066,2273 1066,2270 1067,2269 1078,2269 1078,2269 1078,2266 1079,2265 1096,2265 1096,2265 1096,2210 1097,2209 1100,2209 1100,2209 1100,2206 1101,2205 1108,2205 1108,2205 1108,2202 1109,2201 1113,2201 1113,2202 1113,2205 1114,2205 1117,2205 1117,2206 1117,2209 1118,2209 1121,2209 1121,2210 1121,2213 1122,2213 1125,2213 1125,2214 1125,2260 1126,2260 1202,2260 1202,2261 1202,2265 1203,2265 1868,2265 1868,2265 1868,2261 1869,2260 1889,2260 1889,2261 1889,2265 1890,2265 2124,2265 2124,2265 2124,2214 2125,2213 2128,2213 2128,2213 2128,2210 2129,2209 2145,2209 2145,2210 2145,2218 2146,2218 2320,2218 2320,2219 2320,2226 2321,2226 2324,2226 2324,2227 2324,2269 2325,2269 2683,2269 2683,2269 2683,2210 2684,2209 2687,2209 2687,2209 2687,2207 2688,2206 2708,2206 2708,2207 2708,2213 2709,2213 2713,2213 2713,2214 2713,2265 2714,2265 3161,2265 3161,2266 3161,2269 3162,2269 3442,2269 3442,2269 3442,2266 3443,2265 3549,2265 3549,2265 3549,2261 3550,2260 3553,2260 3553,2261 3553,2265 3554,2265 3784,2265 3784,2265 3784,2261 3785,2260 4104,2260 4104,2260 4104,2257 4105,2256 4108,2256 4108,2257 4108,2260 4109,2260 4121,2260 4121,2261 4121,2265 4122,2265 4125,2265 4125,2266 4125,2333 4125,2333 4122,2333 4121,2334 4121,2346 4121,2346 4117,2346 4116,2347 4116,2350 4116,2350 4113,2350 4112,2351 4112,2354 4112,2354 4109,2354 4108,2355 4108,2358 4108,2358 4105,2358 4104,2359 4104,2363 4104,2363 4100,2363 4099,2363 4099,2359 4099,2358 4092,2358 4091,2358 4091,2351 4091,2350 3883,2350 3882,2351 3882,2354 3882,2354 3575,2354 3574,2355 3574,2358 3574,2358 3541,2358 3540,2359 3540,2397 3540,2397 3524,2397 3523,2398 3523,2401 3523,2401 3520,2401 3519,2401 3519,2398 3519,2397 3516,2397 3515,2397 3515,2359 3515,2358 3439,2358 3438,2358 3438,2355 3438,2354 3268,2354 3267,2355 3267,2417 3267,2417"/><TextEquiv index="1"><Unicode>“de vous revoir! mais que nous avons</Unicode></TextEquiv></TextLine><TextLine id="r0_l010"><Coords points="1604,2628 1603,2628 1603,2569 1603,2568 1455,2568 1454,2568 1454,2564 1454,2563 1062,2563 1061,2563 1061,2560 1061,2559 1058,2559 1057,2559 1057,2556 1057,2555 892,2555 891,2555 891,2551 891,2550 887,2550 886,2550 886,2500 887,2499 891,2499 891,2499 891,2496 892,2495 933,2495 933,2495 933,2492 934,2491 1057,2491 1057,2491 1057,2479 1058,2478 1061,2478 1061,2478 1061,2475 1062,2474 1070,2474 1070,2474 1070,2462 1071,2461 1074,2461 1074,2461 1074,2445 1075,2444 1078,2444 1078,2444 1078,2441 1079,2440 1083,2440 1083,2440 1083,2432 1084,2431 1087,2431 1087,2431 1087,2423 1088,2422 1091,2422 1091,2422 1091,2419 1092,2418 1100,2418 1100,2418 1100,2415 1101,2414 1134,2414 1134,2415 1134,2418 1135,2418 1138,2418 1138,2419 1138,2474 1139,2474 1330,2474 1330,2474 1330,2458 1331,2457 1334,2457 1334,2457 1334,2449 1335,2448 1339,2448 1339,2448 1339,2441 1340,2440 1343,2440 1343,2440 1343,2436 1344,2435 1347,2435 1347,2435 1347,2432 1348,2431 1356,2431 1356,2431 1356,2428 1357,2427 1360,2427 1360,2427 1360,2423 1361,2422 1403,2422 1403,2422 1403,2419 1404,2418 1407,2418 1407,2418 1407,2415 1408,2414 1420,2414 1420,2414 1420,2411 1421,2410 1441,2410 1441,2411 1441,2474 1442,2474 1603,2474 1603,2474 1603,2470 1604,2469 1689,2469 1689,2469 1689,2423 1690,2422 1693,2422 1693,2422 1693,2419 1694,2418 1710,2418 1710,2419 1710,2427 1711,2427 1714,2427 1714,2428 1714,2478 1715,2478 1906,2478 1906,2478 1906,2432 1907,2431 1910,2431 1910,2431 1910,2428 1911,2427 1915,2427 1915,2427 1915,2423 1916,2422 1919,2422 1919,2422 1919,2419 1920,2418 1928,2418 1928,2419 1928,2422 1929,2422 1936,2422 1936,2423 1936,2431 1937,2431 2090,2431 2090,2432 2090,2435 2091,2435 2094,2435 2094,2436 2094,2482 2095,2482 2397,2482 2397,2482 2397,2479 2398,2478 2610,2478 2610,2478 2610,2428 2611,2427 2614,2427 2614,2427 2614,2423 2615,2422 2627,2422 2627,2422 2627,2419 2628,2418 2632,2418 2632,2419 2632,2422 2633,2422 2636,2422 2636,2423 2636,2427 2637,2427 2640,2427 2640,2428 2640,2478 2641,2478 2836,2478 2836,2479 2836,2482 2837,2482 3033,2482 3033,2482 3033,2479 3034,2478 3246,2478 3246,2478 3246,2423 3247,2422 3250,2422 3250,2422 3250,2419 3251,2418 3254,2418 3255,2417 3267,2417 3268,2418 3272,2418 3272,2419 3272,2427 3273,2427 3276,2427 3276,2428 3276,2542 3277,2542 3485,2542 3485,2542 3485,2513 3486,2512 3489,2512 3489,2512 3489,2505 3490,2504 3493,2504 3493,2504 3493,2492 3494,2491 3502,2491 3502,2491 3502,2487 3503,2486 3506,2486 3506,2486 3506,2483 3507,2482 3510,2482 3510,2482 3510,2479 3511,2478 3523,2478 3523,2478 3523,2475 3524,2474 3724,2474 3724,2474 3724,2470 3725,2469 3737,2469 3737,2470 3737,2474 3738,2474 4061,2474 4061,2474 4061,2470 4062,2469 4116,2469 4116,2469 4116,2466 4117,2465 4125,2465 4125,2466 4125,2469 4126,2469 4129,2469 4129,2470 4129,2555 4129,2555 4126,2555 4125,2556 4125,2559 4125,2559 4117,2559 4116,2560 4116,2563 4116,2563 4096,2563 4095,2563 4095,2560 4095,2559 3831,2559 3830,2560 3830,2626 3830,2626 3828,2626 3827,2627 3826,2627 3826,2560 3826,2559 3750,2559 3749,2560 3749,2563 3749,2563 3738,2563 3737,2564 3737,2568 3737,2568 3584,2568 3583,2569 3583,2623 3583,2623 3533,2623 3532,2623 3532,2607 3532,2606 3362,2606 3361,2606 3361,2598 3361,2597 3358,2597 3357,2597 3357,2564 3357,2563 3106,2563 3105,2564 3105,2568 3105,2568 2778,2568 2777,2569 2777,2572 2777,2572 2641,2572 2640,2572 2640,2569 2640,2568 2095,2568 2094,2569 2094,2572 2094,2572 2078,2572 2077,2572 2077,2569 2077,2568 1762,2568 1761,2569 1761,2628 1761,2628"/><TextEquiv index="1"><Unicode>„ſouffert! ah! mon bon ami, que nous</Unicode></TextEquiv></TextLine><TextLine id="r0_l011"><Coords points="2359,2848 2358,2848 2358,2782 2358,2781 2022,2781 2021,2781 2021,2778 2021,2777 1741,2777 1740,2778 1740,2781 1740,2781 1660,2781 1659,2781 1659,2778 1659,2777 1226,2777 1169,2777 1168,2778 1168,2781 1168,2781 1165,2781 1164,2781 1164,2778 1164,2777 1161,2777 1160,2777 1160,2773 1160,2772 1054,2772 1053,2772 1053,2769 1053,2768 892,2768 891,2768 891,2765 891,2764 879,2764 878,2764 878,2709 879,2708 895,2708 895,2708 895,2705 896,2704 933,2704 933,2704 933,2701 934,2700 1057,2700 1057,2700 1057,2697 1058,2696 1061,2696 1061,2696 1061,2692 1062,2691 1266,2691 1266,2691 1266,2688 1267,2687 1586,2687 1586,2687 1586,2662 1587,2661 1590,2661 1590,2661 1590,2645 1591,2644 1595,2644 1595,2644 1595,2637 1596,2636 1599,2636 1599,2636 1599,2633 1600,2632 1603,2632 1603,2632 1603,2629 1604,2628 1761,2628 1761,2629 1761,2687 1762,2687 1915,2687 1915,2688 1915,2691 1916,2691 2094,2691 2094,2691 2094,2637 2095,2636 2098,2636 2098,2636 2098,2633 2099,2632 2111,2632 2111,2632 2111,2628 2112,2627 2115,2627 2115,2628 2115,2632 2116,2632 2175,2632 2175,2633 2175,2636 2176,2636 2179,2636 2179,2637 2179,2687 2180,2687 2299,2687 2299,2688 2299,2691 2300,2691 2832,2691 2832,2691 2832,2637 2833,2636 2841,2636 2841,2636 2841,2633 2842,2632 2845,2632 2845,2633 2845,2636 2846,2636 2853,2636 2853,2637 2853,2640 2854,2640 2858,2640 2858,2641 2858,2691 2859,2691 3182,2691 3182,2691 3182,2637 3183,2636 3186,2636 3186,2636 3186,2633 3187,2632 3208,2632 3208,2633 3208,2636 3209,2636 3212,2636 3212,2637 3212,2644 3213,2644 3216,2644 3216,2645 3216,2691 3217,2691 3502,2691 3502,2691 3502,2688 3503,2687 3809,2687 3809,2687 3809,2662 3810,2661 3813,2661 3813,2661 3813,2654 3814,2653 3818,2653 3818,2653 3818,2641 3819,2640 3822,2640 3822,2640 3822,2628 3823,2627 3827,2627 3828,2626 3830,2626 3831,2627 3916,2627 3916,2628 3916,2674 3917,2674 4108,2674 4108,2675 4108,2678 4109,2678 4116,2678 4116,2679 4116,2683 4117,2683 4121,2683 4121,2684 4121,2687 4122,2687 4125,2687 4125,2688 4125,2691 4126,2691 4129,2691 4129,2692 4129,2700 4130,2700 4133,2700 4133,2701 4133,2704 4133,2704 4130,2704 4129,2705 4129,2751 4129,2751 4126,2751 4125,2752 4125,2764 4125,2764 4117,2764 4116,2765 4116,2768 4116,2768 4113,2768 4112,2769 4112,2772 4112,2772 3925,2772 3924,2773 3924,2777 3924,2777 3537,2777 3536,2778 3536,2781 3536,2781 3499,2781 3498,2781 3498,2778 3498,2777 3314,2777 3264,2777 3263,2778 3263,2781 3263,2781 2884,2781 2883,2782 2883,2846 2883,2846 2871,2846 2870,2846 2870,2782 2870,2781 2551,2781 2550,2782 2550,2785 2550,2785 2406,2785 2405,2785 2405,2782 2405,2781 2372,2781 2371,2782 2371,2848 2371,2848"/><TextEquiv index="1"><Unicode>“avons été malheureux! mais ne mêlons</Unicode></TextEquiv></TextLine><TextLine id="r0_l012"><Coords points="3106,3054 3105,3054 3105,3051 3105,3050 3093,3050 3092,3050 3092,3046 3092,3045 3089,3045 3088,3045 3088,2999 3088,2998 2948,2998 2947,2998 2947,2995 2947,2994 2739,2994 2738,2995 2738,3020 2738,3020 2735,3020 2734,3021 2734,3028 2734,3028 2731,3028 2730,3029 2730,3037 2730,3037 2722,3037 2721,3038 2721,3045 2721,3045 2718,3045 2717,3046 2717,3050 2717,3050 2705,3050 2704,3050 2704,2995 2704,2994 2027,2994 2026,2995 2026,2998 2026,2998 2010,2998 2009,2998 2009,2995 2009,2994 1203,2994 1202,2994 1202,2991 1202,2990 1067,2990 1066,2990 1066,2987 1066,2986 1062,2986 1061,2986 1061,2982 1061,2981 892,2981 891,2981 891,2978 891,2977 887,2977 886,2977 886,2974 886,2973 883,2973 882,2973 882,2935 882,2934 879,2934 878,2934 878,2927 879,2926 882,2926 882,2926 882,2923 883,2922 899,2922 899,2922 899,2918 900,2917 938,2917 938,2917 938,2914 939,2913 1066,2913 1066,2913 1066,2910 1067,2909 1074,2909 1074,2909 1074,2906 1075,2905 1083,2905 1083,2905 1083,2901 1084,2900 1275,2900 1275,2900 1275,2897 1276,2896 1296,2896 1296,2897 1296,2900 1297,2900 1693,2900 1693,2900 1693,2897 1694,2896 1825,2896 1825,2896 1825,2854 1826,2853 1829,2853 1829,2853 1829,2846 1830,2845 1834,2845 1834,2845 1834,2842 1835,2841 1851,2841 1851,2842 1851,2849 1852,2849 2149,2849 2149,2849 2149,2846 2150,2845 2158,2845 2158,2845 2158,2842 2159,2841 2192,2841 2192,2842 2192,2845 2193,2845 2196,2845 2196,2846 2196,2848 2197,2848 2371,2848 2372,2849 2516,2849 2516,2850 2516,2858 2517,2858 2521,2858 2521,2859 2521,2909 2522,2909 2717,2909 2717,2909 2717,2871 2718,2870 2721,2870 2721,2870 2721,2867 2722,2866 2866,2866 2866,2866 2866,2850 2867,2849 2870,2849 2870,2849 2870,2847 2871,2846 2883,2846 2883,2847 2883,2849 2884,2849 2888,2849 2888,2850 2888,2853 2889,2853 2892,2853 2892,2854 2892,2900 2893,2900 3404,2900 3404,2901 3404,2905 3405,2905 3638,2905 3638,2905 3638,2901 3639,2900 4035,2900 4035,2900 4035,2897 4036,2896 4099,2896 4099,2896 4099,2889 4100,2888 4116,2888 4116,2889 4116,2892 4117,2892 4121,2892 4121,2893 4121,2896 4122,2896 4129,2896 4129,2897 4129,2930 4130,2930 4138,2930 4138,2931 4138,2943 4138,2943 4134,2943 4133,2944 4133,2956 4133,2956 4130,2956 4129,2957 4129,2964 4129,2964 4126,2964 4125,2965 4125,2973 4125,2973 4122,2973 4121,2974 4121,2977 4121,2977 4117,2977 4116,2978 4116,2986 4116,2986 3925,2986 3924,2987 3924,2990 3924,2990 3746,2990 3745,2991 3745,2994 3745,2994 3597,2994 3596,2995 3596,3045 3596,3045 3588,3045 3587,3046 3587,3050 3587,3050 3550,3050 3549,3050 3549,2995 3549,2994 3145,2994 3144,2995 3144,3050 3144,3050 3140,3050 3139,3051 3139,3054 3139,3054"/><TextEquiv index="1"><Unicode>“aucune triſteſſe à la joie pure que nous</Unicode></TextEquiv></TextLine><TextLine id="r0_l013"><Coords points="3085,3268 3084,3268 3084,3209 3084,3208 2816,3208 2815,3209 2815,3212 2815,3212 2569,3212 2568,3212 2568,3209 2568,3208 2057,3208 2056,3209 2056,3212 2056,3212 2052,3212 2051,3212 2051,3209 2051,3208 1732,3208 1731,3208 1731,3204 1731,3203 1033,3203 1032,3204 1032,3208 1032,3208 1028,3208 1027,3209 1027,3212 1027,3212 1024,3212 1023,3212 1023,3209 1023,3208 1020,3208 1019,3208 1019,3196 1019,3195 887,3195 886,3195 886,3187 886,3186 883,3186 882,3186 882,3140 883,3139 886,3139 886,3139 886,3136 887,3135 899,3135 899,3135 899,3132 900,3131 938,3131 938,3131 938,3127 939,3126 1066,3126 1066,3126 1066,3123 1067,3122 1070,3122 1070,3122 1070,3119 1071,3118 1087,3118 1087,3118 1087,3115 1088,3114 1330,3114 1330,3114 1330,3093 1331,3092 1334,3092 1334,3092 1334,3085 1335,3084 1339,3084 1339,3084 1339,3081 1340,3080 1343,3080 1343,3080 1343,3072 1344,3071 1347,3071 1347,3071 1347,3068 1348,3067 1352,3067 1352,3067 1352,3063 1353,3062 1356,3062 1356,3062 1356,3059 1357,3058 1360,3058 1360,3058 1360,3055 1361,3054 1390,3054 1390,3055 1390,3058 1391,3058 1394,3058 1394,3059 1394,3062 1395,3062 1398,3062 1398,3063 1398,3109 1399,3109 1420,3109 1420,3110 1420,3114 1421,3114 2393,3114 2393,3114 2393,3110 2394,3109 2397,3109 2397,3109 2397,3098 2398,3097 2401,3097 2401,3097 2401,3089 2402,3088 2405,3088 2405,3088 2405,3085 2406,3084 2414,3084 2414,3084 2414,3081 2415,3080 2418,3080 2418,3080 2418,3076 2419,3075 2422,3075 2422,3075 2422,3072 2423,3071 2427,3071 2427,3071 2427,3068 2428,3067 2444,3067 2444,3067 2444,3063 2445,3062 2636,3062 2636,3062 2636,3059 2637,3058 2777,3058 2777,3059 2777,3062 2778,3062 2781,3062 2781,3063 2781,3118 2782,3118 3033,3118 3033,3118 3033,3115 3034,3114 3169,3114 3169,3115 3169,3118 3170,3118 3446,3118 3446,3118 3446,3115 3447,3114 3455,3114 3455,3114 3455,3110 3456,3109 3604,3109 3604,3110 3604,3114 3605,3114 3830,3114 3830,3114 3830,3110 3831,3109 3899,3109 3899,3109 3899,3106 3900,3105 3912,3105 3912,3106 3912,3109 3913,3109 4108,3109 4108,3109 4108,3106 4109,3105 4129,3105 4129,3106 4129,3109 4130,3109 4133,3109 4133,3110 4133,3114 4134,3114 4138,3114 4138,3115 4138,3122 4138,3122 4134,3122 4133,3123 4133,3131 4133,3131 4126,3131 4125,3132 4125,3195 4125,3195 4109,3195 4108,3196 4108,3199 4108,3199 3925,3199 3924,3200 3924,3203 3924,3203 3789,3203 3788,3204 3788,3267 3788,3267 3772,3267 3771,3267 3771,3209 3771,3208 3614,3208 3613,3209 3613,3212 3613,3212 3597,3212 3596,3212 3596,3209 3596,3208 3290,3208 3289,3209 3289,3212 3289,3212 3281,3212 3280,3212 3280,3209 3280,3208 3102,3208 3101,3209 3101,3268 3101,3268"/><TextEquiv index="1"><Unicode>“cauſe votre vue. Célébrons votre retour</Unicode></TextEquiv></TextLine><TextLine id="r0_l014"><Coords points="3435,3476 3434,3476 3434,3473 3434,3472 3430,3472 3429,3472 3429,3447 3429,3446 3298,3446 3297,3446 3297,3418 3297,3417 2761,3417 2760,3418 2760,3421 2760,3421 2671,3421 2670,3421 2670,3418 2670,3417 2304,3417 2303,3417 2303,3413 2303,3412 2022,3412 2021,3413 2021,3417 2021,3417 1835,3417 1834,3418 1834,3421 1834,3421 1668,3421 1667,3422 1667,3425 1667,3425 1664,3425 1663,3425 1663,3422 1663,3421 1660,3421 1659,3421 1659,3418 1659,3417 1190,3417 1189,3417 1189,3413 1189,3412 1084,3412 1083,3412 1083,3409 1083,3408 896,3408 895,3408 895,3405 895,3404 892,3404 891,3404 891,3354 892,3353 895,3353 895,3353 895,3349 896,3348 908,3348 908,3348 908,3345 909,3344 942,3344 942,3344 942,3341 943,3340 946,3340 946,3340 946,3337 947,3336 1078,3336 1078,3336 1078,3332 1079,3331 1087,3331 1087,3331 1087,3328 1088,3327 1343,3327 1343,3327 1343,3277 1344,3276 1356,3276 1356,3277 1356,3280 1357,3280 1377,3280 1377,3281 1377,3327 1378,3327 1586,3327 1586,3327 1586,3324 1587,3323 1616,3323 1616,3324 1616,3327 1617,3327 1838,3327 1838,3327 1838,3324 1839,3323 1889,3323 1889,3323 1889,3273 1890,3272 1893,3272 1893,3272 1893,3268 1894,3267 1906,3267 1906,3267 1906,3264 1907,3263 1915,3263 1915,3264 1915,3267 1916,3267 2218,3267 2218,3267 2218,3264 2219,3263 2222,3263 2222,3264 2222,3267 2223,3267 2226,3267 2226,3268 2226,3272 2227,3272 2230,3272 2230,3273 2230,3276 2231,3276 2265,3276 2265,3277 2265,3280 2266,3280 2273,3280 2273,3281 2273,3289 2274,3289 2277,3289 2277,3290 2277,3327 2278,3327 2358,3327 2358,3328 2358,3331 2359,3331 2572,3331 2572,3331 2572,3307 2573,3306 2576,3306 2576,3306 2576,3298 2577,3297 2580,3297 2580,3297 2580,3290 2581,3289 2585,3289 2585,3289 2585,3285 2586,3284 2589,3284 2589,3284 2589,3281 2590,3280 2593,3280 2593,3280 2593,3277 2594,3276 2597,3276 2597,3276 2597,3273 2598,3272 2619,3272 2619,3272 2619,3268 2620,3267 2632,3267 2632,3268 2632,3272 2633,3272 2691,3272 2691,3273 2691,3276 2692,3276 2696,3276 2696,3277 2696,3327 2697,3327 2939,3327 2939,3327 2939,3277 2940,3276 2947,3276 2947,3276 2947,3273 2948,3272 3084,3272 3084,3272 3084,3269 3085,3268 3203,3268 3204,3267 3208,3267 3208,3268 3208,3272 3209,3272 3216,3272 3216,3273 3216,3280 3217,3280 3220,3280 3220,3281 3220,3382 3221,3382 3425,3382 3425,3382 3425,3337 3426,3336 3429,3336 3429,3336 3429,3332 3430,3331 3438,3331 3438,3331 3438,3328 3439,3327 3728,3327 3728,3327 3728,3273 3729,3272 3732,3272 3732,3272 3732,3268 3733,3267 3784,3267 3784,3268 3784,3327 3785,3327 3980,3327 3980,3327 3980,3324 3981,3323 3988,3323 3988,3323 3988,3268 3989,3267 3993,3267 3993,3267 3993,3264 3994,3263 4014,3263 4014,3264 4014,3276 4015,3276 4018,3276 4018,3277 4018,3318 4019,3318 4069,3318 4069,3319 4069,3323 4070,3323 4074,3323 4074,3324 4074,3327 4075,3327 4078,3327 4078,3328 4078,3331 4079,3331 4082,3331 4082,3332 4082,3344 4083,3344 4129,3344 4129,3345 4129,3353 4130,3353 4133,3353 4133,3354 4133,3370 4133,3370 4109,3370 4108,3371 4108,3374 4108,3374 4083,3374 4082,3375 4082,3395 4082,3395 4079,3395 4078,3396 4078,3404 4078,3404 4075,3404 4074,3405 4074,3408 4074,3408 4066,3408 4065,3409 4065,3412 4065,3412 3853,3412 3852,3413 3852,3417 3852,3417 3571,3417 3570,3418 3570,3421 3570,3421 3469,3421 3468,3422 3468,3476 3468,3476"/><TextEquiv index="1"><Unicode>“comme celui d'un fils chéri, perdu de-</Unicode></TextEquiv></TextLine><TextLine id="r0_l015"><Coords points="2163,3690 2162,3690 2162,3627 2162,3626 1971,3626 1970,3627 1970,3630 1970,3630 1954,3630 1953,3631 1953,3634 1953,3634 1801,3634 1800,3635 1800,3656 1800,3656 1796,3656 1795,3657 1795,3664 1795,3664 1792,3664 1791,3665 1791,3673 1791,3673 1788,3673 1787,3674 1787,3677 1787,3677 1783,3677 1782,3678 1782,3681 1782,3681 1775,3681 1774,3682 1774,3685 1774,3685 1762,3685 1761,3686 1761,3690 1761,3690 1660,3690 1659,3690 1659,3686 1659,3685 1651,3685 1650,3685 1650,3627 1650,3626 1118,3626 1117,3627 1117,3681 1117,3681 1109,3681 1108,3682 1108,3685 1108,3685 1084,3685 1083,3685 1083,3682 1083,3681 1079,3681 1078,3681 1078,3618 1078,3617 892,3617 891,3617 891,3605 892,3604 895,3604 895,3604 895,3563 896,3562 904,3562 904,3562 904,3511 905,3510 921,3510 921,3511 921,3515 922,3515 942,3515 942,3516 942,3528 943,3528 946,3528 946,3529 946,3532 947,3532 950,3532 950,3533 950,3536 951,3536 1100,3536 1100,3537 1100,3540 1101,3540 1283,3540 1283,3540 1283,3486 1284,3485 1292,3485 1292,3485 1292,3482 1293,3481 1471,3481 1471,3481 1471,3477 1472,3476 1484,3476 1484,3477 1484,3481 1485,3481 1488,3481 1488,3482 1488,3540 1489,3540 1868,3540 1868,3540 1868,3537 1869,3536 1872,3536 1872,3536 1872,3533 1873,3532 1881,3532 1881,3533 1881,3536 1882,3536 1970,3536 1970,3537 1970,3540 1971,3540 2440,3540 2440,3540 2440,3533 2441,3532 2444,3532 2444,3532 2444,3520 2445,3519 2448,3519 2448,3519 2448,3503 2449,3502 2452,3502 2452,3502 2452,3486 2453,3485 2461,3485 2461,3485 2461,3482 2462,3481 2469,3481 2469,3482 2469,3485 2470,3485 2713,3485 2713,3486 2713,3489 2714,3489 2721,3489 2721,3490 2721,3545 2722,3545 2922,3545 2922,3545 2922,3541 2923,3540 3348,3540 3348,3540 3348,3494 3349,3493 3353,3493 3353,3493 3353,3490 3354,3489 3361,3489 3361,3489 3361,3486 3362,3485 3429,3485 3429,3486 3429,3540 3430,3540 3711,3540 3711,3540 3711,3537 3712,3536 3894,3536 3894,3536 3894,3524 3895,3523 3899,3523 3899,3523 3899,3507 3900,3506 3903,3506 3903,3506 3903,3499 3904,3498 3907,3498 3907,3498 3907,3494 3908,3493 3912,3493 3912,3493 3912,3490 3913,3489 3916,3489 3916,3489 3916,3486 3917,3485 3920,3485 3920,3485 3920,3482 3921,3481 3924,3481 3924,3481 3924,3477 3925,3476 3933,3476 3933,3476 3933,3473 3934,3472 3950,3472 3950,3473 3950,3476 3951,3476 3954,3476 3954,3477 3954,3481 3955,3481 3958,3481 3958,3482 3958,3485 3959,3485 3963,3485 3963,3486 3963,3523 3964,3523 4116,3523 4116,3524 4116,3528 4117,3528 4133,3528 4133,3529 4133,3532 4134,3532 4138,3532 4138,3533 4138,3540 4139,3540 4142,3540 4142,3541 4142,3549 4142,3549 4139,3549 4138,3550 4138,3553 4138,3553 4130,3553 4129,3554 4129,3617 4129,3617 4122,3617 4121,3618 4121,3621 4121,3621 3810,3621 3809,3622 3809,3626 3809,3626 3797,3626 3796,3627 3796,3630 3796,3630 3657,3630 3656,3631 3656,3634 3656,3634 3533,3634 3532,3634 3532,3631 3532,3630 2705,3630 2704,3630 2704,3627 2704,3626 2415,3626 2414,3627 2414,3630 2414,3630 2206,3630 2205,3631 2205,3685 2205,3685 2202,3685 2201,3686 2201,3690 2201,3690"/><TextEquiv index="1"><Unicode>“puis long-temps. Ah! nos malheurs ſont</Unicode></TextEquiv></TextLine><TextLine id="r0_l016"><Coords points="3123,3910 3122,3910 3122,3844 3122,3843 2965,3843 2964,3844 2964,3848 2964,3848 2871,3848 2870,3848 2870,3844 2870,3843 2607,3843 2606,3844 2606,3848 2606,3848 2458,3848 2457,3848 2457,3844 2457,3843 1562,3843 1561,3844 1561,3848 1561,3848 1553,3848 1552,3848 1552,3844 1552,3843 1225,3843 1224,3843 1224,3840 1224,3839 1101,3839 1100,3840 1100,3904 1100,3904 1097,3904 1096,3904 1096,3840 1096,3839 1062,3839 1061,3839 1061,3836 1061,3835 900,3835 899,3835 899,3831 899,3830 896,3830 895,3830 895,3827 895,3826 892,3826 891,3826 891,3814 892,3813 895,3813 895,3813 895,3780 896,3779 899,3779 899,3779 899,3776 900,3775 908,3775 908,3775 908,3772 909,3771 950,3771 950,3771 950,3767 951,3766 1070,3766 1070,3766 1070,3759 1071,3758 1074,3758 1074,3758 1074,3738 1075,3737 1078,3737 1078,3737 1078,3721 1079,3720 1083,3720 1083,3720 1083,3716 1084,3715 1087,3715 1087,3715 1087,3712 1088,3711 1091,3711 1091,3711 1091,3708 1092,3707 1100,3707 1100,3707 1100,3699 1101,3698 1108,3698 1108,3698 1108,3695 1109,3694 1292,3694 1292,3695 1292,3698 1293,3698 1497,3698 1497,3698 1497,3695 1498,3694 1637,3694 1637,3695 1637,3698 1638,3698 1642,3698 1642,3699 1642,3754 1643,3754 1812,3754 1812,3754 1812,3750 1813,3749 1821,3749 1821,3750 1821,3754 1822,3754 2324,3754 2324,3754 2324,3750 2325,3749 2431,3749 2431,3749 2431,3729 2432,3728 2435,3728 2435,3728 2435,3725 2436,3724 2440,3724 2440,3724 2440,3721 2441,3720 2444,3720 2444,3720 2444,3699 2445,3698 2448,3698 2448,3698 2448,3695 2449,3694 2461,3694 2461,3695 2461,3702 2462,3702 2465,3702 2465,3703 2465,3711 2466,3711 2469,3711 2469,3712 2469,3715 2470,3715 2474,3715 2474,3716 2474,3724 2475,3724 2478,3724 2478,3725 2478,3728 2479,3728 2482,3728 2482,3729 2482,3749 2483,3749 2533,3749 2533,3750 2533,3754 2534,3754 2952,3754 2952,3754 2952,3750 2953,3749 3092,3749 3092,3749 3092,3703 3093,3702 3109,3702 3109,3703 3109,3711 3110,3711 3114,3711 3114,3712 3114,3754 3115,3754 3361,3754 3361,3754 3361,3703 3362,3702 3365,3702 3365,3702 3365,3699 3366,3698 3498,3698 3498,3699 3498,3702 3499,3702 3502,3702 3502,3703 3502,3754 3503,3754 3894,3754 3894,3754 3894,3750 3895,3749 3946,3749 3946,3749 3946,3699 3947,3698 3950,3698 3950,3698 3950,3695 3951,3694 3958,3694 3958,3694 3958,3691 3959,3690 4005,3690 4005,3690 4005,3686 4006,3685 4018,3685 4018,3686 4018,3741 4019,3741 4138,3741 4138,3742 4138,3805 4138,3805 4134,3805 4133,3806 4133,3822 4133,3822 4130,3822 4129,3823 4129,3826 4129,3826 4117,3826 4116,3827 4116,3830 4116,3830 4079,3830 4078,3831 4078,3902 4078,3902 4075,3902 4074,3902 4074,3836 4074,3835 4066,3835 4065,3836 4065,3839 4065,3839 3746,3839 3745,3840 3745,3843 3745,3843 3435,3843 3434,3844 3434,3848 3434,3848 3430,3848 3429,3849 3429,3852 3429,3852 3426,3852 3425,3852 3425,3849 3425,3848 3254,3848 3253,3849 3253,3908 3253,3908 3136,3908 3135,3909 3135,3910 3135,3910"/><TextEquiv index="1"><Unicode>“finis. Vous nous êtes rendu. Vous allez</Unicode></TextEquiv></TextLine><TextLine id="r0_l017"><Coords points="1607,4123 1591,4123 1590,4123 1590,4058 1590,4057 1519,4057 1518,4058 1518,4095 1518,4095 1510,4095 1509,4095 1509,4058 1509,4057 1318,4057 1317,4057 1317,4053 1317,4052 1092,4052 1091,4052 1091,4049 1091,4048 1088,4048 1087,4048 1087,4045 1087,4044 896,4044 895,4044 895,3998 896,3997 899,3997 899,3997 899,3989 900,3988 908,3988 908,3988 908,3985 909,3984 912,3984 912,3984 912,3981 913,3980 950,3980 950,3980 950,3977 951,3976 980,3976 980,3976 980,3925 981,3924 1087,3924 1087,3924 1087,3917 1088,3916 1091,3916 1091,3916 1091,3908 1092,3907 1096,3907 1096,3907 1096,3905 1097,3904 1100,3904 1100,3905 1100,3907 1101,3907 1104,3907 1104,3908 1104,3912 1105,3912 1108,3912 1108,3913 1108,3920 1109,3920 1113,3920 1113,3921 1113,3929 1114,3929 1117,3929 1117,3930 1117,3937 1118,3937 1121,3937 1121,3938 1121,3941 1122,3941 1125,3941 1125,3942 1125,3958 1126,3958 1172,3958 1172,3959 1172,3963 1173,3963 1663,3963 1663,3963 1663,3959 1664,3958 1676,3958 1676,3959 1676,3963 1677,3963 1983,3963 1983,3963 1983,3955 1984,3954 1987,3954 1987,3954 1987,3938 1988,3937 1992,3937 1992,3937 1992,3934 1993,3933 1996,3933 1996,3933 1996,3921 1997,3920 2000,3920 2000,3920 2000,3917 2001,3916 2009,3916 2009,3916 2009,3913 2010,3912 2013,3912 2013,3912 2013,3908 2014,3907 2026,3907 2026,3907 2026,3904 2027,3903 2038,3903 2038,3904 2038,3907 2039,3907 2047,3907 2047,3908 2047,3912 2048,3912 2051,3912 2051,3913 2051,3963 2052,3963 2188,3963 2188,3964 2188,3967 2189,3967 2546,3967 2546,3968 2546,3971 2547,3971 2550,3971 2550,3972 2550,3980 2551,3980 2849,3980 2849,3980 2849,3913 2850,3912 2853,3912 2853,3912 2853,3908 2854,3907 3254,3907 3254,3908 3254,3912 3255,3912 3259,3912 3259,3913 3259,3924 3260,3924 3263,3924 3263,3925 3263,3937 3264,3937 3267,3937 3267,3938 3267,3946 3268,3946 3272,3946 3272,3947 3272,3971 3273,3971 3489,3971 3489,3971 3489,3968 3490,3967 3498,3967 3498,3967 3498,3964 3499,3963 3502,3963 3502,3964 3502,3967 3503,3967 3805,3967 3805,3967 3805,3964 3806,3963 3873,3963 3873,3963 3873,3959 3874,3958 4022,3958 4022,3958 4022,3908 4023,3907 4027,3907 4027,3907 4027,3904 4028,3903 4031,3903 4031,3903 4031,3900 4032,3899 4035,3899 4035,3900 4035,3902 4036,3902 4078,3902 4079,3903 4082,3903 4082,3904 4082,3976 4083,3976 4133,3976 4133,3977 4133,3980 4134,3980 4138,3980 4138,3981 4138,3988 4139,3988 4142,3988 4142,3989 4142,4001 4142,4001 4139,4001 4138,4002 4138,4005 4138,4005 4134,4005 4133,4006 4133,4014 4133,4014 4087,4014 4086,4015 4086,4044 4086,4044 4045,4044 4044,4045 4044,4048 4044,4048 3895,4048 3894,4049 3894,4052 3894,4052 3789,4052 3788,4053 3788,4057 3788,4057 3738,4057 3737,4058 3737,4108 3737,4108 3733,4108 3732,4109 3732,4112 3732,4112 3699,4112 3698,4113 3698,4116 3698,4116 3695,4116 3694,4116 3694,4113 3694,4112 3686,4112 3685,4112 3685,4058 3685,4057 2931,4057 2930,4058 2930,4061 2930,4061 2927,4061 2926,4062 2926,4065 2926,4065 2918,4065 2917,4065 2917,4062 2917,4061 2914,4061 2913,4061 2913,4045 2913,4044 2598,4044 2597,4045 2597,4052 2597,4052 2594,4052 2593,4053 2593,4057 2593,4057 2470,4057 2469,4058 2469,4061 2469,4061 2253,4061 2252,4061 2252,4058 2252,4057 1609,4057 1608,4058 1608,4124 1608,4124"/><TextEquiv index="1"><Unicode>“être notre ſauveur.“ Voilà ce que di-</Unicode></TextEquiv></TextLine><TextLine id="r0_l018"><Coords points="2321,4336 2320,4336 2320,4335 2320,4334 2189,4334 2188,4334 2188,4271 2188,4270 1847,4270 1846,4271 1846,4325 1846,4325 1843,4325 1842,4326 1842,4330 1842,4330 1796,4330 1795,4330 1795,4326 1795,4325 1792,4325 1791,4325 1791,4267 1791,4266 1463,4266 1462,4267 1462,4287 1462,4287 1459,4287 1458,4288 1458,4296 1458,4296 1455,4296 1454,4297 1454,4300 1454,4300 1451,4300 1450,4301 1450,4304 1450,4304 1442,4304 1441,4305 1441,4308 1441,4308 1429,4308 1428,4308 1428,4305 1428,4304 1421,4304 1420,4304 1420,4271 1420,4270 998,4270 997,4270 997,4267 997,4266 896,4266 895,4266 895,4186 896,4185 899,4185 899,4185 899,4181 900,4180 916,4180 916,4180 916,4164 917,4163 921,4163 921,4163 921,4151 922,4150 925,4150 925,4150 925,4147 926,4146 929,4146 929,4146 929,4139 930,4138 933,4138 933,4138 933,4134 934,4133 938,4133 938,4133 938,4126 939,4125 942,4125 942,4125 942,4122 943,4121 950,4121 950,4121 950,4117 951,4116 980,4116 980,4117 980,4121 981,4121 1091,4121 1091,4122 1091,4125 1092,4125 1096,4125 1096,4126 1096,4176 1097,4176 1317,4176 1317,4176 1317,4173 1318,4172 1326,4172 1326,4173 1326,4176 1327,4176 1330,4176 1330,4177 1330,4180 1331,4180 1356,4180 1356,4181 1356,4185 1357,4185 1360,4185 1360,4186 1360,4240 1361,4240 1561,4240 1561,4240 1561,4207 1562,4206 1565,4206 1565,4206 1565,4198 1566,4197 1573,4197 1573,4197 1573,4194 1574,4193 1578,4193 1578,4193 1578,4190 1579,4189 1586,4189 1586,4189 1586,4186 1587,4185 1590,4185 1590,4185 1590,4124 1591,4123 1607,4123 1608,4125 1608,4133 1609,4133 1612,4133 1612,4134 1612,4142 1613,4142 1616,4142 1616,4143 1616,4155 1617,4155 1620,4155 1620,4156 1620,4159 1621,4159 1625,4159 1625,4160 1625,4185 1626,4185 1808,4185 1808,4185 1808,4181 1809,4180 1817,4180 1817,4180 1817,4177 1818,4176 1945,4176 1945,4177 1945,4180 1946,4180 2371,4180 2371,4180 2371,4130 2372,4129 2388,4129 2388,4130 2388,4133 2389,4133 2393,4133 2393,4134 2393,4142 2394,4142 2397,4142 2397,4143 2397,4150 2398,4150 2401,4150 2401,4151 2401,4155 2402,4155 2405,4155 2405,4156 2405,4163 2406,4163 2410,4163 2410,4164 2410,4185 2411,4185 2486,4185 2486,4186 2486,4189 2487,4189 2491,4189 2491,4190 2491,4240 2492,4240 2708,4240 2708,4240 2708,4224 2709,4223 2713,4223 2713,4223 2713,4211 2714,4210 2717,4210 2717,4210 2717,4203 2718,4202 2721,4202 2721,4202 2721,4194 2722,4193 2730,4193 2730,4193 2730,4190 2731,4189 2738,4189 2738,4189 2738,4186 2739,4185 2751,4185 2751,4185 2751,4181 2752,4180 2772,4180 2772,4180 2772,4130 2773,4129 2777,4129 2777,4129 2777,4122 2778,4121 2798,4121 2798,4122 2798,4125 2799,4125 2802,4125 2802,4126 2802,4180 2803,4180 3050,4180 3050,4180 3050,4177 3051,4176 3062,4176 3062,4177 3062,4180 3063,4180 3276,4180 3276,4180 3276,4134 3277,4133 3280,4133 3280,4133 3280,4122 3281,4121 3289,4121 3289,4122 3289,4125 3290,4125 3297,4125 3297,4126 3297,4133 3298,4133 3301,4133 3301,4134 3301,4180 3302,4180 3481,4180 3481,4180 3481,4177 3482,4176 3732,4176 3732,4176 3732,4164 3733,4163 3737,4163 3737,4163 3737,4143 3738,4142 3741,4142 3741,4142 3741,4139 3742,4138 3745,4138 3745,4138 3745,4130 3746,4129 3749,4129 3749,4129 3749,4126 3750,4125 3754,4125 3754,4125 3754,4122 3755,4121 3762,4121 3762,4121 3762,4117 3763,4116 3792,4116 3792,4117 3792,4121 3793,4121 3796,4121 3796,4122 3796,4125 3797,4125 3801,4125 3801,4126 3801,4172 3802,4172 4069,4172 4069,4172 4069,4169 4070,4168 4082,4168 4082,4168 4082,4164 4083,4163 4116,4163 4116,4163 4116,4160 4117,4159 4133,4159 4133,4160 4133,4163 4134,4163 4142,4163 4142,4164 4142,4189 4142,4189 4139,4189 4138,4190 4138,4236 4138,4236 4134,4236 4133,4237 4133,4244 4133,4244 4130,4244 4129,4245 4129,4249 4129,4249 4126,4249 4125,4250 4125,4253 4125,4253 4122,4253 4121,4254 4121,4257 4121,4257 4087,4257 4086,4258 4086,4261 4086,4261 3836,4261 3835,4262 3835,4266 3835,4266 3618,4266 3617,4267 3617,4270 3617,4270 3601,4270 3600,4271 3600,4274 3600,4274 3511,4274 3510,4275 3510,4325 3510,4325 3507,4325 3506,4326 3506,4330 3506,4330 3473,4330 3472,4330 3472,4326 3472,4325 3469,4325 3468,4325 3468,4271 3468,4270 3081,4270 3080,4271 3080,4291 3080,4291 3063,4291 3062,4291 3062,4288 3062,4287 3059,4287 3058,4287 3058,4271 3058,4270 2850,4270 2849,4271 2849,4274 2849,4274 2598,4274 2597,4275 2597,4291 2597,4291 2594,4291 2593,4292 2593,4296 2593,4296 2590,4296 2589,4297 2589,4300 2589,4300 2581,4300 2580,4301 2580,4304 2580,4304 2560,4304 2559,4304 2559,4275 2559,4274 2458,4274 2457,4274 2457,4271 2457,4270 2334,4270 2333,4271 2333,4334 2333,4334 2330,4334 2329,4335 2329,4336 2329,4336"/><TextEquiv index="1"><Unicode>ſoient, à - peu- près, ces trois perſonnes</Unicode></TextEquiv></TextLine><TextLine id="r0_l019"><Coords points="1950,4548 1949,4548 1949,4489 1949,4488 1920,4488 1919,4488 1919,4484 1919,4483 1685,4483 1684,4484 1684,4488 1684,4488 1540,4488 1539,4489 1539,4492 1539,4492 1536,4492 1535,4493 1535,4500 1535,4500 1532,4500 1531,4501 1531,4505 1531,4505 1527,4505 1526,4506 1526,4509 1526,4509 1523,4509 1522,4510 1522,4513 1522,4513 1519,4513 1518,4514 1518,4517 1518,4517 1510,4517 1509,4518 1509,4522 1509,4522 1498,4522 1497,4522 1497,4489 1497,4488 1399,4488 1398,4488 1398,4484 1398,4483 1243,4483 1122,4483 1121,4484 1121,4488 1121,4488 1118,4488 1117,4488 1117,4484 1117,4483 1105,4483 1104,4483 1104,4480 1104,4479 926,4479 925,4479 925,4476 925,4475 917,4475 916,4475 916,4471 916,4470 909,4470 908,4470 908,4467 908,4466 905,4466 904,4466 904,4463 904,4462 900,4462 899,4462 899,4454 899,4453 896,4453 895,4453 895,4429 896,4428 899,4428 899,4428 899,4425 900,4424 904,4424 904,4424 904,4420 905,4419 908,4419 908,4419 908,4412 909,4411 912,4411 912,4411 912,4407 913,4406 916,4406 916,4406 916,4403 917,4402 925,4402 925,4402 925,4399 926,4398 933,4398 933,4398 933,4395 934,4394 938,4394 938,4394 938,4390 939,4389 972,4389 972,4389 972,4356 973,4355 976,4355 976,4355 976,4352 977,4351 980,4351 980,4351 980,4343 981,4342 985,4342 985,4342 985,4339 986,4338 1002,4338 1002,4338 1002,4335 1003,4334 1270,4334 1270,4335 1270,4338 1271,4338 1275,4338 1275,4339 1275,4389 1276,4389 1352,4389 1352,4390 1352,4394 1353,4394 1428,4394 1428,4395 1428,4398 1429,4398 1433,4398 1433,4399 1433,4402 1434,4402 1437,4402 1437,4403 1437,4411 1438,4411 1441,4411 1441,4412 1441,4453 1442,4453 1633,4453 1633,4453 1633,4442 1634,4441 1637,4441 1637,4441 1637,4437 1638,4436 1642,4436 1642,4436 1642,4425 1643,4424 1646,4424 1646,4424 1646,4403 1647,4402 1650,4402 1650,4402 1650,4399 1651,4398 1659,4398 1659,4398 1659,4395 1660,4394 1928,4394 1928,4394 1928,4373 1929,4372 1932,4372 1932,4372 1932,4365 1933,4364 1936,4364 1936,4364 1936,4356 1937,4355 1940,4355 1940,4355 1940,4352 1941,4351 1945,4351 1945,4351 1945,4348 1946,4347 1949,4347 1949,4347 1949,4343 1950,4342 1953,4342 1953,4342 1953,4339 1954,4338 1962,4338 1962,4338 1962,4335 1963,4334 1987,4334 1987,4335 1987,4338 1988,4338 1992,4338 1992,4339 1992,4389 1993,4389 2017,4389 2017,4390 2017,4394 2018,4394 2273,4394 2273,4395 2273,4398 2274,4398 2320,4398 2320,4398 2320,4337 2321,4336 2329,4336 2329,4337 2329,4398 2330,4398 2721,4398 2721,4398 2721,4395 2722,4394 2725,4394 2725,4394 2725,4390 2726,4389 2730,4389 2730,4389 2730,4386 2731,4385 2742,4385 2742,4386 2742,4398 2743,4398 2947,4398 2947,4398 2947,4395 2948,4394 3156,4394 3156,4394 3156,4390 3157,4389 3165,4389 3165,4389 3165,4386 3166,4385 3173,4385 3173,4386 3173,4394 3174,4394 3395,4394 3395,4394 3395,4339 3396,4338 3404,4338 3404,4338 3404,4335 3405,4334 3476,4334 3476,4335 3476,4338 3477,4338 3481,4338 3481,4339 3481,4389 3482,4389 3549,4389 3549,4390 3549,4394 3550,4394 3775,4394 3775,4394 3775,4390 3776,4389 3937,4389 3937,4389 3937,4386 3938,4385 3941,4385 3941,4385 3941,4382 3942,4381 4065,4381 4065,4381 4065,4326 4066,4325 4069,4325 4069,4325 4069,4322 4070,4321 4078,4321 4078,4322 4078,4325 4079,4325 4082,4325 4082,4326 4082,4377 4083,4377 4121,4377 4121,4378 4121,4381 4122,4381 4125,4381 4125,4382 4125,4432 4126,4432 4129,4432 4129,4433 4129,4436 4130,4436 4133,4436 4133,4437 4133,4462 4133,4462 4109,4462 4108,4463 4108,4466 4108,4466 3968,4466 3967,4467 3967,4475 3967,4475 3964,4475 3963,4476 3963,4540 3963,4540 3947,4540 3946,4540 3946,4476 3946,4475 3806,4475 3805,4476 3805,4479 3805,4479 3665,4479 3664,4480 3664,4483 3664,4483 3349,4483 3348,4484 3348,4488 3348,4488 3337,4488 3336,4488 3336,4484 3336,4483 2756,4483 2755,4484 2755,4488 2755,4488 2731,4488 2730,4488 2730,4484 2730,4483 2479,4483 2478,4484 2478,4543 2478,4543 2475,4543 2474,4544 2474,4547 2474,4547 2453,4547 2452,4547 2452,4544 2452,4543 2428,4543 2427,4543 2427,4484 2427,4483 2185,4483 2184,4484 2184,4488 2184,4488 1960,4488 1959,4489 1959,4548 1959,4548"/><TextEquiv index="1"><Unicode>chéries, en ſe coupant mutuellement la</Unicode></TextEquiv></TextLine><TextLine id="r0_l020"><Coords points="3162,4765 3161,4765 3161,4698 3161,4697 3055,4697 3054,4698 3054,4709 3054,4709 3051,4709 3050,4710 3050,4718 3050,4718 3046,4718 3045,4719 3045,4722 3045,4722 3042,4722 3041,4723 3041,4726 3041,4726 3034,4726 3033,4727 3033,4731 3033,4731 3025,4731 3024,4732 3024,4735 3024,4735 3017,4735 3016,4735 3016,4732 3016,4731 3012,4731 3011,4731 3011,4702 3011,4701 2675,4701 2674,4702 2674,4756 2674,4756 2671,4756 2670,4757 2670,4761 2670,4761 2637,4761 2636,4761 2636,4757 2636,4756 2633,4756 2632,4756 2632,4698 2632,4697 2419,4697 2418,4698 2418,4701 2418,4701 2206,4701 2205,4702 2205,4705 2205,4705 2176,4705 2175,4705 2175,4702 2175,4701 2014,4701 2013,4702 2013,4762 2013,4762 1993,4762 1992,4762 1992,4702 1992,4701 1946,4701 1945,4701 1945,4698 1945,4697 1719,4697 1718,4698 1718,4701 1718,4701 1630,4701 1629,4702 1629,4705 1629,4705 1489,4705 1488,4706 1488,4709 1488,4709 1485,4709 1484,4710 1484,4718 1484,4718 1481,4718 1480,4719 1480,4722 1480,4722 1476,4722 1475,4723 1475,4726 1475,4726 1472,4726 1471,4727 1471,4731 1471,4731 1459,4731 1458,4732 1458,4735 1458,4735 1446,4735 1445,4735 1445,4698 1445,4697 1135,4697 1134,4698 1134,4705 1134,4705 1131,4705 1130,4705 1130,4702 1130,4701 1126,4701 1125,4701 1125,4698 1125,4697 951,4697 950,4698 950,4752 950,4752 947,4752 946,4753 946,4756 946,4756 905,4756 904,4756 904,4753 904,4752 900,4752 899,4752 899,4625 899,4624 896,4624 895,4624 895,4621 896,4620 899,4620 899,4620 899,4617 900,4616 908,4616 908,4616 908,4612 909,4611 929,4611 929,4611 929,4608 930,4607 1253,4607 1253,4607 1253,4557 1254,4556 1258,4556 1258,4556 1258,4553 1259,4552 1262,4552 1262,4552 1262,4548 1263,4547 1270,4547 1270,4547 1270,4544 1271,4543 1275,4543 1275,4544 1275,4547 1276,4547 1279,4547 1279,4548 1279,4552 1280,4552 1283,4552 1283,4553 1283,4603 1284,4603 1360,4603 1360,4604 1360,4607 1361,4607 1373,4607 1373,4608 1373,4611 1374,4611 1377,4611 1377,4612 1377,4624 1378,4624 1381,4624 1381,4625 1381,4671 1382,4671 1586,4671 1586,4671 1586,4634 1587,4633 1590,4633 1590,4633 1590,4625 1591,4624 1599,4624 1599,4624 1599,4621 1600,4620 1603,4620 1603,4620 1603,4617 1604,4616 1608,4616 1608,4616 1608,4612 1609,4611 1846,4611 1846,4611 1846,4608 1847,4607 1898,4607 1898,4607 1898,4557 1899,4556 1945,4556 1945,4556 1945,4553 1946,4552 1949,4552 1949,4552 1949,4549 1950,4548 1959,4548 1960,4547 1962,4547 1962,4548 1962,4552 1963,4552 1970,4552 1970,4553 1970,4603 1971,4603 2115,4603 2115,4604 2115,4607 2116,4607 2926,4607 2926,4607 2926,4604 2927,4603 2934,4603 2934,4604 2934,4607 2935,4607 2939,4607 2939,4608 2939,4611 2940,4611 2964,4611 2964,4612 2964,4667 2965,4667 3161,4667 3161,4667 3161,4621 3162,4620 3165,4620 3165,4620 3165,4612 3166,4611 3169,4611 3169,4611 3169,4553 3170,4552 3173,4552 3173,4552 3173,4548 3174,4547 3186,4547 3186,4548 3186,4552 3187,4552 3190,4552 3190,4553 3190,4556 3191,4556 3195,4556 3195,4557 3195,4564 3196,4564 3199,4564 3199,4565 3199,4569 3200,4569 3387,4569 3387,4569 3387,4553 3388,4552 3400,4552 3400,4552 3400,4548 3401,4547 3408,4547 3408,4548 3408,4556 3409,4556 3412,4556 3412,4557 3412,4607 3413,4607 3720,4607 3720,4607 3720,4604 3721,4603 3941,4603 3941,4603 3941,4548 3942,4547 3946,4547 3946,4547 3946,4541 3947,4540 4091,4540 4092,4539 4095,4539 4095,4539 4095,4535 4096,4534 4099,4534 4099,4534 4099,4531 4100,4530 4104,4530 4104,4530 4104,4527 4105,4526 4116,4526 4116,4527 4116,4607 4117,4607 4138,4607 4138,4608 4138,4611 4139,4611 4142,4611 4142,4612 4142,4637 4142,4637 4139,4637 4138,4638 4138,4650 4138,4650 4134,4650 4133,4651 4133,4654 4133,4654 4100,4654 4099,4655 4099,4671 4099,4671 4096,4671 4095,4672 4095,4675 4095,4675 4062,4675 4061,4676 4061,4680 4061,4680 4049,4680 4048,4681 4048,4684 4048,4684 3836,4684 3835,4685 3835,4688 3835,4688 3831,4688 3830,4689 3830,4692 3830,4692 3823,4692 3822,4693 3822,4697 3822,4697 3661,4697 3660,4698 3660,4752 3660,4752 3618,4752 3617,4752 3617,4698 3617,4697 3294,4697 3293,4698 3293,4762 3293,4762 3170,4762 3169,4763 3169,4764 3169,4764 3165,4764 3164,4765"/><TextEquiv index="1"><Unicode>parole, en s'interrompant, à chaque inſ-</Unicode></TextEquiv></TextLine><TextLine id="r0_l021"><Coords points="1984,4973 1983,4973 1983,4907 1983,4906 1741,4906 1740,4907 1740,4910 1740,4910 1438,4910 1437,4911 1437,4965 1437,4965 1429,4965 1428,4966 1428,4970 1428,4970 1425,4970 1424,4970 1424,4966 1424,4965 1408,4965 1407,4965 1407,4962 1407,4961 1404,4961 1403,4961 1403,4941 1403,4940 1284,4940 1283,4940 1283,4937 1283,4936 1280,4936 1279,4936 1279,4911 1279,4910 1199,4910 1198,4910 1198,4907 1198,4906 930,4906 929,4906 929,4902 929,4901 922,4901 921,4901 921,4898 921,4897 917,4897 916,4897 916,4834 916,4833 913,4833 912,4833 912,4826 913,4825 916,4825 916,4825 916,4821 917,4820 925,4820 925,4820 925,4817 926,4816 933,4816 933,4816 933,4813 934,4812 938,4812 938,4813 938,4816 939,4816 1185,4816 1185,4816 1185,4813 1186,4812 1194,4812 1194,4813 1194,4816 1195,4816 1219,4816 1219,4817 1219,4820 1220,4820 1983,4820 1983,4820 1983,4770 1984,4769 1987,4769 1987,4769 1987,4766 1988,4765 1992,4765 1992,4765 1992,4763 1993,4762 2013,4762 2013,4763 2013,4765 2014,4765 2017,4765 2017,4766 2017,4773 2018,4773 2021,4773 2021,4774 2021,4820 2022,4820 2060,4820 2060,4820 2060,4817 2061,4816 2081,4816 2081,4817 2081,4820 2082,4820 2273,4820 2273,4820 2273,4774 2274,4773 2277,4773 2277,4773 2277,4770 2278,4769 2282,4769 2282,4769 2282,4766 2283,4765 2299,4765 2299,4766 2299,4820 2300,4820 2538,4820 2538,4820 2538,4817 2539,4816 2542,4816 2542,4816 2542,4791 2543,4790 2546,4790 2546,4790 2546,4783 2547,4782 2550,4782 2550,4782 2550,4779 2551,4778 2555,4778 2555,4778 2555,4774 2556,4773 2563,4773 2563,4773 2563,4770 2564,4769 2610,4769 2610,4769 2610,4766 2611,4765 2623,4765 2623,4766 2623,4769 2624,4769 2644,4769 2644,4770 2644,4773 2645,4773 2649,4773 2649,4774 2649,4778 2650,4778 2653,4778 2653,4779 2653,4820 2654,4820 2892,4820 2892,4820 2892,4774 2893,4773 2896,4773 2896,4773 2896,4770 2897,4769 3156,4769 3156,4769 3156,4766 3157,4765 3164,4765 3165,4764 3280,4764 3280,4764 3280,4763 3281,4762 3293,4762 3293,4763 3293,4765 3294,4765 3297,4765 3297,4766 3297,4769 3298,4769 3301,4769 3301,4770 3301,4782 3302,4782 3306,4782 3306,4783 3306,4790 3307,4790 3310,4790 3310,4791 3310,4803 3311,4803 3314,4803 3314,4804 3314,4812 3315,4812 3395,4812 3395,4813 3395,4820 3396,4820 3762,4820 3762,4820 3762,4817 3763,4816 3779,4816 3779,4816 3779,4762 3780,4761 3784,4761 3784,4761 3784,4757 3785,4756 3796,4756 3796,4757 3796,4761 3797,4761 3801,4761 3801,4762 3801,4765 3802,4765 3805,4765 3805,4766 3805,4812 3806,4812 4031,4812 4031,4812 4031,4809 4032,4808 4074,4808 4074,4808 4074,4804 4075,4803 4116,4803 4116,4803 4116,4800 4117,4799 4121,4799 4121,4799 4121,4796 4122,4795 4133,4795 4133,4796 4133,4803 4134,4803 4138,4803 4138,4804 4138,4833 4138,4833 4134,4833 4133,4834 4133,4876 4133,4876 4130,4876 4129,4877 4129,4880 4129,4880 4126,4880 4125,4881 4125,4884 4125,4884 4117,4884 4116,4885 4116,4889 4116,4889 4113,4889 4112,4890 4112,4893 4112,4893 4087,4893 4086,4894 4086,4897 4086,4897 3887,4897 3886,4898 3886,4901 3886,4901 3870,4901 3869,4902 3869,4906 3869,4906 3516,4906 3515,4907 3515,4910 3515,4910 2965,4910 2964,4911 2964,4918 2964,4918 2957,4918 2956,4918 2956,4915 2956,4914 2662,4914 2661,4914 2661,4911 2661,4910 2313,4910 2312,4911 2312,4914 2312,4914 2300,4914 2299,4914 2299,4911 2299,4910 2065,4910 2064,4910 2064,4907 2064,4906 1997,4906 1996,4907 1996,4973 1996,4973"/><TextEquiv index="1"><Unicode>tant, pour m'embraſſer. Voilà un de ces</Unicode></TextEquiv></TextLine><TextLine id="r0_l022"><Coords points="1075,5184 1074,5184 1074,5120 1074,5119 909,5119 908,5119 908,5035 909,5034 916,5034 916,5034 916,4979 917,4978 921,4978 921,4978 921,4975 922,4974 946,4974 946,4975 946,4978 947,4978 1138,4978 1138,4979 1138,4982 1139,4982 1142,4982 1142,4983 1142,4991 1143,4991 1147,4991 1147,4992 1147,5029 1148,5029 1411,5029 1411,5030 1411,5034 1412,5034 1595,5034 1595,5034 1595,4979 1596,4978 1603,4978 1603,4978 1603,4975 1604,4974 1616,4974 1616,4975 1616,4978 1617,4978 1620,4978 1620,4979 1620,5029 1621,5029 1829,5029 1829,5029 1829,4996 1830,4995 1834,4995 1834,4995 1834,4992 1835,4991 1838,4991 1838,4991 1838,4988 1839,4987 1974,4987 1974,4987 1974,4983 1975,4982 1979,4982 1979,4982 1979,4975 1980,4974 1983,4974 1984,4973 1996,4973 1996,4974 1996,4978 1997,4978 2000,4978 2000,4979 2000,5029 2001,5029 2068,5029 2068,5030 2068,5034 2069,5034 2333,5034 2333,5034 2333,5030 2334,5029 2414,5029 2414,5029 2414,4988 2415,4987 2418,4987 2418,4987 2418,4983 2419,4982 2422,4982 2422,4982 2422,4979 2423,4978 2435,4978 2435,4979 2435,4982 2436,4982 2440,4982 2440,4983 2440,5034 2441,5034 2640,5034 2640,5034 2640,5022 2641,5021 2644,5021 2644,5021 2644,5005 2645,5004 2649,5004 2649,5004 2649,5001 2650,5000 2653,5000 2653,5000 2653,4996 2654,4995 2657,4995 2657,4995 2657,4992 2658,4991 2661,4991 2661,4991 2661,4988 2662,4987 2666,4987 2666,4987 2666,4983 2667,4982 2708,4982 2708,4982 2708,4979 2709,4978 2713,4978 2713,4978 2713,4975 2714,4974 2721,4974 2721,4974 2721,4971 2722,4970 2751,4970 2751,4971 2751,4974 2752,4974 2760,4974 2760,4975 2760,5029 2761,5029 3007,5029 3007,5029 3007,5026 3008,5025 3237,5025 3237,5025 3237,4975 3238,4974 3250,4974 3250,4974 3250,4971 3251,4970 3267,4970 3267,4971 3267,4974 3268,4974 3365,4974 3365,4975 3365,4978 3366,4978 3370,4978 3370,4979 3370,5029 3371,5029 3656,5029 3656,5029 3656,5026 3657,5025 3660,5025 3660,5025 3660,5022 3661,5021 3720,5021 3720,5021 3720,4975 3721,4974 3724,4974 3724,4974 3724,4971 3725,4970 3741,4970 3741,4971 3741,4974 3742,4974 3745,4974 3745,4975 3745,5025 3746,5025 4061,5025 4061,5025 4061,5022 4062,5021 4091,5021 4091,5022 4091,5029 4092,5029 4095,5029 4095,5030 4095,5038 4096,5038 4133,5038 4133,5039 4133,5042 4134,5042 4138,5042 4138,5043 4138,5059 4138,5059 4134,5059 4133,5060 4133,5068 4133,5068 4100,5068 4099,5069 4099,5175 4099,5175 4081,5175 4080,5176 4079,5176 4078,5176 4078,5103 4078,5102 4066,5102 4065,5103 4065,5106 4065,5106 4036,5106 4035,5107 4035,5110 4035,5110 3895,5110 3894,5111 3894,5115 3894,5115 3891,5115 3890,5116 3890,5119 3890,5119 3443,5119 3442,5120 3442,5123 3442,5123 2300,5123 2299,5124 2299,5179 2299,5179 2266,5179 2265,5180 2265,5183 2265,5183 2253,5183 2252,5183 2252,5180 2252,5179 2249,5179 2248,5179 2248,5124 2248,5123 2052,5123 2051,5123 2051,5120 2051,5119 1852,5119 1851,5120 1851,5123 1851,5123 1847,5123 1846,5124 1846,5145 1846,5145 1843,5145 1842,5146 1842,5153 1842,5153 1839,5153 1838,5154 1838,5162 1838,5162 1835,5162 1834,5163 1834,5170 1834,5170 1830,5170 1829,5171 1829,5174 1829,5174 1822,5174 1821,5174 1821,5171 1821,5170 1818,5170 1817,5170 1817,5124 1817,5123 1604,5123 1603,5123 1603,5120 1603,5119 1084,5119 1083,5120 1083,5184 1083,5184"/><TextEquiv index="1"><Unicode>inſtans de joie qui effacent bien des an-</Unicode></TextEquiv></TextLine><TextLine id="r0_l023"><Coords points="3635,5394 3634,5394 3634,5333 3634,5332 3571,5332 3570,5333 3570,5337 3570,5337 3439,5337 3438,5338 3438,5388 3438,5388 3435,5388 3434,5389 3434,5392 3434,5392 3426,5392 3425,5392 3425,5389 3425,5388 3401,5388 3400,5388 3400,5333 3400,5332 2961,5332 2960,5333 2960,5337 2960,5337 2709,5337 2708,5337 2708,5333 2708,5332 2355,5332 2354,5333 2354,5337 2354,5337 2103,5337 2102,5337 2102,5333 2102,5332 1515,5332 1514,5333 1514,5337 1514,5337 1510,5337 1509,5338 1509,5341 1509,5341 1493,5341 1492,5341 1492,5338 1492,5337 1476,5337 1475,5337 1475,5333 1475,5332 1216,5332 1215,5333 1215,5337 1215,5337 1212,5337 1211,5338 1211,5341 1211,5341 1207,5341 1206,5341 1206,5338 1206,5337 1203,5337 1202,5337 1202,5333 1202,5332 1058,5332 1057,5332 1057,5329 1057,5328 913,5328 912,5328 912,5316 913,5315 916,5315 916,5315 916,5252 917,5251 921,5251 921,5251 921,5248 922,5247 1057,5247 1057,5247 1057,5227 1058,5226 1061,5226 1061,5226 1061,5214 1062,5213 1066,5213 1066,5213 1066,5193 1067,5192 1070,5192 1070,5192 1070,5188 1071,5187 1074,5187 1074,5187 1074,5185 1075,5184 1083,5184 1083,5185 1083,5187 1084,5187 1087,5187 1087,5188 1087,5243 1088,5243 1407,5243 1407,5243 1407,5193 1408,5192 1411,5192 1411,5192 1411,5188 1412,5187 1428,5187 1428,5188 1428,5192 1429,5192 1433,5192 1433,5193 1433,5243 1434,5243 1509,5243 1509,5244 1509,5247 1510,5247 1731,5247 1731,5247 1731,5244 1732,5243 1736,5243 1736,5244 1736,5247 1737,5247 1923,5247 1923,5247 1923,5193 1924,5192 1928,5192 1928,5192 1928,5188 1929,5187 1932,5187 1932,5187 1932,5184 1933,5183 1992,5183 1992,5184 1992,5187 1993,5187 2000,5187 2000,5188 2000,5243 2001,5243 2115,5243 2115,5244 2115,5247 2116,5247 2486,5247 2486,5247 2486,5239 2487,5238 2491,5238 2491,5238 2491,5231 2492,5230 2495,5230 2495,5230 2495,5227 2496,5226 2499,5226 2499,5226 2499,5222 2500,5221 2504,5221 2504,5221 2504,5214 2505,5213 2508,5213 2508,5213 2508,5210 2509,5209 2516,5209 2516,5209 2516,5205 2517,5204 2521,5204 2521,5204 2521,5201 2522,5200 2525,5200 2525,5200 2525,5197 2526,5196 2533,5196 2533,5196 2533,5193 2534,5192 2725,5192 2725,5192 2725,5188 2726,5187 2738,5187 2738,5188 2738,5192 2739,5192 2742,5192 2742,5193 2742,5238 2743,5238 2785,5238 2785,5239 2785,5243 2786,5243 2926,5243 2926,5243 2926,5197 2927,5196 2930,5196 2930,5196 2930,5193 2931,5192 2934,5192 2934,5192 2934,5188 2935,5187 2943,5187 2943,5188 2943,5192 2944,5192 2947,5192 2947,5193 2947,5196 2948,5196 3139,5196 3139,5196 3139,5188 3140,5187 3148,5187 3148,5187 3148,5184 3149,5183 3156,5183 3156,5184 3156,5187 3157,5187 3161,5187 3161,5188 3161,5247 3162,5247 3412,5247 3412,5247 3412,5244 3413,5243 3421,5243 3421,5243 3421,5239 3422,5238 3613,5238 3613,5238 3613,5235 3614,5234 3617,5234 3617,5235 3617,5238 3618,5238 3852,5238 3852,5238 3852,5231 3853,5230 3856,5230 3856,5230 3856,5205 3857,5204 3860,5204 3860,5204 3860,5201 3861,5200 3865,5200 3865,5200 3865,5197 3866,5196 3869,5196 3869,5196 3869,5193 3870,5192 3873,5192 3873,5192 3873,5188 3874,5187 3877,5187 3877,5187 3877,5184 3878,5183 4031,5183 4031,5183 4031,5180 4032,5179 4078,5179 4078,5179 4078,5177 4079,5176 4080,5176 4081,5175 4099,5175 4099,5176 4099,5251 4100,5251 4138,5251 4138,5252 4138,5268 4138,5268 4134,5268 4133,5269 4133,5273 4133,5273 4113,5273 4112,5274 4112,5277 4112,5277 4087,5277 4086,5278 4086,5311 4086,5311 4079,5311 4078,5312 4078,5315 4078,5315 4045,5315 4044,5316 4044,5320 4044,5320 4006,5320 4005,5321 4005,5324 4005,5324 3925,5324 3924,5325 3924,5328 3924,5328 3712,5328 3711,5329 3711,5332 3711,5332 3661,5332 3660,5333 3660,5394 3660,5394"/><TextEquiv index="1"><Unicode>nées de malheur. C'étoit la pure ſatiſ-</Unicode></TextEquiv></TextLine><TextLine id="r0_l024"><Coords points="3307,5605 3306,5605 3306,5602 3306,5601 3298,5601 3297,5601 3297,5598 3297,5597 3294,5597 3293,5597 3293,5547 3293,5546 3102,5546 3101,5547 3101,5550 3101,5550 2889,5550 2888,5550 2888,5547 2888,5546 2743,5546 2742,5547 2742,5576 2742,5576 2739,5576 2738,5577 2738,5580 2738,5580 2735,5580 2734,5581 2734,5584 2734,5584 2726,5584 2725,5585 2725,5588 2725,5588 2697,5588 2696,5588 2696,5585 2696,5584 2679,5584 2678,5584 2678,5581 2678,5580 2671,5580 2670,5580 2670,5577 2670,5576 2658,5576 2657,5576 2657,5572 2657,5571 2654,5571 2653,5571 2653,5564 2653,5563 2650,5563 2649,5563 2649,5555 2649,5554 2645,5554 2644,5554 2644,5551 2644,5550 2321,5550 2320,5550 2320,5547 2320,5546 2095,5546 2094,5547 2094,5550 2094,5550 2082,5550 2081,5550 2081,5547 2081,5546 1451,5546 1450,5546 1450,5542 1450,5541 1246,5541 1245,5542 1245,5603 1245,5603 1242,5603 1241,5603 1241,5542 1241,5541 926,5541 925,5542 925,5546 925,5546 917,5546 916,5546 916,5470 917,5469 921,5469 921,5469 921,5466 922,5465 929,5465 929,5465 929,5461 930,5460 933,5460 933,5460 933,5440 934,5439 938,5439 938,5439 938,5427 939,5426 942,5426 942,5426 942,5419 943,5418 946,5418 946,5418 946,5414 947,5413 950,5413 950,5413 950,5406 951,5405 955,5405 955,5405 955,5402 956,5401 959,5401 959,5401 959,5397 960,5396 963,5396 963,5396 963,5393 964,5392 997,5392 997,5393 997,5396 998,5396 1002,5396 1002,5397 1002,5401 1003,5401 1006,5401 1006,5402 1006,5405 1007,5405 1224,5405 1224,5405 1224,5402 1225,5401 1228,5401 1228,5401 1228,5397 1229,5396 1232,5396 1232,5397 1232,5401 1233,5401 1241,5401 1241,5402 1241,5405 1242,5405 1245,5405 1245,5406 1245,5452 1246,5452 1313,5452 1313,5453 1313,5456 1314,5456 1599,5456 1599,5456 1599,5402 1600,5401 1608,5401 1608,5401 1608,5397 1609,5396 1838,5396 1838,5397 1838,5456 1839,5456 2184,5456 2184,5456 2184,5453 2185,5452 2324,5452 2324,5453 2324,5456 2325,5456 2589,5456 2589,5456 2589,5449 2590,5448 2593,5448 2593,5448 2593,5440 2594,5439 2597,5439 2597,5439 2597,5431 2598,5430 2602,5430 2602,5430 2602,5427 2603,5426 2606,5426 2606,5426 2606,5423 2607,5422 2610,5422 2610,5422 2610,5419 2611,5418 2614,5418 2614,5418 2614,5414 2615,5413 2623,5413 2623,5413 2623,5410 2624,5409 2632,5409 2632,5409 2632,5406 2633,5405 2644,5405 2644,5405 2644,5402 2645,5401 2683,5401 2683,5402 2683,5405 2684,5405 2691,5405 2691,5406 2691,5409 2692,5409 2704,5409 2704,5410 2704,5413 2705,5413 2708,5413 2708,5414 2708,5418 2709,5418 2713,5418 2713,5419 2713,5422 2714,5422 2717,5422 2717,5423 2717,5426 2718,5426 2721,5426 2721,5427 2721,5435 2722,5435 2725,5435 2725,5436 2725,5439 2726,5439 2730,5439 2730,5440 2730,5456 2731,5456 3011,5456 3011,5456 3011,5410 3012,5409 3016,5409 3016,5409 3016,5402 3017,5401 3028,5401 3028,5401 3028,5397 3029,5396 3037,5396 3037,5397 3037,5401 3038,5401 3041,5401 3041,5402 3041,5456 3042,5456 3387,5456 3387,5456 3387,5410 3388,5409 3391,5409 3391,5409 3391,5406 3392,5405 3400,5405 3400,5405 3400,5402 3401,5401 3536,5401 3536,5401 3536,5397 3537,5396 3634,5396 3634,5396 3634,5395 3635,5394 3660,5394 3660,5395 3660,5396 3661,5396 3664,5396 3664,5397 3664,5452 3665,5452 3929,5452 3929,5452 3929,5440 3930,5439 3933,5439 3933,5439 3933,5423 3934,5422 3937,5422 3937,5422 3937,5419 3938,5418 3941,5418 3941,5418 3941,5406 3942,5405 3946,5405 3946,5405 3946,5402 3947,5401 3950,5401 3950,5401 3950,5397 3951,5396 3958,5396 3958,5396 3958,5393 3959,5392 3963,5392 3963,5392 3963,5389 3964,5388 3984,5388 3984,5389 3984,5392 3985,5392 3988,5392 3988,5393 3988,5430 3989,5430 4116,5430 4116,5431 4116,5435 4117,5435 4129,5435 4129,5436 4129,5439 4130,5439 4133,5439 4133,5440 4133,5443 4133,5443 4130,5443 4129,5444 4129,5512 4129,5512 4126,5512 4125,5513 4125,5516 4125,5516 4122,5516 4121,5517 4121,5520 4121,5520 4096,5520 4095,5521 4095,5524 4095,5524 4066,5524 4065,5525 4065,5529 4065,5529 4023,5529 4022,5530 4022,5533 4022,5533 4015,5533 4014,5534 4014,5537 4014,5537 3797,5537 3796,5538 3796,5541 3796,5541 3789,5541 3788,5542 3788,5546 3788,5546 3780,5546 3779,5547 3779,5550 3779,5550 3776,5550 3775,5550 3775,5547 3775,5546 3759,5546 3758,5546 3758,5542 3758,5541 3503,5541 3502,5542 3502,5546 3502,5546 3332,5546 3331,5547 3331,5601 3331,5601 3328,5601 3327,5602 3327,5605 3327,5605"/><TextEquiv index="1"><Unicode>faction de la vertu. Que les plaiſirs ſont</Unicode></TextEquiv></TextLine><TextLine id="r0_l025"><Coords points="3401,5824 3400,5824 3400,5794 3400,5793 3383,5793 3382,5793 3382,5790 3382,5789 3375,5789 3374,5789 3374,5777 3374,5776 3337,5776 3336,5776 3336,5773 3336,5772 3332,5772 3331,5772 3331,5760 3331,5759 3162,5759 3161,5760 3161,5793 3161,5793 3157,5793 3156,5794 3156,5797 3156,5797 3149,5797 3148,5798 3148,5802 3148,5802 3145,5802 3144,5802 3144,5798 3144,5797 3140,5797 3139,5797 3139,5760 3139,5759 3085,5759 3084,5760 3084,5822 3084,5822 3076,5822 3075,5822 3075,5760 3075,5759 2910,5759 2909,5760 2909,5763 2909,5763 2731,5763 2730,5763 2730,5760 2730,5759 1988,5759 1987,5760 1987,5814 1987,5814 1980,5814 1979,5815 1979,5819 1979,5819 1946,5819 1945,5819 1945,5756 1945,5755 1566,5755 1565,5756 1565,5759 1565,5759 1370,5759 1369,5759 1369,5756 1369,5755 939,5755 938,5755 938,5751 938,5750 930,5750 929,5750 929,5747 929,5746 926,5746 925,5746 925,5730 925,5729 922,5729 921,5729 921,5636 922,5635 925,5635 925,5635 925,5632 926,5631 933,5631 933,5631 933,5628 934,5627 942,5627 942,5627 942,5623 943,5622 950,5622 950,5622 950,5619 951,5618 972,5618 972,5618 972,5615 973,5614 985,5614 985,5614 985,5611 986,5610 1160,5610 1160,5610 1160,5606 1161,5605 1172,5605 1172,5605 1172,5602 1173,5601 1198,5601 1198,5602 1198,5603 1199,5603 1245,5603 1245,5604 1245,5605 1246,5605 1249,5605 1249,5606 1249,5661 1250,5661 1326,5661 1326,5662 1326,5665 1327,5665 1394,5665 1394,5666 1394,5669 1395,5669 1714,5669 1714,5669 1714,5641 1715,5640 1718,5640 1718,5640 1718,5628 1719,5627 1740,5627 1740,5627 1740,5623 1741,5622 1761,5622 1761,5623 1761,5627 1762,5627 1765,5627 1765,5628 1765,5631 1766,5631 1770,5631 1770,5632 1770,5657 1771,5657 1834,5657 1834,5658 1834,5661 1835,5661 1838,5661 1838,5662 1838,5665 1839,5665 2038,5665 2038,5665 2038,5619 2039,5618 2043,5618 2043,5618 2043,5615 2044,5614 2051,5614 2051,5614 2051,5611 2052,5610 2064,5610 2064,5610 2064,5606 2065,5605 2068,5605 2068,5606 2068,5610 2069,5610 2073,5610 2073,5611 2073,5669 2074,5669 2346,5669 2346,5669 2346,5645 2347,5644 2350,5644 2350,5644 2350,5636 2351,5635 2354,5635 2354,5635 2354,5632 2355,5631 2358,5631 2358,5631 2358,5623 2359,5622 2363,5622 2363,5622 2363,5619 2364,5618 2367,5618 2367,5618 2367,5615 2368,5614 2371,5614 2371,5614 2371,5611 2372,5610 2384,5610 2384,5610 2384,5606 2385,5605 2572,5605 2572,5606 2572,5610 2573,5610 2678,5610 2678,5611 2678,5669 2679,5669 2888,5669 2888,5669 2888,5632 2889,5631 2892,5631 2892,5631 2892,5628 2893,5627 2896,5627 2896,5627 2896,5623 2897,5622 3058,5622 3058,5622 3058,5619 3059,5618 3062,5618 3062,5618 3062,5615 3063,5614 3092,5614 3092,5614 3092,5611 3093,5610 3097,5610 3097,5611 3097,5614 3098,5614 3105,5614 3105,5615 3105,5618 3106,5618 3310,5618 3310,5619 3310,5627 3311,5627 3314,5627 3314,5628 3314,5716 3315,5716 3519,5716 3519,5716 3519,5632 3519,5631 3516,5631 3515,5631 3515,5628 3515,5627 3511,5627 3510,5627 3510,5615 3510,5614 3507,5614 3506,5614 3506,5611 3506,5610 3503,5610 3502,5610 3502,5606 3503,5605 3506,5605 3506,5605 3506,5602 3507,5601 3510,5601 3510,5602 3510,5605 3511,5605 3515,5605 3515,5606 3515,5610 3516,5610 3536,5610 3536,5611 3536,5622 3537,5622 3540,5622 3540,5623 3540,5669 3541,5669 3848,5669 3848,5669 3848,5666 3849,5665 3924,5665 3924,5665 3924,5662 3925,5661 3984,5661 3984,5661 3984,5658 3985,5657 4069,5657 4069,5657 4069,5653 4070,5652 4074,5652 4074,5653 4074,5704 4075,5704 4116,5704 4116,5705 4116,5708 4117,5708 4129,5708 4129,5709 4129,5746 4129,5746 4126,5746 4125,5747 4125,5755 4125,5755 4122,5755 4121,5756 4121,5759 4121,5759 4117,5759 4116,5760 4116,5768 4116,5768 4109,5768 4108,5768 4108,5751 4108,5750 3878,5750 3877,5751 3877,5755 3877,5755 3870,5755 3869,5756 3869,5759 3869,5759 3669,5759 3668,5760 3668,5768 3668,5768 3665,5768 3664,5769 3664,5780 3664,5780 3661,5780 3660,5781 3660,5785 3660,5785 3657,5785 3656,5785 3656,5773 3656,5772 3652,5772 3651,5772 3651,5760 3651,5759 3422,5759 3421,5760 3421,5763 3421,5763 3418,5763 3417,5764 3417,5824 3417,5824"/><TextEquiv index="1"><Unicode>différens &amp; plus foibles! Oui, la vertu</Unicode></TextEquiv></TextLine><TextLine id="r0_l026"><Coords points="2940,6037 2939,6037 2939,5978 2939,5977 2756,5977 2755,5978 2755,5989 2755,5989 2752,5989 2751,5990 2751,6002 2751,6002 2748,6002 2747,6003 2747,6011 2747,6011 2743,6011 2742,6012 2742,6015 2742,6015 2739,6015 2738,6016 2738,6024 2738,6024 2735,6024 2734,6025 2734,6028 2734,6028 2607,6028 2606,6028 2606,6025 2606,6024 2603,6024 2602,6024 2602,5973 2602,5972 2095,5972 2094,5973 2094,5977 2094,5977 2086,5977 2085,5977 2085,5973 2085,5972 1920,5972 1919,5973 1919,6037 1919,6037 1903,6037 1902,6037 1902,5973 1902,5972 1843,5972 1842,5973 1842,5994 1842,5994 1839,5994 1838,5995 1838,6002 1838,6002 1835,6002 1834,6003 1834,6011 1834,6011 1830,6011 1829,6012 1829,6019 1829,6019 1826,6019 1825,6020 1825,6024 1825,6024 1813,6024 1812,6024 1812,6020 1812,6019 1809,6019 1808,6019 1808,6012 1808,6011 1681,6011 1680,6011 1680,5973 1680,5972 1361,5972 1360,5972 1360,5969 1360,5968 1037,5968 943,5968 942,5969 942,5972 942,5972 939,5972 938,5972 938,5969 938,5968 922,5968 921,5968 921,5956 922,5955 925,5955 925,5955 925,5888 926,5887 942,5887 942,5887 942,5884 943,5883 1202,5883 1202,5883 1202,5879 1203,5878 1249,5878 1249,5879 1249,5883 1250,5883 1608,5883 1608,5883 1608,5828 1609,5827 1612,5827 1612,5827 1612,5824 1613,5823 1629,5823 1629,5824 1629,5827 1630,5827 1633,5827 1633,5828 1633,5887 1634,5887 1817,5887 1817,5887 1817,5850 1818,5849 1821,5849 1821,5849 1821,5845 1822,5844 1825,5844 1825,5844 1825,5841 1826,5840 2026,5840 2026,5840 2026,5828 2027,5827 2030,5827 2030,5827 2030,5824 2031,5823 2051,5823 2051,5824 2051,5874 2052,5874 2243,5874 2243,5874 2243,5862 2244,5861 2248,5861 2248,5861 2248,5854 2249,5853 2252,5853 2252,5853 2252,5841 2253,5840 2256,5840 2256,5840 2256,5837 2257,5836 2260,5836 2260,5836 2260,5833 2261,5832 2265,5832 2265,5832 2265,5828 2266,5827 2269,5827 2269,5827 2269,5824 2270,5823 2303,5823 2303,5824 2303,5827 2304,5827 2307,5827 2307,5828 2307,5883 2308,5883 2521,5883 2521,5884 2521,5887 2522,5887 2730,5887 2730,5887 2730,5854 2731,5853 2734,5853 2734,5853 2734,5845 2735,5844 2738,5844 2738,5844 2738,5841 2739,5840 2777,5840 2777,5840 2777,5824 2778,5823 2785,5823 2785,5823 2785,5820 2786,5819 2802,5819 2802,5820 2802,5823 2803,5823 3075,5823 3076,5822 3084,5822 3085,5823 3088,5823 3088,5824 3088,5836 3089,5836 3092,5836 3092,5837 3092,5883 3093,5883 3387,5883 3387,5883 3387,5862 3388,5861 3391,5861 3391,5861 3391,5854 3392,5853 3395,5853 3395,5853 3395,5837 3396,5836 3400,5836 3400,5836 3400,5825 3401,5824 3417,5824 3417,5825 3417,5883 3418,5883 3818,5883 3818,5883 3818,5879 3819,5878 3950,5878 3950,5878 3950,5875 3951,5874 3997,5874 3997,5874 3997,5820 3998,5819 4001,5819 4001,5819 4001,5815 4002,5814 4040,5814 4040,5814 4040,5811 4041,5810 4052,5810 4052,5811 4052,5853 4053,5853 4057,5853 4057,5854 4057,5857 4058,5857 4099,5857 4099,5858 4099,5861 4100,5861 4104,5861 4104,5862 4104,5866 4105,5866 4108,5866 4108,5867 4108,5904 4109,5904 4133,5904 4133,5905 4133,5913 4134,5913 4138,5913 4138,5914 4138,5930 4138,5930 4134,5930 4133,5931 4133,5938 4133,5938 4105,5938 4104,5939 4104,5942 4104,5942 4100,5942 4099,5943 4099,5947 4099,5947 4096,5947 4095,5948 4095,5951 4095,5951 4053,5951 4052,5952 4052,5955 4052,5955 4006,5955 4005,5956 4005,5960 4005,5960 3964,5960 3963,5961 3963,5964 3963,5964 3840,5964 3839,5965 3839,5968 3839,5968 3767,5968 3766,5969 3766,5972 3766,5972 3541,5972 3540,5973 3540,6032 3540,6032 3494,6032 3493,6032 3493,5973 3493,5972 3375,5972 3374,5973 3374,6034 3374,6034 3371,6034 3370,6034 3370,5973 3370,5972 2948,5972 2947,5973 2947,6037 2947,6037"/><TextEquiv index="1"><Unicode>mon ami, je la ſens; j'étois né pour elle.</Unicode></TextEquiv></TextLine><TextLine id="r0_l027"><Coords points="2270,6251 2269,6251 2269,6191 2269,6190 2138,6190 2137,6190 2137,6187 2137,6186 2027,6186 2026,6186 2026,6182 2026,6181 1557,6181 1556,6182 1556,6186 1556,6186 1152,6186 1151,6186 1151,6182 1151,6181 1148,6181 1147,6181 1147,6178 1147,6177 1143,6177 1142,6177 1142,6161 1143,6160 1147,6160 1147,6160 1147,6153 1148,6152 1155,6152 1155,6152 1155,6148 1156,6147 1164,6147 1164,6147 1164,6042 1165,6041 1172,6041 1172,6041 1172,6037 1173,6036 1177,6036 1177,6037 1177,6041 1178,6041 1211,6041 1211,6042 1211,6045 1212,6045 1219,6045 1219,6046 1219,6092 1220,6092 1445,6092 1445,6092 1445,6042 1446,6041 1450,6041 1450,6041 1450,6037 1451,6036 1462,6036 1462,6037 1462,6041 1463,6041 1467,6041 1467,6042 1467,6045 1468,6045 1471,6045 1471,6046 1471,6079 1472,6079 1616,6079 1616,6080 1616,6083 1617,6083 1629,6083 1629,6084 1629,6088 1630,6088 1637,6088 1637,6089 1637,6092 1638,6092 1893,6092 1893,6092 1893,6046 1894,6045 1898,6045 1898,6045 1898,6042 1899,6041 1902,6041 1902,6041 1902,6038 1903,6037 2056,6037 2057,6036 2077,6036 2077,6037 2077,6041 2078,6041 2081,6041 2081,6042 2081,6062 2082,6062 2085,6062 2085,6063 2085,6096 2086,6096 2277,6096 2277,6096 2277,6046 2278,6045 2282,6045 2282,6045 2282,6042 2283,6041 2290,6041 2290,6041 2290,6037 2291,6036 2303,6036 2303,6037 2303,6041 2304,6041 2307,6041 2307,6042 2307,6045 2308,6045 2346,6045 2346,6046 2346,6049 2347,6049 2350,6049 2350,6050 2350,6053 2351,6053 2354,6053 2354,6054 2354,6066 2355,6066 2358,6066 2358,6067 2358,6096 2359,6096 2828,6096 2828,6096 2828,6093 2829,6092 2836,6092 2836,6093 2836,6096 2837,6096 2939,6096 2939,6096 2939,6038 2940,6037 3058,6037 3059,6036 3370,6036 3370,6036 3370,6035 3371,6034 3374,6034 3374,6035 3374,6092 3375,6092 3549,6092 3549,6092 3549,6089 3550,6088 3553,6088 3553,6088 3553,6084 3554,6083 3562,6083 3562,6084 3562,6092 3563,6092 3933,6092 3933,6092 3933,6033 3934,6032 3941,6032 3941,6032 3941,6029 3942,6028 3946,6028 3946,6029 3946,6032 3947,6032 3950,6032 3950,6033 3950,6045 3951,6045 3954,6045 3954,6046 3954,6058 3955,6058 3958,6058 3958,6059 3958,6066 3959,6066 3963,6066 3963,6067 3963,6070 3964,6070 3967,6070 3967,6071 3967,6075 3968,6075 4078,6075 4078,6076 4078,6079 4079,6079 4082,6079 4082,6080 4082,6088 4083,6088 4086,6088 4086,6089 4086,6092 4087,6092 4091,6092 4091,6093 4091,6126 4092,6126 4133,6126 4133,6127 4133,6181 4133,6181 4130,6181 4129,6182 4129,6232 4129,6232 4117,6232 4116,6232 4116,6178 4116,6177 3861,6177 3860,6178 3860,6181 3860,6181 3699,6181 3698,6182 3698,6186 3698,6186 3563,6186 3562,6187 3562,6241 3562,6241 3554,6241 3553,6242 3553,6245 3553,6245 3550,6245 3549,6246 3549,6247 3549,6247 3546,6247 3545,6247 3545,6187 3545,6186 3358,6186 3357,6187 3357,6247 3357,6247 3345,6247 3344,6247 3344,6187 3344,6186 3281,6186 3280,6187 3280,6190 3280,6190 3268,6190 3267,6190 3267,6187 3267,6186 2859,6186 2858,6187 2858,6190 2858,6190 2850,6190 2849,6191 2849,6194 2849,6194 2837,6194 2836,6194 2836,6191 2836,6190 2611,6190 2610,6191 2610,6211 2610,6211 2607,6211 2606,6212 2606,6228 2606,6228 2603,6228 2602,6229 2602,6233 2602,6233 2598,6233 2597,6234 2597,6237 2597,6237 2594,6237 2593,6238 2593,6241 2593,6241 2590,6241 2589,6242 2589,6245 2589,6245 2560,6245 2559,6246 2559,6250 2559,6250 2551,6250 2550,6250 2550,6246 2550,6245 2534,6245 2533,6245 2533,6242 2533,6241 2530,6241 2529,6241 2529,6234 2529,6233 2526,6233 2525,6233 2525,6187 2525,6186 2291,6186 2290,6187 2290,6190 2290,6190 2283,6190 2282,6191 2282,6251 2282,6251"/><TextEquiv index="1"><Unicode>Je donnai de l'argent à la bonne mère,</Unicode></TextEquiv></TextLine><TextLine id="r0_l028"><Coords points="1468,6459 1467,6459 1467,6455 1467,6454 1451,6454 1450,6454 1450,6400 1450,6399 1156,6399 1155,6399 1155,6396 1155,6395 981,6395 980,6396 980,6446 980,6446 977,6446 976,6447 976,6450 976,6450 969,6450 968,6451 968,6454 968,6454 947,6454 946,6455 946,6458 946,6458 943,6458 942,6458 942,6455 942,6454 934,6454 933,6454 933,6310 934,6309 938,6309 938,6309 938,6306 939,6305 1253,6305 1253,6306 1253,6309 1254,6309 1608,6309 1608,6309 1608,6259 1609,6258 1740,6258 1740,6258 1740,6255 1741,6254 1744,6254 1744,6254 1744,6251 1745,6250 1761,6250 1761,6251 1761,6254 1762,6254 1817,6254 1817,6255 1817,6258 1818,6258 1821,6258 1821,6259 1821,6305 1822,6305 1889,6305 1889,6306 1889,6309 1890,6309 1898,6309 1898,6310 1898,6314 1899,6314 2141,6314 2141,6314 2141,6255 2142,6254 2149,6254 2149,6254 2149,6251 2150,6250 2218,6250 2219,6251 2282,6251 2282,6252 2282,6254 2283,6254 2286,6254 2286,6255 2286,6262 2287,6262 2290,6262 2290,6263 2290,6280 2291,6280 2294,6280 2294,6281 2294,6288 2295,6288 2299,6288 2299,6289 2299,6309 2300,6309 2346,6309 2346,6310 2346,6314 2347,6314 2367,6314 2367,6315 2367,6318 2368,6318 2614,6318 2614,6318 2614,6315 2615,6314 2798,6314 2798,6314 2798,6310 2799,6309 3114,6309 3114,6309 3114,6259 3115,6258 3118,6258 3118,6258 3118,6255 3119,6254 3126,6254 3126,6254 3126,6251 3127,6250 3135,6250 3135,6251 3135,6254 3136,6254 3139,6254 3139,6255 3139,6305 3140,6305 3340,6305 3340,6305 3340,6255 3341,6254 3344,6254 3344,6254 3344,6248 3345,6247 3357,6247 3357,6248 3357,6250 3358,6250 3545,6250 3545,6250 3545,6248 3546,6247 3690,6247 3690,6247 3690,6246 3691,6245 3698,6245 3698,6246 3698,6250 3699,6250 3702,6250 3702,6251 3702,6254 3703,6254 3707,6254 3707,6255 3707,6305 3708,6305 3924,6305 3924,6305 3924,6302 3925,6301 3984,6301 3984,6301 3984,6298 3985,6297 4018,6297 4018,6297 4018,6293 4019,6292 4069,6292 4069,6292 4069,6289 4070,6288 4074,6288 4074,6288 4074,6285 4075,6284 4112,6284 4112,6284 4112,6281 4113,6280 4116,6280 4116,6280 4116,6233 4117,6232 4129,6232 4129,6233 4129,6271 4130,6271 4133,6271 4133,6272 4133,6314 4134,6314 4138,6314 4138,6315 4138,6348 4139,6348 4142,6348 4142,6349 4142,6352 4142,6352 4139,6352 4138,6353 4138,6356 4138,6356 4134,6356 4133,6357 4133,6361 4133,6361 4100,6361 4099,6362 4099,6365 4099,6365 4096,6365 4095,6366 4095,6369 4095,6369 4045,6369 4044,6370 4044,6373 4044,6373 4036,6373 4035,6374 4035,6378 4035,6378 4028,6378 4027,6379 4027,6447 4027,6447 4024,6447 4023,6448 4019,6448 4018,6448 4018,6379 4018,6378 3977,6378 3976,6379 3976,6437 3976,6437 3972,6437 3971,6438 3971,6442 3971,6442 3955,6442 3954,6443 3954,6446 3954,6446 3934,6446 3933,6446 3933,6443 3933,6442 3930,6442 3929,6442 3929,6400 3929,6399 3648,6399 3647,6399 3647,6396 3647,6395 3601,6395 3405,6395 3404,6396 3404,6399 3404,6399 2820,6399 2819,6400 2819,6403 2819,6403 2637,6403 2636,6403 2636,6400 2636,6399 2381,6399 2380,6400 2380,6446 2380,6446 2377,6446 2376,6447 2376,6450 2376,6450 2368,6450 2367,6450 2367,6443 2367,6442 2364,6442 2363,6442 2363,6404 2363,6403 2342,6403 2341,6403 2341,6400 2341,6399 2112,6399 2111,6400 2111,6403 2111,6403 2057,6403 2056,6403 2056,6400 2056,6399 1690,6399 1689,6400 1689,6403 1689,6403 1673,6403 1672,6403 1672,6400 1672,6399 1502,6399 1501,6400 1501,6454 1501,6454 1472,6454 1471,6455 1471,6459 1471,6459"/><TextEquiv index="1"><Unicode>pour qu'elle allât nous acheter de quoi</Unicode></TextEquiv></TextLine><TextLine id="r0_l029"><Coords points="1203,6698 1202,6698 1202,6694 1202,6693 1199,6693 1198,6693 1198,6613 1198,6612 1037,6612 1036,6612 1036,6609 1036,6608 934,6608 933,6608 933,6605 933,6604 930,6604 929,6604 929,6596 930,6595 933,6595 933,6595 933,6528 934,6527 938,6527 938,6527 938,6524 939,6523 942,6523 942,6523 942,6459 943,6458 946,6458 946,6459 946,6518 947,6518 955,6518 955,6518 955,6511 956,6510 959,6510 959,6510 959,6498 960,6497 963,6497 963,6497 963,6490 964,6489 968,6489 968,6489 968,6481 969,6480 972,6480 972,6480 972,6477 973,6476 976,6476 976,6476 976,6468 977,6467 985,6467 985,6467 985,6464 986,6463 993,6463 993,6463 993,6460 994,6459 1019,6459 1019,6460 1019,6463 1020,6463 1023,6463 1023,6464 1023,6518 1024,6518 1420,6518 1420,6519 1420,6523 1421,6523 1761,6523 1761,6523 1761,6468 1762,6467 1821,6467 1821,6467 1821,6464 1822,6463 1834,6463 1834,6464 1834,6472 1835,6472 1838,6472 1838,6473 1838,6523 1839,6523 2188,6523 2188,6524 2188,6527 2189,6527 2593,6527 2593,6527 2593,6473 2594,6472 2597,6472 2597,6472 2597,6468 2598,6467 2606,6467 2606,6467 2606,6464 2607,6463 2619,6463 2619,6464 2619,6467 2620,6467 2768,6467 2768,6468 2768,6472 2769,6472 2772,6472 2772,6473 2772,6518 2773,6518 2819,6518 2819,6519 2819,6523 2820,6523 3148,6523 3148,6523 3148,6519 3149,6518 3250,6518 3250,6518 3250,6473 3251,6472 3254,6472 3254,6472 3254,6468 3255,6467 3301,6467 3301,6467 3301,6464 3302,6463 3314,6463 3314,6464 3314,6523 3315,6523 3711,6523 3711,6523 3711,6519 3712,6518 3954,6518 3954,6518 3954,6515 3955,6514 3980,6514 3980,6514 3980,6511 3981,6510 4014,6510 4014,6510 4014,6455 4015,6454 4018,6454 4018,6454 4018,6449 4019,6448 4023,6448 4024,6447 4027,6447 4027,6448 4027,6450 4028,6450 4031,6450 4031,6451 4031,6489 4032,6489 4142,6489 4142,6490 4142,6501 4143,6501 4146,6501 4146,6502 4146,6557 4146,6557 4143,6557 4142,6558 4142,6595 4142,6595 4139,6595 4138,6596 4138,6604 4138,6604 4130,6604 4129,6604 4129,6601 4129,6600 4126,6600 4125,6600 4125,6596 4125,6595 3883,6595 3882,6596 3882,6604 3882,6604 3878,6604 3877,6605 3877,6608 3877,6608 3712,6608 3711,6609 3711,6612 3711,6612 2991,6612 2990,6613 2990,6668 2990,6668 2987,6668 2986,6669 2986,6672 2986,6672 2948,6672 2947,6672 2947,6618 2947,6617 2526,6617 2525,6618 2525,6677 2525,6677 2517,6677 2516,6677 2516,6618 2516,6617 2223,6617 2222,6618 2222,6677 2222,6677 2210,6677 2209,6677 2209,6618 2209,6617 1570,6617 1569,6618 1569,6629 1569,6629 1566,6629 1565,6630 1565,6638 1565,6638 1562,6638 1561,6639 1561,6646 1561,6646 1557,6646 1556,6647 1556,6651 1556,6651 1553,6651 1552,6652 1552,6655 1552,6655 1549,6655 1548,6656 1548,6659 1548,6659 1545,6659 1544,6660 1544,6664 1544,6664 1532,6664 1531,6664 1531,6660 1531,6659 1527,6659 1526,6659 1526,6613 1526,6612 1250,6612 1249,6613 1249,6668 1249,6668 1246,6668 1245,6669 1245,6672 1245,6672 1229,6672 1228,6673 1228,6676 1228,6676 1225,6676 1224,6677 1224,6689 1224,6689 1220,6689 1219,6690 1219,6698 1219,6698"/><TextEquiv index="1"><Unicode>ſouper; elle ne vouloit pas le recevoir</Unicode></TextEquiv></TextLine><TextLine id="r0_l030"><Coords points="2035,6894 2034,6894 2034,6891 2034,6890 2018,6890 2017,6890 2017,6886 2017,6885 2014,6885 2013,6885 2013,6827 2013,6826 1796,6826 1795,6827 1795,6830 1795,6830 1783,6830 1782,6831 1782,6834 1782,6834 1775,6834 1774,6834 1774,6831 1774,6830 1762,6830 1761,6830 1761,6827 1761,6826 1536,6826 1535,6827 1535,6830 1535,6830 1523,6830 1522,6831 1522,6834 1522,6834 1455,6834 1454,6835 1454,6838 1454,6838 1451,6838 1450,6839 1450,6847 1450,6847 1446,6847 1445,6848 1445,6864 1445,6864 1442,6864 1441,6865 1441,6873 1441,6873 1438,6873 1437,6874 1437,6881 1437,6881 1434,6881 1433,6882 1433,6885 1433,6885 1417,6885 1416,6885 1416,6831 1416,6830 1118,6830 1117,6830 1117,6827 1117,6826 947,6826 946,6826 946,6822 946,6821 943,6821 942,6821 942,6810 942,6809 939,6809 938,6809 938,6793 939,6792 942,6792 942,6792 942,6733 943,6732 946,6732 946,6732 946,6729 947,6728 1219,6728 1219,6729 1219,6732 1220,6732 1288,6732 1288,6733 1288,6736 1289,6736 1292,6736 1292,6737 1292,6740 1293,6740 1428,6740 1428,6740 1428,6699 1429,6698 1433,6698 1433,6698 1433,6694 1434,6693 1450,6693 1450,6694 1450,6698 1451,6698 1454,6698 1454,6699 1454,6732 1455,6732 1654,6732 1654,6732 1654,6682 1655,6681 1659,6681 1659,6681 1659,6677 1660,6676 1672,6676 1672,6676 1672,6673 1673,6672 1676,6672 1676,6673 1676,6676 1677,6676 1680,6676 1680,6677 1680,6685 1681,6685 1718,6685 1718,6686 1718,6689 1719,6689 1731,6689 1731,6690 1731,6732 1732,6732 1782,6732 1782,6733 1782,6736 1783,6736 2162,6736 2162,6736 2162,6733 2163,6732 2196,6732 2196,6732 2196,6690 2197,6689 2201,6689 2201,6689 2201,6682 2202,6681 2209,6681 2209,6681 2209,6678 2210,6677 2222,6677 2222,6678 2222,6681 2223,6681 2516,6681 2516,6681 2516,6678 2517,6677 2525,6677 2525,6678 2525,6681 2526,6681 2529,6681 2529,6682 2529,6689 2530,6689 2533,6689 2533,6690 2533,6702 2534,6702 2538,6702 2538,6703 2538,6706 2539,6706 2542,6706 2542,6707 2542,6715 2543,6715 2546,6715 2546,6716 2546,6740 2547,6740 2683,6740 2683,6740 2683,6737 2684,6736 2785,6736 2785,6736 2785,6733 2786,6732 2794,6732 2794,6732 2794,6729 2795,6728 2806,6728 2806,6729 2806,6732 2807,6732 2815,6732 2815,6733 2815,6736 2816,6736 3216,6736 3216,6737 3216,6740 3217,6740 3220,6740 3220,6741 3220,6796 3221,6796 3446,6796 3446,6796 3446,6767 3447,6766 3451,6766 3451,6766 3451,6763 3452,6762 3455,6762 3455,6762 3455,6758 3456,6757 3459,6757 3459,6757 3459,6754 3460,6753 3468,6753 3468,6753 3468,6707 3469,6706 3472,6706 3472,6706 3472,6703 3473,6702 3476,6702 3476,6702 3476,6699 3477,6698 3493,6698 3493,6698 3493,6694 3494,6693 3506,6693 3506,6694 3506,6698 3507,6698 3749,6698 3749,6698 3749,6686 3750,6685 3754,6685 3754,6685 3754,6682 3755,6681 3882,6681 3882,6681 3882,6673 3883,6672 3886,6672 3886,6672 3886,6669 3887,6668 3894,6668 3894,6668 3894,6665 3895,6664 4022,6664 4022,6664 4022,6656 4023,6655 4035,6655 4035,6656 4035,6659 4036,6659 4040,6659 4040,6660 4040,6693 4041,6693 4155,6693 4155,6694 4155,6698 4156,6698 4159,6698 4159,6699 4159,6774 4159,6774 4156,6774 4155,6775 4155,6779 4155,6779 4151,6779 4150,6780 4150,6787 4150,6787 4147,6787 4146,6788 4146,6792 4146,6792 4083,6792 4082,6793 4082,6796 4082,6796 4070,6796 4069,6797 4069,6800 4069,6800 4049,6800 4048,6801 4048,6813 4048,6813 4041,6813 4040,6814 4040,6817 4040,6817 3849,6817 3848,6818 3848,6821 3848,6821 3836,6821 3835,6822 3835,6826 3835,6826 3733,6826 3732,6827 3732,6843 3732,6843 3729,6843 3728,6844 3728,6860 3728,6860 3725,6860 3724,6861 3724,6868 3724,6868 3721,6868 3720,6869 3720,6877 3720,6877 3716,6877 3715,6878 3715,6881 3715,6881 3712,6881 3711,6882 3711,6885 3711,6885 3708,6885 3707,6886 3707,6890 3707,6890 3699,6890 3698,6890 3698,6886 3698,6885 3695,6885 3694,6885 3694,6835 3694,6834 3324,6834 3323,6835 3323,6851 3323,6851 3319,6851 3318,6852 3318,6856 3318,6856 3315,6856 3314,6857 3314,6860 3314,6860 3307,6860 3306,6861 3306,6864 3306,6864 3298,6864 3297,6865 3297,6868 3297,6868 3277,6868 3276,6868 3276,6835 3276,6834 3106,6834 3105,6834 3105,6831 3105,6830 2748,6830 2747,6831 2747,6860 2747,6860 2743,6860 2742,6861 2742,6864 2742,6864 2739,6864 2738,6865 2738,6873 2738,6873 2735,6873 2734,6874 2734,6877 2734,6877 2731,6877 2730,6878 2730,6881 2730,6881 2722,6881 2721,6882 2721,6885 2721,6885 2709,6885 2708,6886 2708,6890 2708,6890 2684,6890 2683,6890 2683,6886 2683,6885 2675,6885 2674,6885 2674,6882 2674,6881 2671,6881 2670,6881 2670,6878 2670,6877 2667,6877 2666,6877 2666,6874 2666,6873 2662,6873 2661,6873 2661,6865 2661,6864 2658,6864 2657,6864 2657,6831 2657,6830 2308,6830 2307,6831 2307,6834 2307,6834 2300,6834 2299,6834 2299,6831 2299,6830 2069,6830 2068,6831 2068,6890 2068,6890 2065,6890 2064,6891 2064,6894 2064,6894"/><TextEquiv index="1"><Unicode>mais je l'en priai à genoux, &amp; j'obtins</Unicode></TextEquiv></TextLine><TextLine id="r0_l031"><Coords points="858,8546 1212,8546 1212,8649 858,8649"/><TextEquiv index="1"><Unicode></Unicode></TextEquiv></TextLine></TextRegion></Page></PcGts>