4266 7993
2006 426 2589 614 e
754 660 3801 867 “apprendre, depuis tant de temps que
758 863 3812 1060 “nous ne nous ſommes vus.“ -- „Mal-
761 1059 3812 1254 “heureux! m'écriai-je, il faut que tu me
766 1250 3808 1454 “rendes Aurore, ou que tu meures ſous le
766 1450 3812 1653 “bâton.“ -- „C'eſt poſitivement cela, dit-
769 1641 3832 1847 “il, que je veux vous apprendre. Ces pauvres
765 1841 3812 2041 “gens devoient, ſans doute, à quelque
757 2036 3820 2233 „riche impitoyable. On m'aſſure que l'in-
765 2228 3828 2431 “digne créancier les a fait enfermer ce
773 2428 3843 2626 “matin; mais il ne s'agit que d'une ving-
773 2623 3832 2819 “taine de louis, & vous pourrez déli-
773 2815 3824 3015 “vrer aiſément ces bonnes-gens“ -- „Oh!
777 3013 3828 3214 “l'infâme Frédégonde, m'écriai - je! où
660 3206 3836 3402 “ſont ces braves gens?“ -- „Je les
781 3401 3840 3602 “crois au Châtelet, reprit-il; mais vous
785 3597 3836 3794 „devez bien penſer que Frédégonde n'a
789 3792 3839 3988 “aucune part à cela.“ -- „Conduis-
785 3992 3839 4188 “moi au Châtelet, malheureux.“ A ce
797 4187 4015 4381 mot, je vis pâlir le vilain Marqué. Ce
793 4363 3843 4574 Châtelet lui faiſoit peur. Toute ombre de
793 4571 3855 4780 priſon l'intimidoit. „Mais, mon cher ami,
793 4770 3843 4965 “dit-il, comment, moi aller au Châ-
793 4962 3843 5162 “telet! ſi on vouloit m'y retenir?“ -- „Tu
793 5157 3843 5358 “le mériterois.“ Je le pris au collet, & le
797 5357 3843 5557 forçai de monter, avec moi, en voiture.
805 5552 3847 5752 Nous arrivâmes à la priſon maudite. Je
805 5749 3840 5952 demandai s'il y avoit, de ce matin, un
797 5939 3840 6151 père, perclus, avec ſa femme & ſa fille.
816 6135 3843 6354 On me dit qu'oui, & je lâchai le mal-
