4266 8095
2162 504 2890 745 i
1037 730 4099 946 la ſageſſe avoit réſiſté à de ſi cruelles
1041 949 1956 1146 épreuves.
1243 1124 4099 1340 Je quittai ces honnêtes gens pour allet
1049 1327 4100 1531 chez l'Huiſſier. Je lui donnai vingt louis
790 1522 4095 1761 pour la dette & les frais, peſtant beau-
1049 1721 4091 1934 coup de jeter une ſomme de ſeize loui
1053 1923 4087 2131 au profit de l'indigne Frédégonde. J'allai,
1057 2118 4087 2321 le jour même, délivrer les trois vertueuſes
1061 2318 4170 2525 perſonnes, de l'odieuſe priſon, qui n'étoit
1049 2512 4083 2724 pas faite pour elles. Je les conduiſis dans
1053 2715 4080 2923 un joli petit logement, que je leur avois
1061 2910 4083 3119 préparé. Nous fîmes un ſouper déli-
1061 3108 4079 3316 cieux, & je fus béni par la chère fa-
862 3307 4075 3518 mille, avec des tranſports, dont je ne
1053 3514 2695 3709 puis donner une idée.
1200 3702 4072 3866 Je me retirai encore chez la bonne
818 3908 4067 4107 Roſe - à - Tout - venant, ou la Voirie
1053 4103 4067 4310 j'étois plein du bien que je venois de
1053 4301 4063 4505 faire. Quel plaiſir d'avoir obligé la vert
1057 4492 4067 4703 & la beauté, Aurore & ſes parens
508 4695 4056 4890 Mes ſonges furent riants, enchanteurs;
751 4890 4059 5093 mais chaſtes comme celle qui me les
1049 5093 4055 5292 inſpiroit. Je ſens que la belle Aurore
1045 5287 4051 5483 eſt la ſeule que j'aie véritablement aimée;
1049 5490 4056 5693 avant de la voir, je ne connoiſſois pas
1041 5685 1713 5889 l'Amour.
1172 5888 4135 6091 L'idée de cette chère perſonne, dont
977 6075 4059 6294 j'étois occupé, ne m'empêcha pas de
1001 6282 4067 6489 penſer à la noble Laure de Lyſange,
