4266 7972
1368 523 1952 737 ii
213 782 3217 985 la première perſonne qui ait reçu mes
225 981 3225 1172 véritables hommages. Elle avoit ſouffert
221 1176 3222 1372 pour moi; elle ſouffroit peut-être encore.
217 1370 3225 1564 Je voulois ſavoir ce qu'elle étoit de-
217 1561 3225 1753 venue; je voulois la voir. J'allai trouver
209 1752 3229 1949 la bonne mêre Saint - Amand, que j'a-
209 1943 3229 2127 vois déjà vue aux Carmelires, & qui
144 2139 3234 2311 avoit, ci-devant, toute la confiance de
213 2329 3233 2525 Laure. Je la conjurai, en grace, de
229 2520 3237 2717 m'apprendre où étoit cette adorable per-
229 2711 3241 2911 ſonne. Je lui fis ſi bien voir tout l'in-
240 2906 3241 3105 térêt que m'inſpiroit cette Beauté, preſque
248 3097 3245 3296 céleſte; je témoignai ſi tendrement la
252 3291 3241 3489 douleur que je ſentois d'avoir contribué
252 3482 3241 3680 à ſes ſouffrances, que je touchai cette
256 3670 3245 3873 bonne Religieuſe. „Je ne puis, dit-
252 3868 3237 4072 “elle, vous dire où eſt ma chère Laure;
256 4063 3689 4258 “elle me l'a défendu poſitivement; mais
264 4258 3249 4457 “je vous apprendrai, du moins, quel eſt
268 4449 3245 4644 “ſon ſort, où plutôt, ce ſera elle-même
272 4640 3463 4848 “qui vous l'apprendra. Je vous confierai
279 4835 3455 5043 “ſes lettres, & vous y verrez l'ame la
283 5026 3257 5224 “plus pure ſe peindre ſous vos yeux. Laiſ-
291 5220 3245 5415 “ſez -moi en effacer tout ce qu'il n'eſt
221 5419 3253 5619 “pas édifiant de vous laiſſer voir; & re-
303 5614 3245 5758 “venez demain chercher le reſte.“ Voilà
311 5809 3245 6004 tout ce que je pus obtenir. Je revins le
311 5976 3245 6202 lendemain ponctuellement. La bonne
318 6183 3249 6397 mère fut de parole. Elle me remit un
