4266 8193
258 674 3413 890 venir là. Je voulois me fier ſur ma pré-
286 889 3421 1100 tendue force; il m'a abandonnée à moi-
285 1087 3417 1293 même, & j'ai vu que ma force n'étoit
282 1295 1290 1492 que foibleſſe.
476 1483 3421 1696 Quoi qu'il en ſoit, j'ai eu le bonheur
278 1685 3425 1897 de m'échapper de la maiſon infernale. Je
286 1888 3425 2096 me ſuis arrachée des bras d'un malheureux,
278 2086 3429 2298 ſans ombre d'ame, qui vouloit employer,
286 2288 3433 2482 contre moi, la violence la plus atroce.
285 2482 3429 2685 O mon Dieu! comme je t'implorois!
290 2684 3602 2891 Mon cœur ſe fendoit par l'excès de ma
290 2886 3437 3096 douleur, & ſembloit s'enlever hors de
298 3083 3441 3291 ma poitrine, vers ce Dieu qui a daigné
294 3291 3445 3490 m'aider. Je me ſuis enfuie, encore un
298 3485 3445 3701 coup, de l'horrible maiſon; mais je
298 3687 3441 3890 trouvois de plus grands dangers, peut-
294 3889 3441 4090 être, dans la rue, que dans la maiſon,
290 4088 3442 4294 ſéjour du crime. J'ai échappé à tout.
282 4288 3438 4493 Cela étoit au-deſſus des forces humaines,
290 4492 2377 4691 & je crois à la Providence.
496 4686 3449 4872 Je deſirois de cacher ma fuite. Quand
294 4880 3446 5104 je fus hors de Paris, j'apperçus une char-
310 5099 3445 5298 rette couverte, conduite par un pauvre
313 5293 3445 5495 homme, qui me paroiſſoit un aſſez brave
310 5491 3453 5699 homme. Je lui dis: „Mon bon Monſieur,
278 5697 3457 5896 „voudriez-vous me prendre dans votre
326 5891 3449 6101 „charrette?“ -- „Mademoiſelle, dit-
322 6094 3437 6304 “il, vous vous gauſſez de nous; une belle
326 6296 3445 6498 “Madame, comme vous, entrer dans
