4266 8080
882 649 4265 879 “une charrette comme la nôtrel allez donc,
-15 870 4266 1067 „vous voulez rire.“ -- „Non, je vous
699 1062 4266 1268 “jure, mon ami, je vous en prie, en
886 1267 4266 1469 “grace, prenez moi avec vous.“ --
898 1441 4267 1652 „Où voulez-vous aller?“ -- „Oh! bien
890 1652 4267 1861 “loin! bien loin!“ -- „C'eſt que je
894 1848 4268 2055 “vais à cinquante lieues, s'il vous plaît.“
532 2046 4268 2254 --“Soit pour cinquante lieues.“ --
917 2229 4269 2452 „Combien me donnerez-vous?“ Je lui
898 2440 4269 2648 ai préſenté, ſur le-champ, ma bourſe.
798 2625 4269 2847 „Oh! ma gentille Demoiſelle, a-t-il dit,
906 2842 4270 3037 “c'eſt trop, en vérité; reprenez votre
842 3032 4270 3251 “bourſe. Vous me donnerez ce que vous
905 3232 4271 3471 “voudrez, quand nous ſerons arrivés,
906 3427 2810 3574 “ſi vous êtes contente.“
1100 3597 4272 3826 Il m'enleva dans ſes bras, & me jeta
909 3812 4272 4024 dans ſa charrette. Confondue avec ſes
906 4015 4272 4224 marchandiſes, comme un meuble ina-
905 4209 4273 4414 nimé, j'avançois, ſans voir le jour, en-
906 4409 4273 4618 ſevelie ſous une double toile. Je pleurois,
906 4604 4274 4805 je dormois, je m'ennuyois, bien contente
909 4794 4274 5015 cependant de m'éloigner de Paris. Nous
902 4993 4275 5203 paſsâmes cinq jours dans ce pénible voyage.
902 5188 4275 5400 Je dînois & je ſoupois, tête-à-tête, avec
906 5391 4275 5594 mon voiturier. Nous n'avions pas en-
902 5577 4276 5809 ſemble grande converſation. Je voulois
898 5777 4276 5988 lui raconter mon hiſtoire; il n'y compre-
909 5958 4277 6188 noit pas grand'choſe. Il ne concevoit pas
902 6176 4277 6396 ce qui pouvoit m'affliger. „N'étiez-vous
