4266 8208
1270 689 2164 878 i.
299 924 3450 1140 “pas bien nourrie, me diſoit-il, bien cou-
295 1127 3442 1319 “chée, vêtue bien brave? Qu'eſt-ce donc
299 1326 3435 1540 “qui vous manquoit?“ Et il ajoutoit:
295 1530 3442 1729 „nous boirions bien encore une chopine,
299 1732 3446 1939 “n'eſt-ce pas? de cauſer comme ça, ça
303 1929 3450 2110 „altère.“ Je conſentois, & il buvoit
141 2126 3450 2338 beaucoup plus des trois quarts & demi.
299 2329 3450 2536 Je le priois de me placer dans quelqu'en-
291 2528 3450 2732 droit honnête. „Mais moi, diſoit - il,
304 2731 3454 2934 „que voulez-vous? j'ai, dans mon village,
311 2934 3462 3136 „à cinquante lieues de Paris, mon com-
316 3133 3462 3341 “père Guillau, qui eſt à ſon aiſe. Il a
207 3331 3466 3544 “bien ſeize arpens de bon bien de Dieu
48 3531 3470 3744 “au ſoleil, qui ne devont rien à per-
320 3733 3474 3939 “ſonne; mais avec tout ça, ce n'eſt qu'un
320 3937 3470 4148 “payſan. Je lui dirai bien“ „Guillau,
320 4137 3478 4339 “mon ami, veux-tu prendre, chez toi, c'te
320 4339 3474 4540 “belle Demoiſelle?“ Il me répondra:
238 4534 3478 4742 „moi, que veux-tu que j'en faſſe? eſt-ce
332 4736 3486 4945 “que j'ai des perdrix à lui donner, moi?
340 4943 3474 5150 “Les perdrix ſont à notre Seigneur,
340 5142 3478 5352 “poſſédé du diable, qui nous pille &
344 5345 3482 5550 “nous ruine; “ cependant nous verrons ça
72 5548 2406 5755 quand nous ſerons arrivés.
316 5743 3490 5952 Nous arrivâmes enfin dans le bien-
352 5946 3499 6149 heureux village. Mon voiturier me fit
347 6145 3491 6357 revoir le jour, & me deſcendit ſur la
356 6348 3486 6567 pelouſe. „Attendez-moi là, dit-il, parce
376 6555 3499 6766 “qu'il faut que j'aille chercher le com-
