4266 8055
2116 670 2714 854 i
927 900 4266 1152 “père Guillau. Moi, je vais plus loin;
935 1101 4266 1325 “je lui parlerai.“ Je reſtai en plein air,
943 1299 4266 1498 dans le calme de la nature, dans le ſi-
939 1496 4267 1703 lence des campagnes. Je reſpirai. Je re-
943 1681 4267 1895 poſai mon oreille, fatiguée du bruit
939 1888 4268 2096 continuel des roues de la voiture. Je ſentis
951 2085 4268 2287 mon viſage careſſé par un doux zéphir.
939 2271 4269 2501 Le parfum des fleurs vint réjouir mon
955 2476 4269 2877 e mur mune d'us laiſean, dlans lequi
951 2871 4270 3073 ſe miroient les feuilles tremblantes. Je
955 3055 4270 3269 vis la ſcène riante des objets voiſins, &
955 3263 4271 3465 les lointains bleuâtres. Nous étions au
955 3457 4271 3657 déclin d'un beau jour. Le Soleil ſembloit
951 3657 4272 3855 ſourire entre les nuages dorés. Mon Dieu
967 3851 4272 4055 que la campagne me parut belle! quel
623 4048 4272 4255 ſéjour délicieux, préférable au ſéjour ſé-
959 4240 4273 4448 pulchral des villes! elles ſont l'ouvrage
967 4440 4273 4659 des hommes, les champs ſont celui de
971 4636 1903 4781 Dieu même.
1168 4811 4274 5031 Le calme de la nature paſſa dans mon
967 5019 4275 5229 ame. Mes larmes ſe tarirent d'abord, &
975 5219 4275 5428 bientôt j'en verſai de plus douces. C'é-
975 5411 4275 5620 toient des larmes d'attendriſſement. Je
967 5607 4276 5822 vis, à quelque diſtance, une jeune &
971 5810 4276 6014 jolie bergère, aſſiſe ſur les fleurs, cou-
963 6001 4277 6211 ronnée de bluets & de coquelicots; ſon chien
971 6209 4277 6416 repoſoit auprès d'elle; ſes agneaux brou-
967 6403 4278 6619 toient l'herbe fleurie; elle chantoit, de ſa
