4266 7975
1157 826 4146 1033 “le ſaura auſſi bien, ma fille; je ſerai
1157 1021 4145 1225 “bien charmée de le voir. J'attends ici
1157 1218 4146 1417 “le voiturier qui m'a amenée.“ -- „C'eſt
1157 1411 4137 1614 “notre compère Jean-David; il eſt juſte-
1161 1602 4133 1810 “ment, je crois, allé chercher mon
1173 1801 3774 2000 “père, il va vous l'amener.“
1442 1993 4125 2195 Cependant j'appercevois un jeune
1169 2179 4118 2382 payſan, qui ſembloit vouloir paſſer à la
1165 2370 4114 2770 leee eoe oil e ls cieis endea la
1165 2768 4102 2959 „dis-je, que je n'empêche pas vos entre-
1169 2955 4106 3150 “tiens auſſi doux qu'innocens.“ -- „Ap-
1165 3146 4098 3392 “proche, Pierrot, lui dit Nicette, dont
1165 3337 4098 3539 “jappris bientôt le nom, c'te belle De-
876 3532 4094 3735 “moiſelle veut être heureuſe; elle n'eſt
1169 3723 4090 3927 “pas pour empêcher nos plaiſirs.“ Alots
1169 3926 4090 4122 Pierrot approcha, avec ſon chapeau &
1169 4110 4086 4313 ſon coude en l'air. Il préſenta, à ſa ma-
1181 4289 4079 4505 treſſe, un gros paquet de fleurs, qu'il
1110 4500 4079 4692 venoit de cueillir pour elle. „Groſſe bête,
1173 4683 4076 4886 “s'écria-t-elle, préſente donc ça d'abordà
1173 4874 4075 5082 “c'te belle Demoiſelle; eſt-ce qu'il faut
1173 5077 4059 5276 “commencer par moi?“ Alors Pierrot,
1177 5261 4067 5467 avec ſon chapeau toujours ſuſpendu à
1173 5463 4067 5658 deux pouces au-deſſus de ſa tête: „ma
1169 5646 4071 5855 “belle Dame, dit-il, excuſez, c'eſt que
1177 5826 4072 6048 “n'eſt pas digne de votre mérite: c'eſt
1173 6013 4079 6239 “que je n'oſions pas....“ J'acceptai quel-
1181 6212 4082 6454 ques-unes de ſes fleurs; il préſenta le reſte
