4266 8193
-47 832 3368 1076 à Nicette, qui le reçut bien tendrement.
-46 1037 3364 1265 „Mon père ne va pas tarder à venir,
-45 1237 3364 1464 “dit-elle; voilà des pauvres qui l'at-
-43 1439 3364 1665 “tendent; car c'eſt auſſi le père des
-42 1637 3364 1859 “pauvres.“ La bonne mère nous joi-
-41 1831 3376 2093 gnit; „Et qu'eſt-ce que cette belle De-
-39 2037 3364 2259 “moiſelle là, dit-elle?“ -- „C'eſt,
-38 2231 3368 2459 “répondit Nicette, une belle Demoiſelle
-37 2438 3364 2660 “de Paris, que notre compère Jean-
-35 2632 3364 2858 “David a amenée, je crois, dans ſa
-34 2837 3364 3058 “charrette.“ -- „Hé mon Dieu! dans
-33 3036 3360 3257 “ſa charrette, dit la mère, une belle
-32 3238 3364 3456 “Dame ſi délicate! Vous devez être toute
-30 3436 3356 3659 “briſée; venez vous repoſer chez nous.
-29 3631 3364 3854 “Appuyez - vous ſur notre bras, mon
-28 3832 3364 4052 “bel ange.“ -- „J'attends ici, répondis-
-26 4035 3364 4250 “je, votre compère, qui eſt allé me
-25 4237 3356 4445 “recommander à votre mari.“ -- „Vous
-24 4435 3364 4650 “recommander, ma belle Dame, à nous
-22 4634 3364 4846 “autres pauvres gens! Mon Dieu que ces
-21 4832 3364 5044 “Dames de Paris ſont honnêtes!“ --
-20 5034 3360 5245 „Allez toujours vous repoſer, dit Ni-
-19 5232 3360 5440 “cette; j'allons attendre mon père avec
-17 5434 3360 5638 “Pierrot que voilà, & je vous le me-
-16 5637 2143 5850 „nerons tout de ſuite.“
254 5805 3376 6025 Je me laiſſai conduire au logis. J'y
-14 6005 3372 6237 trouvai la vénérable grand'mère, dans
-12 6223 3372 6438 une chaiſe de paille, & ſes petits enfans,
-11 6425 3388 6628 qui jouoient autour d'elle. Quand elle me
2612 6608 2802 6774 LE
452 6632 1156 6798 Tome IIl.
