4266 8047
2391 437 3308 707 i
1145 690 4279 923 qu'on m'avoit dreſſé dans un coin de la
1141 906 4279 1120 chambre nuptiale. Les draps ne m'en pa-
1133 1104 4278 1339 roiſſoient pas doux; mais je me promettois
1133 1304 3613 1507 bien de m'y faire par la ſuite.
1157 1497 4278 1711 Je dormis pourtant aſſez bien dans
1133 1702 4277 1910 ce lit dur. On m'ylaiſſa juſqu'à huit
1121 1902 4277 2110 heures du matin. Il y avoit déjà plus de
1125 2101 4276 2319 quatre heures que les autres étoient levés,
1133 2299 4276 2503 & je rouglſſois de reſter couchée ſi long-
1133 2502 4275 2708 temps après eux. Je déclarai que je voulois
1133 2693 4275 2904 abſolument prendre l'habillement du vil-
1129 2892 4274 3097 lage. Nicette me prêta ſes habits des-di-
1125 3094 4274 3300 manches, & l'on me trouva charmante
1117 3286 4274 3497 ſous ce nouveau coſtume. On diſoit à la
1117 3493 4273 3694 jeune fille de la maiſon: „Vois comme
1117 3688 4273 3898 “la bonne mine relève les habits. Vois
1105 3887 4272 4096 “ſi tu as cette façon là, avec les mêmes
1105 4086 4272 4290 “hardes.“ -- „Hé ce n'eſt pas ma faute,
1109 4277 4271 4490 “diſoit naïvement la pauvreenfant, ſi
1109 4476 4271 4685 „vous m'avez fait ſi laide.“ Nicette étoit
1117 4672 4271 4883 en vérité fort gentille. C'étoit une roſe
1109 4869 4270 5088 naiſſante; elle avoit la fraîcheur la plus
1105 5077 2001 5277 appétiſſante.
1312 5240 4269 5476 On alla m'acheter, à la ville, un petit
1109 5457 4269 5680 trouſſeau de villageoiſe; & je me plus
746 5658 4268 5878 ſingulièrement à porter cette nouvelle
1097 5854 4268 6276 ege ſun daae d eaiae e
1109 6244 4267 6470 chemiſes, d'abord pour le maître. La toile
