4266 8575
752 702 4020 939 Bref, je crus m'appercevoir qu'il ne fut
774 926 4016 1148 queſtion que de moi pendant toute la
774 1129 4012 1360 journée. Le Curé même me donna un
774 1345 4016 1568 coup-d'œil. Il me ſembla qu'une ſatiſ-
774 1552 4007 1780 faction honnête ſe peignit ſur ſon viſage,
774 1764 4007 1990 quand il m'apperçut. C'étoit un digne &
769 1988 2201 2209 vénérable Paſteur.
977 2187 4236 2412 Après Vêpres, on danſa ſous l'ormeau.
765 2399 4236 2626 Je ne pus me refuſer à ce divertiſſement
765 2615 4020 2829 innocent. J'eus bientôt appris les danſes
769 2822 4016 3042 du village. J'en enſeignai auſſi pluſieurs
782 3034 4016 3250 à cette brave jeuneſſe. Je fis pluſieurs con-
774 3250 4016 3465 quêtes, & tous les amoureux, déjà
774 3459 4020 3673 pourvus de maîtreſſes, ſembloient vouloir
765 3673 4016 3885 voler ſur mes pas, quoique très - peu
778 3883 4020 4097 oſaſſent le faire. J'eus, au moins, déci-
774 4092 4215 4300 dément tous ceux qui étoient libres ou
774 4308 4017 4522 vacans. Tous les jeunes gens enfin pa-
774 4511 4021 4733 roiſſoient me regarder avec une eſpèce d'en-
774 4727 4020 4945 chantement. La joie des jeunes filles, en me
774 4938 3847 5150 voyant, étoit infiniment plus modérée.
707 5150 4020 5369 Le ſoir, je racontai mon hiſtoire,
782 5362 4024 5580 dans la maiſon paternelle; car je me re-
774 5569 4020 5785 gardois déjà comme une fille de la maiſon.
769 5781 4020 5997 Je cachai ce qui auroit pu me faire
774 5993 4024 6210 rougir, & que je n'étois obligée de dé-
774 6192 4020 6421 voiler qu'à mon Confeſſeur. Je fus écoutée
774 6416 4016 6577 avec un enthouſiaſme difficile à décrire.
786 6615 4026 6855 Il ſembloit que j'élevois l'ame de ces
