4266 8311
837 755 4003 974 cet Amant cruel, il m'occupoit unique-
837 961 4003 1171 ment. Ceux qui vouloient le remplacer
837 1170 3995 1386 dans mon cœur, me devenoient à charge
648 1375 3986 1593 & preſqu'odieux. Je voyois ces mortels
837 1573 3978 1795 groſſiers, dont la vue me répughoit quel-
842 1779 3982 2003 quefois, je les comparois, dans le ſecret
838 1984 3978 2198 de mon ame, à l'image radieuſe de mon
837 2190 3982 2412 Amant que je voyois ſans ceſſe. Il n'y
837 2395 3982 2618 avoit pas de rapport; ce n'étoient pas des
821 2599 3986 2816 êtres de la même eſpèce. Il falloit cepen-
479 2800 3986 3029 dant ne rien témoigner, à mes importuns,
842 3007 3982 3226 de l'impreſſion peu flatteuſe qu'ils me
825 3217 3982 3436 faiſoient. Je ſouffrois de cette diſſimu-
829 3423 3982 3642 lation, & je cauſois plus volontiers avec
828 3628 3986 3847 les indifférens, qu'avec ceux qui avoient
825 3842 3440 4048 des prétentions ſur mon cœur.
1002 4040 3986 4249 Le fils du Seigneur voulut ſe mettre
821 4244 3986 4462 auſſi ſur les rangs. Il me parut plus ſin-
817 4446 3990 4662 férieur à mon Amant, que tous les
809 4655 3986 4867 payſans. Dès le ſecond dimanche, il s'a-
805 4857 3982 5072 viſa de venir danſer avec la jeuneſſe du
805 5059 3978 5275 village. Il gêna beaucoup tout le monde.
809 5268 3974 5480 Perſonne n'oſoit plus danſer. Je me dou-
813 5466 3966 5681 tois qu'il venoit pour moi. Je ne danſai
796 5675 3962 5885 pas; je me plaighis d'un mal au pied. Je
792 5873 3958 6087 feignis de m'être bleſſée. Il voulut cauſer
583 6083 3949 6304 avec moi; j'eus, ſur-le-champ, la mi-
796 6286 3958 6502 graiue. Il me quitta froidement, en di-
780 6496 3945 6712 ſant que les payſanes n'avoient pas,
