<PcGts xmlns="http://schema.primaresearch.org/PAGE/gts/pagecontent/2017-07-15" xmlns:xsi="http://www.w3.org/2001/XMLSchema-instance" xsi:schemaLocation="http://schema.primaresearch.org/PAGE/gts/pagecontent/2017-07-15 http://schema.primaresearch.org/PAGE/gts/pagecontent/2017-07-15/pagecontent.xsd"><Metadata><Creator>User123</Creator><Created>2020-10-17T17:13:07</Created><LastChange>2020-10-17T17:13:07</LastChange></Metadata><Page imageFilename="0141.png" imageHeight="8336" imageWidth="4266"><TextRegion id="r0" type="paragraph" orientation="0.125"><Coords points="1,1 4264,1 4264,8334 1,8334"/><TextLine id="r0_l001"><Coords points="2136,478 2734,477 2735,667 2137,668"/><TextEquiv index="1"><Unicode>.</Unicode></TextEquiv></TextLine><TextLine id="r0_l002"><Coords points="2755,938 2755,937 2755,932 2754,932 2253,933 2252,932 1051,934 1051,935 1051,936 1049,937 1041,937 1040,936 1039,936 1039,936 1039,935 1037,933 1028,933 1027,932 1027,871 1026,870 864,871 863,869 863,868 862,868 861,867 860,867 859,865 859,864 857,863 856,863 855,861 855,860 853,859 852,859 851,857 851,815 849,814 848,814 846,811 846,810 845,810 844,810 842,807 842,804 843,803 843,802 843,802 844,802 845,801 1013,800 1014,800 1014,760 1015,759 1015,758 1015,757 1016,757 1017,756 1296,756 1297,755 1297,753 1297,753 1298,753 1303,748 1304,748 1305,747 1305,737 1306,736 1307,736 1308,735 1310,733 1310,732 1310,732 1320,732 1321,731 1321,730 1321,729 1321,728 1322,728 1743,727 1743,726 1743,725 1745,724 1762,724 1764,721 1764,720 1765,720 1767,720 1768,721 1768,722 1770,724 1775,724 1776,725 1776,727 1777,728 1778,728 1780,730 2728,728 2730,729 2730,730 2731,731 2731,732 2732,732 2734,733 2734,734 2734,735 2735,736 2736,736 2738,737 2738,758 2738,759 3917,756 3918,756 3918,754 3919,752 3943,752 3944,753 3945,753 3946,754 3946,755 3948,757 3949,757 3950,758 3950,759 3951,760 3951,789 3951,789 3989,789 3992,791 3992,792 3992,793 4001,793 4004,795 4004,796 4004,797 4005,797 4008,799 4008,800 4008,801 4009,801 4012,803 4012,804 4012,805 4013,805 4016,807 4016,857 4014,859 4013,859 4012,860 4012,861 4010,863 4009,863 4008,864 4008,869 4006,871 4005,871 4004,872 4003,873 4003,874 4002,875 4001,875 3999,877 3999,878 3998,879 3993,879 3991,881 3991,882 3990,883 3989,883 3988,884 3959,884 3959,885 3959,890 3956,892 3951,892 3950,894 3950,895 3948,896 3922,896 3922,897 3922,915 3920,916 3919,916 3918,918 3918,919 3916,920 3915,920 3913,923 3913,924 3912,924 3911,924 3910,925 3606,926 3606,926 3606,927 3605,928 3604,928 3603,929 2923,930 2923,931 2923,934 2922,934 2765,935 2765,935 2765,937 2764,938"/><TextEquiv index="1"><Unicode>“payſane de ce pays-ci, parce que je</Unicode></TextEquiv></TextLine><TextLine id="r0_l003"><Coords points="1720,1133 1719,1132 1719,1076 1719,1076 1475,1076 1474,1075 1299,1076 1297,1077 1297,1078 1296,1080 1209,1080 1207,1082 1207,1083 1206,1084 1184,1084 1183,1084 1183,1083 1181,1080 1033,1080 1031,1079 1031,1078 1030,1076 1029,1076 1027,1075 1027,1072 1027,1071 861,1072 859,1070 859,1065 857,1063 856,1063 855,1062 855,1011 856,1011 857,1011 857,1010 859,1008 859,1007 861,1006 1031,1005 1031,1005 1031,1000 1033,998 1038,998 1039,997 1039,996 1041,994 1117,994 1117,994 1117,955 1118,953 1119,953 1121,952 1121,951 1122,949 1135,949 1138,952 1138,953 1138,953 1139,953 1142,956 1142,957 1142,957 1143,957 1146,960 1146,961 1147,961 1148,961 1150,964 1150,994 1151,994 1407,994 1407,993 1407,984 1408,983 1408,982 1409,982 1410,982 1412,979 1412,974 1413,974 1414,974 1416,971 1416,958 1417,957 1418,957 1420,955 1420,950 1421,949 1422,949 1424,947 1424,946 1425,945 1426,945 1428,943 1428,942 1429,941 1430,941 1432,939 1432,938 1433,937 1438,937 1440,935 1440,934 1440,934 1442,933 1443,932 1461,932 1462,933 1578,933 1580,935 1580,936 1580,936 1581,937 1582,937 1584,939 1584,944 1585,945 1586,945 1588,947 1588,990 1589,990 1841,990 1842,991 1931,990 1931,991 1931,992 1934,994 1935,994 1936,996 1936,1002 1937,1002 2102,1002 2104,1005 2104,1006 2105,1006 2110,1006 2115,1011 2116,1011 2116,1012 2116,1018 2117,1018 2118,1018 2120,1021 2120,1022 2121,1022 2366,1021 2366,1021 2366,1020 2367,1019 2368,1019 2369,1018 2468,1018 2468,1018 2468,1017 2471,1014 2472,1014 2472,1014 2472,1013 2475,1010 2476,1010 2476,1010 2476,1009 2479,1006 2484,1006 2484,1006 2484,1005 2487,1002 2599,1002 2599,1001 2599,938 2600,937 2642,937 2644,935 2644,934 2645,933 2646,933 2647,932 2661,932 2662,933 2663,933 2665,934 2665,935 2666,937 2905,936 2906,936 2906,935 2906,934 2922,934 2923,935 2923,936 2924,937 2925,937 2927,939 2927,948 2928,949 2933,949 2935,951 2935,956 2936,957 2937,957 2939,959 2939,960 2941,961 2942,961 2943,963 2943,990 2944,990 3056,990 3060,986 3241,986 3242,984 3242,983 3244,982 3258,982 3258,982 3258,983 3261,986 3262,986 3263,987 3492,986 3492,986 3492,934 3492,933 3494,933 3495,932 3513,932 3514,933 3515,933 3516,933 3516,934 3518,937 3519,937 3520,937 3520,938 3521,939 3521,989 3522,990 3663,990 3664,991 3848,990 3848,990 3848,963 3849,962 3850,962 3852,960 3852,959 3854,957 3859,957 3860,959 3860,960 3862,961 3867,961 3869,964 3869,965 3870,965 3871,965 3873,968 3873,969 3874,969 3875,969 3877,972 3877,973 3878,973 3879,973 3881,976 3881,977 3882,977 3883,977 3885,980 3885,981 3887,982 3888,982 3889,984 3889,1006 3890,1006 3949,1006 3950,1008 3950,1009 3952,1010 3994,1010 3995,1011 3995,1012 3997,1014 3998,1014 4000,1016 4000,1017 4001,1018 4002,1019 4003,1019 4004,1020 4004,1021 4005,1022 4006,1023 4007,1023 4008,1024 4008,1029 4010,1031 4011,1031 4012,1032 4012,1045 4011,1047 4010,1047 4008,1048 4008,1053 4007,1055 4006,1055 4004,1056 4004,1061 4002,1064 4001,1064 4000,1064 4000,1065 3998,1068 3997,1068 3996,1068 3996,1069 3994,1072 3874,1072 3873,1073 3873,1074 3871,1076 3870,1076 3869,1077 3869,1078 3864,1083 3864,1084 3864,1084 3858,1084 3856,1083 3856,1082 3855,1081 3855,1080 3854,1080 3852,1079 3852,1077 3852,1076 3760,1076 3758,1075 3758,1074 3758,1073 3587,1074 3585,1076 3584,1076 3582,1074 3582,1073 3581,1072 3367,1072 3365,1074 3365,1075 3364,1076 3355,1076 3354,1075 3252,1076 3250,1074 3250,1073 3250,1073 3079,1073 3078,1073 3078,1074 3077,1076 2826,1076 2825,1075 2601,1076 2599,1074 2599,1060 2599,1060 2479,1060 2476,1058 2476,1057 2476,1056 2475,1056 2472,1054 2472,1053 2472,1052 2471,1052 2468,1050 2468,1045 2467,1043 2265,1044 2263,1045 2263,1046 2263,1047 2114,1047 2112,1049 2112,1054 2111,1055 2106,1055 2104,1057 2104,1058 2102,1060 2060,1060 2059,1061 2059,1062 2057,1064 1978,1064 1977,1065 1977,1070 1976,1071 1976,1072 1976,1072 1970,1072 1969,1073 1969,1074 1967,1076 1826,1077 1825,1077 1825,1078 1824,1080 1757,1080 1756,1080 1756,1131 1755,1133"/><TextEquiv index="1"><Unicode>“n'en ſuis pas.“ -- „D'où es-tu donc?“</Unicode></TextEquiv></TextLine><TextLine id="r0_l004"><Coords points="855,1137 4012,1130 4012,1322 855,1329"/><TextEquiv index="1"><Unicode>-- „C'eſt un de mes ſecrets.“ -- „Que</Unicode></TextEquiv></TextLine><TextLine id="r0_l005"><Coords points="859,1340 4008,1333 4009,1501 860,1508"/><TextEquiv index="1"><Unicode>“viens - tu faire ici?“ -- „Troiſième</Unicode></TextEquiv></TextLine><TextLine id="r0_l006"><Coords points="2705,1746 2705,1745 2705,1686 2704,1686 2592,1686 2591,1687 2591,1688 2589,1690 2571,1690 2571,1690 2571,1689 2568,1686 2420,1686 2419,1688 2419,1689 2417,1690 2337,1691 2337,1691 2337,1717 2335,1719 2334,1719 2333,1720 2333,1720 2333,1721 2331,1723 2326,1723 2325,1724 2325,1725 2323,1727 2313,1727 2313,1727 2313,1728 2312,1729 2312,1730 2311,1731 2305,1731 2305,1730 2305,1729 2302,1727 2285,1727 2284,1725 2284,1724 2282,1723 2273,1723 2271,1720 2271,1719 2270,1719 2265,1719 2263,1716 2263,1715 2262,1715 2261,1715 2259,1712 2259,1711 2258,1711 2257,1711 2255,1708 2255,1707 2254,1707 2253,1707 2251,1704 2251,1703 2250,1703 2249,1703 2247,1700 2247,1695 2245,1694 2244,1694 2243,1692 2243,1687 2241,1686 2240,1686 2239,1684 2239,1683 2237,1682 2232,1682 2230,1679 2230,1678 2229,1678 2224,1678 2222,1675 2222,1674 2221,1674 2068,1674 2066,1677 2066,1678 2065,1678 2052,1678 2050,1676 2050,1675 2049,1674 2048,1674 2046,1672 2046,1671 2045,1670 2040,1670 2038,1668 2038,1663 2037,1662 1919,1662 1918,1661 1856,1662 1855,1661 1805,1661 1805,1661 1805,1716 1797,1724 1797,1728 1796,1729 1796,1730 1795,1731 1794,1731 1793,1732 1793,1736 1792,1737 1792,1738 1791,1739 1790,1739 1788,1741 1788,1746 1787,1747 1780,1747 1780,1746 1780,1661 1779,1661 1657,1661 1657,1662 1657,1665 1656,1665 1655,1665 1653,1668 1653,1669 1651,1670 1650,1670 1649,1672 1649,1673 1647,1674 1642,1674 1641,1676 1641,1677 1639,1678 1593,1678 1592,1680 1592,1681 1590,1682 1522,1682 1522,1683 1522,1689 1520,1690 1519,1690 1518,1692 1518,1693 1515,1695 1514,1695 1514,1696 1514,1697 1512,1698 1502,1698 1502,1698 1502,1697 1499,1694 1498,1694 1497,1693 1331,1694 1330,1692 1330,1691 1328,1690 1135,1690 1131,1694 1126,1694 1125,1696 1125,1697 1123,1698 1113,1698 1113,1698 1113,1697 1110,1694 1023,1694 1023,1694 1023,1693 1016,1686 1015,1686 1015,1686 1015,1682 1014,1681 864,1682 863,1680 863,1679 861,1678 860,1678 859,1676 858,1637 858,1637 857,1637 855,1635 855,1629 856,1629 857,1629 861,1625 862,1625 863,1624 912,1624 912,1623 912,1622 915,1620 916,1620 916,1619 916,1618 919,1616 1023,1615 1023,1615 1023,1614 1025,1612 1026,1612 1027,1611 1027,1610 1029,1608 1030,1608 1031,1607 1031,1598 1033,1596 1034,1596 1035,1595 1035,1582 1038,1579 1039,1579 1039,1579 1039,1569 1041,1567 1047,1567 1047,1567 1047,1566 1049,1564 1050,1563 1051,1563 1051,1563 1051,1558 1052,1557 1052,1556 1053,1555 1054,1555 1056,1553 1056,1552 1057,1551 1092,1551 1092,1552 1092,1562 1094,1563 1095,1563 1096,1565 1096,1604 1097,1604 1403,1604 1403,1603 1403,1602 1404,1601 1404,1600 1405,1600 1493,1599 1493,1599 1493,1575 1494,1574 1494,1573 1496,1571 1497,1571 1498,1570 1498,1569 1500,1567 1505,1567 1506,1566 1506,1565 1508,1563 1513,1563 1514,1565 1514,1566 1516,1567 1517,1567 1518,1569 1518,1616 1519,1616 1647,1616 1648,1617 1649,1617 1649,1618 1649,1619 1652,1621 1653,1621 1653,1622 1653,1623 1656,1625 1657,1625 1657,1626 1657,1627 1660,1629 1661,1629 1661,1630 1661,1631 1664,1633 1894,1633 1895,1634 2041,1633 2042,1632 2042,1627 2044,1625 2045,1625 2046,1624 2046,1623 2049,1620 2054,1620 2055,1619 2055,1618 2057,1616 2190,1616 2190,1615 2190,1601 2192,1600 2193,1600 2194,1598 2194,1593 2196,1592 2197,1592 2198,1590 2198,1580 2199,1580 2200,1580 2213,1567 2218,1567 2218,1566 2218,1565 2221,1563 2222,1563 2222,1562 2222,1561 2225,1559 2230,1559 2230,1558 2230,1557 2233,1555 2238,1555 2239,1553 2239,1552 2241,1551 2267,1551 2267,1551 2267,1552 2268,1553 2268,1554 2269,1555 2275,1555 2275,1555 2275,1556 2278,1559 2283,1559 2284,1560 2284,1561 2286,1563 2303,1563 2304,1564 2304,1565 2306,1567 2307,1567 2309,1569 2309,1570 2310,1571 2311,1571 2313,1573 2313,1574 2314,1575 2315,1575 2317,1577 2317,1578 2318,1579 2319,1580 2320,1580 2321,1581 2321,1586 2323,1588 2324,1588 2325,1589 2325,1600 2326,1601 2448,1600 2448,1600 2448,1548 2449,1547 2450,1547 2452,1545 2452,1544 2453,1543 2463,1543 2464,1545 2464,1546 2466,1547 2467,1547 2467,1548 2468,1549 2468,1550 2470,1551 2471,1551 2472,1553 2472,1600 2473,1600 2774,1600 2775,1598 2775,1597 2777,1596 2778,1596 2779,1594 2779,1593 2781,1592 2791,1592 2791,1592 2791,1593 2792,1594 2792,1600 2793,1601 2976,1600 2976,1600 2976,1561 2978,1559 2979,1559 2980,1558 2980,1557 2982,1555 2983,1555 2984,1554 2984,1553 2986,1551 2995,1551 2997,1554 2997,1555 2998,1555 3004,1555 3004,1556 3004,1557 3017,1570 3017,1575 3018,1575 3019,1575 3021,1578 3021,1587 3023,1588 3024,1588 3025,1590 3025,1612 3026,1612 3167,1612 3168,1613 3168,1614 3170,1616 3171,1616 3172,1617 3172,1617 3172,1618 3175,1621 3176,1621 3176,1621 3176,1622 3179,1625 3180,1625 3181,1626 3181,1627 3183,1629 3316,1628 3316,1628 3316,1614 3318,1612 3369,1612 3369,1612 3369,1569 3371,1567 3372,1567 3373,1566 3373,1565 3375,1563 3388,1563 3389,1565 3389,1566 3390,1567 3390,1629 3391,1629 3543,1629 3544,1628 3545,1628 3545,1627 3545,1622 3548,1620 3549,1620 3549,1619 3549,1618 3552,1616 3557,1616 3557,1615 3557,1614 3560,1612 3561,1612 3561,1611 3561,1610 3564,1608 3701,1608 3701,1607 3701,1551 3702,1551 3703,1551 3705,1549 3709,1544 3709,1543 3710,1543 3733,1543 3733,1543 3733,1544 3734,1545 3734,1546 3736,1547 3782,1547 3782,1548 3782,1549 3785,1551 3790,1551 3790,1552 3790,1553 3793,1555 3798,1555 3799,1557 3799,1562 3801,1563 3802,1563 3803,1565 3803,1570 3806,1572 3807,1572 3807,1573 3807,1596 3808,1596 3913,1596 3914,1598 3914,1599 3916,1600 3941,1600 3942,1602 3942,1603 3944,1604 3945,1604 3946,1606 3946,1629 3947,1629 4011,1629 4012,1630 4012,1635 4011,1637 4010,1637 4007,1639 4008,1647 4006,1649 4005,1649 4003,1651 4003,1652 4002,1653 3938,1653 3938,1654 3938,1681 3936,1682 3935,1682 3935,1683 3934,1684 3934,1685 3932,1686 3853,1686 3853,1687 3853,1688 3850,1690 3849,1690 3848,1689 3848,1688 3846,1686 3735,1686 3734,1685 3702,1686 3700,1683 3700,1682 3699,1682 3698,1682 3696,1679 3696,1666 3695,1666 3574,1666 3574,1666 3574,1667 3571,1670 3559,1670 3557,1667 3557,1666 3556,1666 3551,1666 3549,1663 3549,1662 3548,1662 3547,1662 3545,1659 3545,1658 3544,1658 3543,1658 3541,1655 3541,1653 3540,1653 3374,1653 3373,1655 3373,1656 3371,1657 3177,1658 3176,1659 3176,1660 3175,1661 3174,1661 3173,1662 3169,1662 3168,1663 3168,1664 3167,1665 3166,1665 3165,1666 3161,1666 3160,1667 3160,1668 3158,1670 3120,1670 3119,1671 3119,1672 3117,1674 3013,1674 3013,1675 3013,1676 3004,1685 3004,1686 3003,1686 2854,1686 2853,1685 2710,1686 2710,1686 2710,1745 2709,1746"/><TextEquiv index="1"><Unicode>“ſecret!“ -- „Qui es-tu?“ -- „Ber-</Unicode></TextEquiv></TextLine><TextLine id="r0_l007"><Coords points="1045,1956 1043,1955 1043,1954 1042,1952 1037,1952 1035,1951 1035,1950 1034,1948 1033,1948 1031,1947 1031,1946 1030,1945 1030,1944 1029,1944 1027,1943 1027,1887 1027,1886 874,1887 871,1884 871,1883 871,1883 870,1883 860,1874 859,1874 859,1873 859,1871 860,1870 861,1870 863,1868 863,1838 863,1838 864,1838 865,1837 870,1837 871,1836 871,1835 873,1833 874,1833 875,1832 875,1831 877,1829 878,1829 879,1828 879,1827 881,1825 918,1825 922,1821 1042,1820 1043,1820 1043,1819 1044,1817 1045,1817 1047,1816 1047,1815 1048,1813 1140,1813 1141,1813 1141,1767 1142,1766 1142,1765 1142,1764 1143,1764 1145,1763 1145,1762 1146,1760 1148,1760 1150,1762 1150,1763 1151,1764 1160,1764 1162,1766 1162,1767 1163,1768 1164,1768 1166,1770 1166,1775 1167,1776 1168,1776 1170,1778 1170,1791 1172,1793 1173,1793 1174,1794 1174,1809 1174,1809 1320,1809 1321,1809 1321,1810 1323,1813 1328,1813 1330,1814 1330,1815 1331,1817 1332,1817 1334,1818 1334,1819 1335,1821 1336,1821 1338,1822 1338,1823 1339,1825 1340,1825 1342,1826 1342,1829 1342,1830 1545,1829 1547,1828 1547,1827 1548,1825 1565,1825 1567,1827 1567,1828 1568,1829 1569,1829 1571,1831 1571,1832 1572,1833 1573,1833 1575,1835 1575,1836 1576,1837 1750,1837 1751,1836 1751,1778 1753,1776 1758,1776 1760,1774 1760,1773 1760,1773 1761,1772 1762,1772 1764,1770 1764,1765 1766,1763 1767,1763 1768,1762 1768,1761 1770,1759 1771,1759 1772,1758 1772,1757 1774,1755 1775,1755 1776,1754 1776,1752 1776,1752 1784,1752 1785,1752 1785,1836 1785,1837 1860,1837 1862,1835 1862,1834 1862,1834 1863,1834 1864,1833 2000,1832 2001,1832 2001,1828 2003,1825 2008,1825 2009,1825 2009,1824 2011,1821 2049,1821 2050,1821 2050,1820 2055,1815 2055,1814 2055,1813 2164,1813 2165,1812 2165,1765 2167,1763 2168,1763 2169,1762 2169,1761 2170,1760 2228,1760 2231,1757 2231,1756 2231,1756 2245,1756 2247,1757 2247,1758 2248,1760 2254,1760 2255,1760 2255,1799 2255,1800 2292,1800 2293,1801 2294,1801 2299,1806 2614,1805 2615,1804 2615,1762 2616,1761 2616,1760 2616,1760 2617,1760 2620,1757 2620,1756 2620,1756 2696,1756 2697,1755 2697,1753 2698,1752 2699,1752 2701,1750 2701,1749 2703,1747 2704,1747 2705,1746 2709,1746 2710,1747 2715,1747 2718,1749 2718,1804 2718,1805 2744,1805 2747,1802 2747,1801 2747,1801 2757,1801 2759,1802 2759,1803 2760,1805 2889,1804 2890,1804 2890,1757 2890,1756 2891,1756 2896,1751 2907,1751 2908,1752 2909,1752 2910,1753 2910,1804 2910,1804 2966,1804 2968,1803 2968,1802 2968,1801 2970,1801 2971,1800 3138,1800 3140,1798 3140,1797 3140,1797 3141,1797 3142,1796 3148,1796 3149,1797 3150,1797 3152,1798 3152,1800 3152,1801 3257,1801 3258,1801 3258,1802 3260,1805 3261,1805 3262,1806 3417,1805 3418,1805 3418,1749 3418,1748 3419,1748 3420,1747 3425,1747 3426,1747 3426,1746 3428,1743 3444,1743 3447,1746 3447,1747 3447,1747 3448,1747 3451,1750 3451,1800 3451,1800 3671,1800 3672,1799 3672,1798 3674,1796 3685,1796 3686,1797 3820,1796 3821,1797 3822,1797 3823,1798 3823,1799 3825,1801 3900,1801 3901,1802 3901,1803 3903,1805 3985,1805 3991,1810 3991,1823 3992,1825 3993,1825 3995,1826 3995,1827 3996,1828 3996,1869 3996,1870 4001,1870 4004,1872 4004,1881 4005,1882 4006,1882 4008,1884 4006,1887 4005,1887 4004,1887 4004,1888 4002,1891 3948,1891 3946,1890 3946,1888 3946,1887 3818,1887 3817,1886 3400,1887 3399,1886 3162,1887 3160,1888 3160,1889 3159,1891 3158,1891 3156,1889 3156,1888 3155,1887 2969,1887 2968,1888 2968,1889 2966,1891 2823,1891 2822,1890 2514,1891 2513,1892 2513,1898 2512,1899 2511,1899 2509,1901 2509,1927 2509,1927 2508,1927 2505,1930 2505,1935 2504,1936 2503,1936 2501,1938 2501,1943 2500,1944 2495,1944 2492,1947 2492,1948 2492,1948 2482,1948 2481,1948 2481,1947 2479,1944 2474,1944 2472,1943 2472,1892 2472,1891 2314,1892 2311,1895 2179,1895 2178,1894 2178,1893 2173,1888 2173,1887 2173,1887 2020,1887 2018,1886 2018,1885 2017,1883 2008,1883 2005,1881 2005,1880 2005,1879 2004,1879 2001,1877 2001,1876 1999,1874 1998,1874 1997,1873 1997,1870 1996,1869 1855,1870 1851,1866 1573,1866 1571,1869 1571,1874 1570,1874 1569,1874 1567,1877 1567,1878 1567,1878 1566,1878 1563,1881 1563,1882 1563,1882 1562,1882 1561,1883 1520,1883 1518,1885 1518,1886 1517,1887 1392,1888 1391,1888 1391,1893 1390,1895 1389,1895 1387,1896 1387,1901 1386,1903 1381,1903 1379,1901 1379,1900 1378,1899 1110,1899 1109,1900 1109,1926 1107,1928 1106,1928 1105,1929 1105,1938 1103,1940 1102,1940 1101,1941 1101,1942 1099,1944 1098,1944 1097,1945 1097,1946 1095,1948 1090,1948 1088,1950 1088,1951 1087,1952 1074,1952 1072,1954 1072,1955 1071,1956"/><TextEquiv index="1"><Unicode>“gère.“ -- „Et qu'étois - tu dans ton</Unicode></TextEquiv></TextLine><TextLine id="r0_l008"><Coords points="1024,2157 1023,2156 1023,2154 1022,2153 1022,2120 1021,2119 880,2120 880,2119 880,2118 877,2116 872,2116 871,2114 870,2095 870,2095 868,2095 867,2094 867,2093 865,2091 861,2091 857,2087 856,2087 855,2086 855,2076 857,2075 859,2075 859,2074 859,2035 861,2034 908,2034 908,2033 908,2031 910,2030 915,2030 916,2028 916,2027 918,2026 1031,2025 1031,2025 1031,2024 1033,2022 1034,2022 1035,2021 1035,2020 1037,2018 1227,2018 1228,2017 1301,2017 1301,2016 1301,2015 1303,2014 1304,2014 1305,2013 1407,2013 1407,2012 1407,1975 1408,1974 1408,1973 1409,1973 1410,1973 1412,1970 1412,1969 1413,1969 1414,1969 1415,1968 1430,1968 1431,1969 1432,1969 1432,1969 1432,1970 1435,1973 1436,1973 1436,1973 1436,1974 1439,1977 1440,1977 1440,1977 1440,1978 1443,1981 1443,1982 1451,1989 1452,1989 1452,1990 1452,1991 1453,1992 1453,1997 1454,1997 1455,1997 1457,2000 1457,2026 1458,2026 1616,2026 1616,2027 1616,2028 1617,2029 1617,2030 1618,2030 1628,2030 1628,2031 1628,2032 1631,2034 1632,2034 1632,2035 1632,2036 1635,2038 1636,2038 1637,2040 1637,2042 1638,2042 2034,2041 2034,2041 2034,2040 2036,2038 2037,2038 2038,2037 2038,2036 2040,2034 2045,2034 2047,2032 2047,2031 2048,2030 2054,2030 2054,2030 2054,2029 2055,2028 2055,2027 2056,2026 2218,2026 2218,2025 2218,2019 2220,2018 2221,2018 2222,2016 2222,2003 2225,2001 2226,2001 2226,2000 2226,1995 2229,1993 2230,1993 2230,1992 2230,1991 2231,1990 2231,1986 2246,1972 2247,1972 2247,1971 2247,1970 2250,1968 2259,1968 2259,1967 2259,1966 2262,1964 2271,1964 2272,1962 2272,1961 2274,1960 2307,1960 2308,1961 2308,1962 2310,1964 2319,1964 2321,1966 2321,1967 2322,1968 2327,1968 2329,1970 2329,1971 2331,1973 2336,1973 2337,1974 2337,1975 2338,1976 2339,1976 2345,1982 2345,1991 2347,1993 2348,1993 2350,1995 2350,1996 2351,1997 2352,1997 2353,1998 2353,1999 2354,2000 2354,2009 2355,2010 2562,2009 2562,2009 2562,2008 2565,2005 2566,2005 2566,2005 2566,2004 2569,2001 2573,2001 2575,2004 2575,2005 2576,2005 2685,2005 2685,2004 2685,1957 2686,1957 2687,1957 2690,1953 2690,1952 2691,1952 2700,1952 2702,1954 2702,1955 2703,1956 2762,1956 2763,1957 2763,1963 2764,1964 2765,1964 2766,1965 2767,1965 2767,1965 2767,1971 2768,1972 2769,1972 2775,1978 2775,1983 2777,1985 2778,1985 2779,1986 2779,1991 2781,1993 2782,1993 2783,1994 2783,1995 2784,1996 2784,2008 2786,2010 2983,2009 2987,2005 3156,2005 3156,2004 3156,2002 3157,2002 3158,2002 3160,1999 3160,1990 3162,1989 3163,1989 3164,1987 3164,1974 3166,1973 3167,1973 3168,1971 3168,1966 3171,1964 3176,1964 3176,1963 3176,1958 3179,1956 3184,1956 3185,1954 3185,1953 3187,1952 3196,1952 3197,1950 3197,1949 3199,1948 3204,1948 3205,1949 3205,1950 3207,1952 3220,1952 3222,1954 3222,1955 3223,1956 3224,1956 3226,1958 3226,2004 3227,2005 3261,2005 3262,2006 3467,2005 3467,2005 3467,2004 3470,2001 3528,2001 3529,1999 3529,1998 3531,1997 3536,1997 3537,1998 3537,2004 3538,2005 3560,2005 3561,2006 3561,2015 3564,2018 3565,2018 3565,2018 3565,2021 3566,2022 3728,2022 3729,2020 3729,2019 3731,2018 3735,2017 3736,2018 3749,2018 3750,2020 3750,2021 3752,2022 3753,2022 3754,2024 3754,2025 3756,2026 3757,2026 3758,2028 3758,2034 3759,2034 4007,2034 4008,2035 4008,2060 4006,2063 3755,2063 3754,2064 3754,2066 3754,2066 3753,2066 3745,2074 3745,2075 3745,2075 3735,2075 3733,2077 3733,2078 3733,2079 3609,2079 3606,2081 3606,2082 3606,2083 3605,2083 3602,2085 3602,2086 3602,2087 3597,2087 3594,2089 3594,2090 3594,2091 3592,2091 3591,2092 3307,2092 3306,2091 3234,2092 3233,2091 3015,2091 3014,2092 3006,2092 3004,2094 3004,2095 3004,2095 3003,2095 3002,2096 2999,2096 2996,2094 2996,2093 2996,2092 2869,2092 2868,2093 2869,2107 2867,2108 2866,2108 2866,2109 2866,2110 2863,2112 2842,2112 2841,2111 2840,2093 2840,2092 2711,2093 2708,2096 2366,2096 2365,2097 2366,2123 2364,2124 2363,2124 2360,2127 2359,2127 2357,2130 2357,2131 2356,2132 2355,2132 2353,2134 2353,2135 2352,2136 2351,2136 2350,2137 2342,2137 2341,2138 2341,2139 2340,2140 2339,2140 2338,2141 2318,2141 2316,2138 2316,2137 2315,2137 2311,2137 2310,2136 2309,2136 2308,2134 2308,2133 2306,2132 2301,2132 2300,2130 2300,2129 2298,2128 2293,2128 2292,2126 2292,2125 2290,2124 2289,2124 2288,2122 2288,2117 2286,2116 2285,2116 2284,2114 2284,2113 2283,2113 2282,2112 2281,2112 2280,2110 2280,2109 2278,2108 2277,2108 2276,2106 2275,2096 2275,2096 2266,2096 2263,2093 2263,2092 2262,2091 2257,2091 2255,2089 2255,2088 2254,2087 2253,2087 2251,2085 2251,2084 2250,2083 2245,2083 2243,2081 2243,2080 2242,2079 2068,2079 2067,2080 2067,2086 2066,2087 2052,2087 2051,2087 2051,2086 2049,2083 2040,2083 2038,2082 2038,2081 2037,2079 2036,2079 2034,2078 2034,2077 2033,2075 2032,2075 2030,2074 2030,2067 2030,2066 1811,2067 1809,2068 1809,2069 1808,2071 1638,2071 1637,2072 1637,2074 1636,2075 1635,2075 1633,2077 1633,2078 1632,2079 1631,2079 1629,2081 1629,2082 1628,2083 1623,2083 1620,2086 1620,2087 1620,2087 1446,2087 1445,2088 1445,2089 1444,2090 1444,2091 1444,2091 1442,2092 1440,2093 1440,2094 1440,2095 1439,2095 1436,2097 1436,2098 1436,2099 1435,2099 1432,2101 1432,2102 1432,2103 1431,2103 1430,2104 1426,2104 1424,2102 1424,2101 1423,2100 1419,2100 1418,2099 1417,2099 1416,2098 1416,2096 1416,2096 1245,2096 1244,2096 1244,2101 1243,2103 1242,2103 1241,2104 1240,2104 1239,2104 1240,2109 1237,2112 1236,2112 1236,2112 1236,2121 1235,2122 1235,2123 1234,2124 1233,2124 1231,2126 1231,2127 1230,2128 1229,2128 1228,2129 1228,2137 1227,2138 1227,2139 1226,2140 1225,2140 1223,2142 1223,2147 1221,2149 1064,2149 1064,2150 1064,2155 1063,2156 1063,2157 1062,2157"/><TextEquiv index="1"><Unicode>“pays?“ -- „Quatrième ſecret.“ --</Unicode></TextEquiv></TextLine><TextLine id="r0_l009"><Coords points="879,2159 4008,2152 4008,2330 880,2337"/><TextEquiv index="1"><Unicode>„Avec tous tes ſecrets, tu es fort im-</Unicode></TextEquiv></TextLine><TextLine id="r0_l010"><Coords points="1765,2567 1765,2566 1764,2509 1764,2509 1524,2509 1522,2508 1522,2507 1521,2505 1508,2505 1506,2504 1506,2503 1505,2501 1311,2502 1309,2503 1309,2504 1309,2505 1172,2505 1170,2507 1170,2508 1169,2509 1073,2509 1072,2510 1072,2557 1071,2558 1070,2558 1068,2560 1068,2561 1068,2561 1067,2561 1066,2562 1036,2562 1035,2562 1035,2556 1035,2555 1034,2555 1031,2553 1031,2497 1031,2496 865,2497 863,2495 863,2494 861,2492 860,2492 859,2491 859,2444 860,2444 861,2444 863,2441 863,2440 864,2440 865,2440 866,2439 908,2439 908,2438 908,2436 909,2436 910,2436 915,2431 1035,2430 1035,2430 1035,2429 1037,2427 1038,2427 1039,2426 1039,2426 1039,2425 1041,2423 1046,2423 1047,2422 1047,2421 1049,2419 1284,2419 1284,2418 1284,2417 1288,2414 1289,2414 1289,2413 1289,2412 1291,2411 1338,2411 1338,2410 1338,2371 1340,2370 1341,2370 1342,2368 1342,2363 1344,2362 1358,2362 1358,2362 1358,2363 1361,2366 1362,2366 1362,2366 1362,2367 1363,2368 1363,2417 1365,2419 1444,2418 1445,2419 1681,2419 1682,2417 1682,2416 1684,2415 1693,2415 1694,2416 1694,2418 1695,2419 1775,2419 1776,2420 1776,2421 1778,2423 1783,2423 1784,2424 1784,2425 1785,2426 1786,2427 1787,2427 1789,2429 1789,2430 1790,2431 1795,2431 1797,2433 1797,2442 1798,2443 1799,2443 1801,2445 1801,2475 1802,2476 1985,2475 1985,2475 1985,2425 1987,2423 1988,2423 1989,2422 1989,2421 1991,2419 2000,2419 2001,2418 2001,2417 2003,2415 2009,2415 2009,2416 2009,2417 2010,2418 2010,2419 2011,2419 2300,2419 2300,2418 2300,2400 2303,2398 2304,2398 2304,2397 2304,2388 2307,2386 2308,2386 2308,2385 2308,2380 2309,2379 2309,2378 2310,2378 2311,2378 2312,2376 2312,2372 2313,2371 2313,2370 2314,2370 2315,2370 2315,2369 2317,2367 2317,2366 2318,2366 2323,2366 2325,2363 2325,2362 2326,2362 2357,2362 2358,2363 2472,2362 2472,2363 2472,2415 2473,2415 2549,2415 2550,2417 2550,2418 2552,2419 2553,2419 2554,2421 2554,2422 2556,2423 2557,2423 2558,2425 2558,2427 2559,2427 2774,2427 2775,2428 2775,2429 2777,2431 2786,2431 2788,2433 2788,2434 2789,2435 2790,2435 2792,2437 2792,2438 2793,2439 2794,2439 2796,2441 2796,2443 2797,2444 3160,2443 3160,2442 3160,2441 3163,2439 3164,2439 3164,2438 3164,2437 3167,2435 3168,2435 3168,2434 3168,2433 3171,2431 3172,2431 3172,2430 3172,2429 3175,2427 3316,2426 3316,2426 3316,2363 3317,2362 3318,2362 3320,2360 3320,2359 3321,2358 3322,2358 3323,2357 3534,2357 3535,2358 3536,2358 3537,2359 3537,2360 3538,2361 3539,2361 3541,2363 3541,2410 3542,2411 3675,2411 3676,2412 3827,2411 3827,2411 3827,2365 3828,2364 3828,2363 3829,2362 3834,2362 3836,2360 3836,2359 3837,2358 3839,2358 3840,2360 3840,2361 3842,2362 3847,2362 3848,2364 3848,2411 3849,2411 3991,2411 3991,2411 3991,2412 3994,2415 3999,2415 3999,2415 3999,2416 4000,2417 4000,2421 4008,2429 4008,2482 4006,2485 4005,2485 4004,2485 4004,2486 4002,2489 4001,2489 4000,2489 4000,2490 3998,2493 3997,2493 3996,2493 3996,2494 3994,2497 3989,2497 3987,2498 3987,2499 3986,2501 3977,2501 3975,2499 3975,2498 3974,2497 3784,2497 3783,2498 3783,2499 3781,2501 3694,2502 3693,2502 3693,2551 3692,2552 3692,2553 3692,2554 3657,2554 3656,2553 3656,2552 3655,2551 3655,2497 3655,2497 3342,2497 3340,2499 3340,2500 3339,2501 3338,2501 3336,2503 3336,2504 3335,2505 3326,2505 3324,2507 3324,2508 3323,2509 3309,2509 3308,2509 3308,2508 3307,2507 3307,2506 3307,2505 3301,2505 3300,2505 3300,2504 3299,2503 3299,2498 3299,2497 3298,2497 3295,2495 3295,2485 3295,2484 3171,2485 3168,2482 3168,2481 3167,2480 3162,2480 3160,2478 3160,2477 3159,2476 3158,2476 3156,2474 3156,2468 3156,2468 2888,2468 2886,2470 2886,2471 2885,2472 2789,2473 2787,2474 2787,2475 2787,2476 2786,2476 2783,2478 2783,2483 2783,2484 2782,2484 2781,2485 2777,2485 2775,2486 2775,2487 2775,2488 2774,2488 2773,2489 2608,2489 2607,2489 2607,2495 2606,2497 2605,2497 2603,2498 2603,2499 2602,2501 2601,2501 2599,2502 2599,2503 2598,2505 2519,2505 2517,2504 2517,2502 2517,2501 2362,2501 2361,2500 2020,2501 2017,2504 2017,2505 2017,2505 1904,2505 1903,2506 1903,2523 1901,2526 1900,2526 1899,2526 1899,2527 1897,2530 1896,2530 1895,2530 1895,2531 1893,2534 1892,2534 1891,2534 1891,2535 1889,2538 1884,2538 1883,2538 1883,2539 1881,2542 1868,2542 1867,2541 1867,2540 1867,2540 1864,2537 1863,2537 1862,2536 1862,2509 1862,2509 1779,2509 1778,2509 1779,2566 1778,2567"/><TextEquiv index="1"><Unicode>“pertinente, ma fille.“ -- „J'ai peine</Unicode></TextEquiv></TextLine><TextLine id="r0_l011"><Coords points="3059,2764 3059,2763 3059,2706 3058,2706 3051,2706 3050,2704 3050,2703 3048,2702 2921,2702 2920,2701 2919,2701 2919,2701 2919,2700 2918,2699 2918,2689 2917,2688 2707,2689 2706,2690 2706,2691 2704,2693 2702,2693 2701,2694 2700,2693 2698,2693 2697,2691 2697,2690 2695,2689 2682,2689 2681,2687 2681,2686 2680,2686 2679,2685 2678,2685 2677,2683 2677,2678 2675,2677 2674,2677 2673,2675 2673,2673 2672,2673 2375,2673 2374,2675 2374,2676 2372,2677 2186,2678 2181,2683 2181,2684 2180,2685 2174,2685 2174,2685 2174,2686 2173,2687 2173,2688 2172,2689 2134,2689 2132,2691 2132,2692 2131,2693 1982,2693 1981,2695 1981,2704 1978,2706 1973,2706 1973,2707 1973,2708 1970,2710 1904,2710 1903,2709 1699,2710 1699,2710 1699,2711 1698,2712 1696,2714 1695,2714 1694,2712 1694,2711 1692,2710 1544,2710 1543,2709 1543,2708 1541,2706 1532,2706 1531,2705 1093,2706 1092,2708 1092,2709 1090,2710 1077,2710 1076,2709 1076,2708 1074,2706 1033,2706 1032,2705 1031,2705 1031,2705 1031,2704 1028,2701 1027,2701 1026,2700 867,2701 867,2700 867,2699 864,2697 860,2697 856,2693 855,2693 855,2692 855,2645 856,2644 861,2644 863,2642 863,2641 864,2640 907,2640 908,2639 908,2637 909,2636 1038,2635 1039,2635 1039,2634 1040,2632 1045,2632 1047,2631 1047,2630 1048,2628 1053,2628 1055,2627 1055,2577 1056,2575 1057,2575 1060,2573 1060,2572 1061,2570 1069,2570 1072,2573 1072,2575 1072,2575 1261,2575 1262,2574 1263,2574 1264,2573 1264,2572 1266,2570 1271,2570 1272,2569 1272,2568 1274,2566 1286,2566 1289,2568 1289,2618 1289,2619 1337,2619 1338,2620 1357,2620 1358,2620 1358,2621 1360,2624 1365,2624 1366,2625 1606,2624 1608,2623 1608,2622 1609,2620 1610,2620 1611,2619 1759,2619 1760,2618 1760,2571 1760,2571 1761,2571 1764,2568 1764,2567 1764,2567 1779,2567 1780,2567 1780,2568 1781,2570 1785,2570 1786,2571 1787,2571 1788,2571 1788,2582 1789,2583 1789,2618 1789,2619 1902,2618 1904,2620 1918,2620 1919,2621 1919,2622 1921,2624 1930,2624 1932,2626 1932,2627 1933,2628 1934,2628 1936,2630 1936,2631 1937,2632 2160,2632 2161,2631 2161,2629 2162,2628 2180,2628 2181,2628 2181,2629 2183,2632 2184,2632 2185,2632 2185,2633 2187,2636 2188,2636 2189,2636 2189,2637 2191,2640 2192,2640 2194,2641 2194,2647 2194,2648 2351,2648 2352,2649 2676,2648 2677,2647 2677,2645 2678,2644 2679,2644 2680,2643 2681,2642 2681,2641 2682,2640 2683,2640 2684,2639 2685,2638 2685,2637 2686,2636 2691,2636 2694,2633 2694,2632 2694,2632 2740,2632 2742,2630 2742,2629 2743,2628 2876,2627 2877,2627 2877,2574 2878,2573 2878,2572 2878,2571 2879,2571 2880,2570 2882,2569 2882,2568 2883,2566 2991,2566 2992,2566 2992,2565 2994,2562 2998,2562 3001,2565 3001,2566 3001,2566 3010,2566 3013,2569 3013,2616 3013,2616 3343,2615 3344,2615 3344,2614 3346,2611 3350,2611 3353,2614 3353,2615 3353,2615 3622,2615 3623,2614 3623,2563 3624,2562 3645,2562 3647,2563 3647,2564 3648,2566 3649,2566 3651,2567 3651,2568 3652,2569 3652,2614 3652,2615 3714,2615 3715,2616 3914,2615 3915,2616 3957,2616 3959,2618 3959,2619 3959,2619 3978,2619 3979,2620 3990,2620 3991,2620 3991,2621 3993,2624 3994,2624 3995,2624 3995,2625 3997,2628 3998,2628 3999,2628 3999,2629 4000,2630 4000,2684 4000,2685 4006,2685 4007,2685 4007,2686 4008,2687 4008,2703 4005,2706 4001,2706 3999,2703 3999,2702 3998,2702 3875,2702 3874,2701 3435,2702 3434,2704 3434,2705 3432,2706 3271,2707 3271,2707 3271,2756 3270,2757 3270,2758 3269,2759 3263,2759 3263,2759 3263,2760 3260,2763 3251,2763 3250,2761 3250,2760 3248,2759 3235,2759 3234,2757 3234,2706 3233,2706 3065,2706 3065,2706 3065,2763 3064,2764"/><TextEquiv index="1"><Unicode>“à le croire.“ -- „Tu prends un</Unicode></TextEquiv></TextLine><TextLine id="r0_l012"><Coords points="2312,2972 2311,2971 2311,2907 2311,2907 2203,2907 2202,2907 2202,2925 2202,2926 2201,2926 2198,2928 2198,2933 2197,2935 2196,2935 2193,2937 2193,2938 2193,2939 2192,2939 2189,2941 2189,2942 2189,2943 2188,2943 2185,2945 2185,2946 2185,2947 2184,2947 2181,2949 2181,2950 2181,2951 2180,2951 2177,2953 2177,2954 2177,2955 2167,2955 2165,2953 2165,2910 2165,2910 1892,2911 1891,2911 1891,2912 1890,2914 1889,2914 1888,2915 1814,2915 1813,2915 1813,2962 1813,2963 1812,2963 1807,2968 1775,2968 1774,2967 1773,2967 1772,2966 1772,2965 1771,2964 1767,2964 1766,2963 1765,2963 1764,2962 1764,2910 1764,2910 1245,2911 1244,2911 1244,2912 1243,2914 1242,2914 1241,2915 1194,2915 1193,2914 1192,2914 1191,2914 1191,2913 1190,2911 1035,2911 1034,2910 1033,2910 1027,2905 1027,2902 1027,2901 865,2902 863,2900 863,2899 862,2898 853,2898 851,2896 851,2841 852,2841 857,2841 858,2840 859,2840 859,2839 859,2838 861,2837 874,2837 875,2835 875,2834 877,2833 1034,2832 1035,2831 1035,2830 1036,2829 1037,2829 1038,2828 1047,2828 1047,2828 1047,2826 1048,2825 1049,2825 1050,2824 1530,2823 1530,2823 1530,2782 1532,2779 1533,2779 1534,2779 1534,2774 1536,2771 1549,2771 1551,2773 1551,2774 1552,2775 1553,2775 1555,2777 1555,2824 1556,2824 1788,2824 1788,2823 1788,2822 1789,2821 1789,2820 1790,2820 1791,2820 1793,2822 1793,2823 1794,2824 1795,2824 1797,2826 1987,2825 1988,2824 2013,2824 2014,2823 2014,2822 2016,2820 2071,2820 2071,2820 2071,2781 2072,2779 2073,2779 2075,2778 2075,2769 2076,2767 2081,2767 2083,2766 2083,2765 2084,2763 2086,2763 2087,2764 2087,2765 2088,2766 2088,2767 2088,2767 2094,2767 2095,2768 2095,2769 2096,2770 2096,2775 2096,2775 2097,2775 2100,2778 2100,2820 2101,2820 2325,2820 2325,2819 2325,2809 2327,2808 2328,2808 2329,2806 2329,2792 2329,2792 2330,2792 2331,2791 2332,2791 2333,2790 2333,2784 2333,2784 2334,2784 2336,2782 2342,2776 2342,2775 2342,2775 2348,2775 2349,2774 2349,2773 2354,2768 2354,2767 2354,2767 2360,2766 2361,2766 2361,2765 2361,2764 2362,2764 2363,2763 2380,2763 2382,2765 2382,2766 2383,2767 2384,2767 2386,2769 2386,2770 2387,2771 2392,2771 2394,2773 2394,2774 2395,2775 2395,2812 2396,2812 2533,2812 2533,2813 2533,2814 2538,2819 2538,2820 2539,2820 2647,2820 2648,2821 2648,2822 2650,2824 2996,2823 2999,2820 3049,2820 3049,2819 3049,2778 3050,2777 3050,2776 3051,2775 3052,2775 3054,2773 3054,2768 3055,2767 3056,2767 3057,2766 3057,2765 3058,2764 3065,2764 3066,2764 3066,2765 3067,2767 3072,2767 3074,2768 3074,2815 3075,2816 3077,2816 3078,2817 3078,2817 3078,2819 3079,2820 3142,2820 3143,2821 3422,2820 3422,2820 3422,2773 3423,2771 3424,2771 3427,2769 3427,2768 3427,2767 3428,2767 3431,2765 3431,2764 3431,2763 3437,2763 3438,2764 3438,2765 3440,2767 3445,2767 3447,2769 3447,2820 3448,2820 3720,2820 3721,2821 3926,2820 3926,2820 3926,2785 3926,2784 3927,2784 3930,2782 3930,2773 3931,2771 3932,2771 3934,2770 3934,2765 3935,2763 3940,2763 3942,2765 3942,2766 3943,2767 3944,2767 3946,2769 3946,2824 3947,2824 3949,2824 3950,2826 3950,2831 3953,2833 3954,2833 3954,2834 3954,2835 3955,2836 3955,2845 3956,2845 4007,2845 4008,2846 4008,2847 4009,2848 4010,2849 4011,2849 4012,2850 4012,2863 4011,2865 4010,2865 4008,2866 4008,2867 4007,2869 4006,2869 4004,2870 4004,2871 4003,2873 4002,2873 4001,2874 3956,2874 3955,2875 3955,2892 3953,2894 3952,2894 3951,2895 3951,2896 3949,2898 3948,2898 3947,2899 3947,2900 3945,2902 3936,2902 3934,2904 3934,2905 3933,2906 3928,2906 3926,2908 3926,2909 3925,2910 3924,2910 3923,2911 3922,2911 3921,2910 3919,2910 3918,2910 3918,2909 3916,2906 3837,2906 3836,2905 3511,2906 3508,2908 3508,2909 3508,2910 3506,2910 3505,2911 3504,2911 3503,2910 3502,2910 3500,2909 3500,2908 3499,2906 3325,2906 3324,2905 3130,2906 3127,2908 3127,2909 3127,2910 3125,2910 3123,2908 3123,2907 3122,2906 2911,2906 2910,2907 2910,2910 2910,2910 2909,2910 2906,2913 2906,2914 2906,2914 2905,2914 2904,2915 2897,2915 2896,2914 2895,2914 2894,2914 2894,2911 2894,2910 2838,2910 2837,2909 2568,2910 2567,2911 2567,2924 2566,2925 2566,2926 2565,2927 2564,2927 2562,2929 2562,2938 2561,2939 2560,2939 2559,2940 2559,2941 2558,2942 2558,2943 2558,2943 2543,2943 2542,2943 2542,2942 2541,2941 2541,2940 2541,2939 2540,2939 2537,2937 2537,2936 2537,2935 2532,2935 2529,2933 2529,2932 2529,2931 2511,2931 2509,2930 2509,2907 2509,2906 2330,2907 2329,2907 2329,2971 2329,2972"/><TextEquiv index="1"><Unicode>“mauvais parti; ſi tu avois mieux ré-</Unicode></TextEquiv></TextLine><TextLine id="r0_l013"><Coords points="1659,3173 1659,3173 1659,3116 1658,3115 1072,3116 1072,3117 1072,3167 1070,3168 1023,3168 1023,3168 1023,3166 1022,3165 1022,3111 1021,3110 884,3111 884,3110 884,3109 883,3108 883,3107 882,3107 856,3107 855,3105 855,3066 854,3066 852,3066 851,3064 851,3050 851,3050 852,3050 853,3049 855,3047 855,3046 855,3046 856,3046 857,3045 861,3045 863,3043 863,3042 863,3042 864,3042 865,3041 1022,3040 1023,3040 1023,3039 1024,3037 1025,3037 1027,3036 1027,3035 1028,3033 1029,3033 1030,3032 1031,3032 1031,3031 1032,3029 1037,3029 1039,3028 1039,3027 1040,3025 1358,3025 1359,3024 1358,2978 1359,2977 1359,2976 1360,2976 1361,2976 1363,2973 1363,2972 1364,2972 1378,2972 1380,2974 3333,2969 3334,2968 3343,2968 3344,2967 3344,2966 3346,2964 3347,2964 3348,2963 3350,2963 3351,2964 3352,2964 3353,2966 3353,2967 3354,2967 3489,2967 3490,2968 3491,2968 3492,2969 3946,2968 3946,2969 3946,2970 3949,2972 3950,2972 3950,2973 3950,2974 3951,2975 3952,3021 3952,3021 4006,3021 4008,3022 4008,3039 4006,3041 4005,3041 4004,3042 4004,3043 4003,3044 4002,3045 4001,3045 4000,3046 4000,3104 3997,3107 3996,3107 3996,3107 3996,3108 3993,3111 3791,3111 3791,3112 3791,3114 3789,3115 2849,3117 2849,3118 2849,3134 2846,3136 2845,3136 2845,3137 2845,3142 2842,3144 2841,3144 2841,3145 2841,3150 2840,3151 2840,3152 2839,3152 2838,3152 2836,3155 2836,3156 2835,3156 2834,3156 2832,3159 2832,3160 2831,3160 2825,3160 2824,3159 2534,3160 2534,3160 2534,3158 2533,3157 2533,3114 2532,3113 1668,3115 1668,3116 1668,3173 1667,3173"/><TextEquiv index="1"><Unicode>“pondu aux bontés que je voulois avoir</Unicode></TextEquiv></TextLine><TextLine id="r0_l014"><Coords points="1707,3377 1706,3376 1706,3366 1706,3366 1068,3367 1067,3368 1067,3369 1067,3369 1029,3369 1027,3368 1027,3308 1027,3307 858,3308 857,3307 856,3307 855,3306 855,3251 856,3250 865,3250 867,3248 867,3247 868,3246 910,3246 912,3244 912,3243 913,3242 1030,3241 1031,3241 1031,3240 1033,3237 1034,3237 1035,3237 1035,3236 1036,3234 1041,3234 1043,3233 1043,3232 1044,3230 1049,3230 1051,3229 1051,3228 1052,3226 1053,3226 1054,3225 1505,3224 1506,3224 1506,3223 1506,3222 1507,3222 1508,3221 1652,3221 1653,3221 1653,3179 1655,3176 1656,3176 1657,3176 1657,3175 1658,3173 1668,3173 1669,3174 2572,3172 2573,3173 3125,3172 3127,3174 3935,3172 3936,3173 3937,3173 3938,3174 3938,3230 3938,3230 3990,3230 3991,3230 3991,3231 3993,3234 3994,3234 3995,3234 3995,3235 3997,3238 3998,3238 3999,3238 3999,3239 4000,3240 4000,3286 4001,3287 4011,3287 4012,3288 4012,3301 4010,3304 4009,3304 4008,3304 4008,3305 4006,3308 4005,3308 4004,3308 4004,3309 4002,3312 3805,3312 3803,3314 3803,3315 3802,3316 3624,3317 3623,3317 3623,3363 3623,3364 3622,3364 3621,3364 3618,3367 3618,3368 3618,3369 3588,3369 3586,3367 2720,3369 2718,3367 2718,3364 2718,3364 1717,3366 1716,3366 1716,3376 1716,3377"/><TextEquiv index="1"><Unicode>“pour toi, je t'aurois peut-être, par la</Unicode></TextEquiv></TextLine><TextLine id="r0_l015"><Coords points="1838,3579 1838,3578 1838,3517 1837,3517 1785,3517 1784,3518 1784,3568 1782,3570 1781,3570 1780,3571 1780,3572 1778,3574 1765,3574 1761,3578 1753,3578 1751,3575 1751,3521 1750,3521 1453,3521 1453,3522 1453,3535 1450,3537 1449,3537 1449,3538 1449,3539 1447,3540 1445,3540 1445,3541 1445,3542 1442,3545 1441,3545 1441,3545 1441,3546 1438,3549 1429,3549 1428,3550 1428,3552 1427,3553 1424,3553 1424,3552 1424,3550 1422,3549 1412,3549 1412,3548 1412,3546 1411,3545 1411,3521 1410,3521 1111,3521 1110,3520 1027,3520 1027,3520 1027,3519 1024,3516 1023,3516 1023,3516 1023,3515 1020,3512 1019,3512 1018,3511 851,3512 851,3511 851,3510 849,3508 848,3508 847,3508 847,3507 847,3505 846,3504 847,3503 846,3458 847,3457 847,3456 849,3455 850,3455 850,3454 850,3453 851,3452 851,3443 852,3443 1027,3442 1027,3442 1027,3436 1028,3435 1029,3435 1031,3433 1031,3432 1032,3431 1033,3431 1035,3429 1035,3424 1037,3422 1038,3422 1039,3421 1039,3412 1041,3410 1042,3410 1043,3409 1043,3408 1045,3406 1046,3406 1047,3405 1047,3396 1050,3393 1051,3393 1051,3393 1051,3392 1054,3389 1055,3389 1055,3389 1055,3388 1058,3385 1059,3385 1059,3385 1059,3384 1062,3381 1067,3381 1068,3380 1068,3379 1070,3377 1075,3377 1076,3376 1076,3375 1078,3373 1091,3373 1092,3375 1092,3376 1094,3377 1210,3377 1211,3379 1211,3380 1213,3381 1214,3381 1215,3382 1215,3425 1216,3426 1259,3426 1260,3427 1260,3429 1261,3430 1336,3430 1337,3431 1338,3431 1338,3431 1338,3432 1340,3434 1348,3434 1349,3435 1350,3435 1350,3435 1350,3436 1352,3438 1353,3439 1354,3439 1354,3439 1354,3444 1357,3447 1358,3447 1358,3447 1358,3448 1361,3451 1362,3451 1362,3451 1362,3452 1363,3453 1364,3491 1364,3492 1551,3491 1552,3491 1551,3445 1558,3438 1559,3438 1559,3438 1559,3437 1562,3434 1563,3434 1563,3434 1563,3412 1565,3410 1566,3410 1567,3409 1567,3408 1569,3406 1570,3406 1571,3405 1571,3396 1574,3393 1575,3393 1575,3393 1575,3392 1578,3389 1579,3389 1580,3388 1580,3387 1582,3385 1583,3385 1584,3384 1584,3383 1586,3381 1587,3381 1588,3380 1588,3379 1590,3377 1595,3377 1596,3376 1596,3375 1598,3373 1624,3373 1624,3374 1624,3375 1627,3377 1718,3377 1719,3378 1719,3384 1720,3385 1721,3385 1722,3386 1723,3386 1723,3386 1723,3425 1724,3426 1907,3425 1907,3425 1907,3424 1908,3423 1909,3422 1910,3422 1912,3425 1912,3426 1913,3426 1914,3426 1915,3428 1915,3429 1917,3430 1918,3430 1919,3432 1919,3433 1921,3434 2120,3434 2120,3434 2120,3424 2122,3422 2123,3422 2124,3421 2124,3412 2126,3410 2127,3410 2128,3409 2128,3400 2130,3398 2131,3398 2132,3396 2132,3391 2135,3389 2136,3389 2136,3388 2136,3387 2139,3385 2140,3385 2140,3384 2140,3383 2143,3381 2144,3381 2144,3380 2144,3379 2147,3377 2148,3377 2149,3375 2149,3374 2151,3373 2156,3373 2157,3371 2157,3370 2159,3369 2185,3369 2185,3369 2185,3370 2186,3371 2186,3376 2187,3377 2188,3377 2190,3379 2190,3425 2191,3426 2357,3426 2357,3425 2357,3424 2360,3422 2363,3421 2370,3429 2370,3430 2371,3430 2647,3430 2648,3431 2648,3432 2650,3434 2655,3434 2656,3435 2656,3436 2659,3439 2660,3439 2661,3440 2661,3443 2662,3444 2848,3443 2849,3445 2849,3446 2851,3447 2856,3447 2857,3449 2857,3454 2859,3455 2860,3455 2861,3457 2861,3463 2862,3463 3143,3463 3144,3461 3144,3460 3146,3459 3271,3459 3271,3458 3271,3456 3273,3455 3274,3455 3274,3454 3274,3453 3279,3448 3280,3448 3281,3447 3290,3447 3291,3446 3291,3445 3293,3443 3330,3443 3331,3442 3438,3442 3438,3442 3438,3389 3439,3388 3439,3387 3441,3385 3442,3385 3443,3384 3443,3383 3445,3381 3495,3381 3496,3383 3496,3384 3499,3386 3500,3386 3500,3387 3500,3426 3501,3426 3770,3425 3770,3425 3770,3408 3772,3406 3773,3406 3774,3405 3774,3396 3777,3393 3782,3393 3782,3393 3782,3392 3785,3389 3786,3389 3787,3388 3787,3387 3789,3385 3790,3385 3791,3384 3791,3383 3793,3381 3802,3381 3803,3380 3803,3379 3805,3377 3949,3377 3951,3380 3951,3381 3952,3381 3953,3381 3955,3384 3955,3459 3956,3459 4011,3459 4012,3460 4012,3471 4011,3472 4011,3477 4009,3480 4004,3480 4004,3480 4004,3481 4001,3484 3967,3484 3967,3484 3967,3514 3965,3516 3895,3516 3893,3519 3893,3520 3892,3520 3889,3520 3889,3520 3889,3519 3886,3516 3787,3516 3786,3515 3447,3516 3447,3516 3447,3515 3444,3512 3435,3512 3435,3512 3435,3511 3434,3510 3434,3501 3433,3500 3284,3500 3283,3499 3283,3498 3281,3496 3280,3496 3279,3495 3276,3496 3275,3494 3275,3493 3273,3492 3272,3492 3271,3490 3271,3485 3269,3484 3063,3484 3062,3485 3062,3486 3060,3488 3059,3488 3058,3487 3058,3486 3058,3485 3056,3484 2858,3484 2857,3486 2857,3491 2855,3492 2850,3492 2849,3494 2849,3495 2847,3496 2846,3496 2845,3497 2845,3498 2845,3499 2843,3500 2796,3501 2795,3502 2795,3503 2794,3504 2714,3504 2714,3504 2714,3510 2712,3512 2711,3512 2710,3513 2710,3514 2708,3516 2676,3516 2676,3516 2676,3574 2675,3575 2665,3575 2665,3574 2665,3516 2664,3516 2646,3516 2644,3518 2644,3519 2643,3520 2642,3520 2641,3521 2626,3521 2625,3520 2624,3520 2624,3519 2624,3518 2621,3516 2364,3516 2363,3515 1849,3517 1849,3517 1849,3578 1848,3579"/><TextEquiv index="1"><Unicode>“ſuite, fait ta fortune.“ -- „Les Sei-</Unicode></TextEquiv></TextLine><TextLine id="r0_l016"><Coords points="2404,3777 2403,3776 1691,3778 1690,3777 1036,3778 1035,3778 1035,3777 1033,3774 1028,3774 1027,3774 1027,3773 1014,3760 1014,3713 1014,3712 861,3713 859,3711 859,3710 858,3709 857,3709 856,3709 855,3707 855,3660 855,3660 856,3660 865,3651 907,3651 908,3650 908,3648 908,3648 909,3648 910,3647 1026,3646 1027,3646 1027,3645 1028,3643 1029,3643 1031,3642 1031,3641 1032,3639 1037,3639 1039,3638 1039,3637 1040,3635 1828,3634 1829,3633 1829,3588 1830,3587 1830,3586 1830,3586 1831,3586 1834,3583 1834,3582 1834,3582 1835,3582 1838,3579 2187,3578 2190,3575 2190,3574 2190,3574 2200,3574 2201,3575 2721,3574 2722,3574 2722,3575 2723,3576 2723,3577 2723,3578 2724,3578 2725,3579 3068,3578 3069,3579 3363,3578 3365,3580 3365,3581 3366,3582 3367,3582 3369,3584 3369,3590 3369,3590 3608,3590 3611,3592 3611,3593 3611,3594 3617,3594 3618,3594 3618,3595 3619,3596 3619,3630 3619,3631 3686,3631 3687,3632 3998,3631 3999,3631 3999,3632 4000,3633 4000,3634 4000,3635 4010,3635 4012,3636 4012,3702 4009,3705 4008,3705 4008,3705 4008,3710 4003,3715 4003,3716 4003,3717 3948,3717 3947,3718 3947,3719 3945,3721 3612,3722 3611,3722 3611,3735 3610,3737 3609,3737 3607,3738 3607,3742 3606,3743 3606,3744 3605,3746 3604,3746 3602,3747 3602,3752 3601,3754 3600,3754 3598,3755 3598,3760 3597,3762 3596,3762 3594,3763 3594,3764 3593,3766 3592,3766 3590,3767 3590,3768 3589,3770 2416,3772 2415,3773 2415,3777 2415,3777"/><TextEquiv index="1"><Unicode>“gneurs, qui veulent débaucher les jeunes</Unicode></TextEquiv></TextLine><TextLine id="r0_l017"><Coords points="3521,4032 3521,4031 3521,4030 3520,4029 3520,3984 3519,3984 3399,3984 3399,3984 3399,3963 3398,3962 1380,3967 1379,3965 1379,3964 1377,3963 1376,3963 1375,3961 1374,3926 1374,3926 1004,3926 1002,3925 1002,3914 1002,3913 854,3914 853,3913 852,3913 851,3912 851,3911 849,3909 848,3909 847,3908 847,3907 846,3906 846,3863 847,3862 847,3861 849,3860 850,3860 851,3858 851,3857 853,3856 862,3856 863,3854 863,3853 865,3852 1010,3851 1010,3851 1010,3847 1011,3846 1011,3845 1012,3844 1013,3844 1014,3843 1014,3839 1015,3838 1015,3837 1016,3836 1017,3836 1018,3835 1018,3819 1019,3818 1019,3817 1021,3815 1022,3815 1023,3814 1023,3805 1025,3803 1026,3803 1026,3803 1026,3802 1029,3799 1030,3799 1031,3798 1031,3797 1033,3795 1034,3795 1035,3794 1035,3793 1038,3790 1039,3790 1039,3790 1039,3789 1041,3787 1042,3787 1043,3786 1116,3786 1117,3785 1117,3784 1118,3783 1119,3783 1120,3782 1539,3781 1539,3781 1539,3780 1541,3778 1566,3778 1567,3779 2416,3777 2420,3781 3785,3778 3787,3781 3787,3782 3788,3782 3789,3782 3791,3785 3791,3832 3792,3832 4007,3832 4008,3833 4008,3834 4010,3836 4015,3836 4016,3837 4016,3846 4015,3848 4014,3848 4012,3849 4012,3854 4011,3856 4009,3856 4008,3856 4008,3915 4006,3918 4005,3918 4004,3918 4004,3919 4002,3922 3952,3922 3950,3924 3950,3925 3949,3926 3941,3926 3940,3927 3941,3988 3940,3988 3549,3989 3549,3989 3549,3998 3548,3999 3547,3999 3545,4001 3545,4006 3544,4007 3543,4007 3541,4009 3541,4014 3539,4016 3538,4016 3537,4017 3537,4022 3535,4024 3534,4024 3533,4025 3533,4030 3531,4032"/><TextEquiv index="1"><Unicode>“filles, font leur ruine, &amp; non pas leur</Unicode></TextEquiv></TextLine><TextLine id="r0_l018"><Coords points="3015,4184 3013,4183 3013,4128 3012,4127 2652,4128 2652,4128 2652,4129 2651,4130 2650,4130 2649,4131 2642,4131 2641,4130 2640,4130 2640,4129 2640,4127 2639,4127 2380,4127 2379,4126 2335,4127 2330,4122 2329,4122 2329,4121 2329,4110 2328,4110 2158,4110 2157,4111 2157,4112 2155,4114 2137,4114 2137,4113 2137,4112 2134,4110 2133,4110 2133,4109 2133,4108 2130,4106 2129,4106 2129,4106 2129,4105 2126,4102 2125,4102 2124,4101 2124,4099 2123,4098 1943,4098 1834,4099 1831,4102 1757,4102 1755,4104 1755,4105 1754,4106 1748,4106 1748,4106 1748,4107 1747,4108 1747,4109 1746,4110 1740,4110 1740,4110 1740,4111 1737,4114 1604,4114 1604,4115 1604,4126 1603,4126 1602,4126 1601,4127 1596,4127 1596,4128 1596,4129 1593,4131 1539,4131 1539,4132 1539,4133 1536,4135 1524,4135 1522,4133 1522,4132 1521,4131 1448,4131 1447,4130 1212,4131 1211,4133 1211,4134 1210,4134 1209,4134 1208,4135 1204,4135 1203,4134 1203,4133 1201,4131 1016,4131 1014,4129 1014,4128 1012,4126 1011,4126 1010,4125 1010,4122 1009,4121 851,4122 851,4121 851,4120 848,4118 847,4118 847,4117 847,4115 846,4114 846,4074 844,4073 843,4073 843,4072 843,4071 842,4070 842,4067 844,4065 845,4065 846,4064 846,4063 852,4057 902,4057 904,4055 904,4054 905,4053 1017,4052 1019,4051 1019,4050 1019,4049 1020,4049 1023,4047 1023,4046 1023,4045 1024,4045 1027,4043 1027,4018 1028,4016 1029,4016 1031,4015 1031,4014 1031,4013 1032,4012 1033,4012 1035,4011 1035,4006 1037,4003 1038,4003 1039,4003 1039,3997 1039,3996 1040,3996 1045,3991 1046,3991 1047,3991 1047,3990 1049,3987 1058,3987 1059,3987 1059,3986 1061,3983 1082,3983 1084,3985 1084,4040 1084,4040 1250,4040 1252,4038 1252,4037 1252,4037 1253,4037 1254,4036 1262,4036 1264,4037 1264,4043 1264,4044 1521,4043 1524,4040 1532,4040 1535,4043 1535,4044 1535,4044 1547,4044 1548,4045 1549,4045 1551,4047 1551,4048 1551,4048 1552,4048 1555,4051 1555,4052 1555,4052 1556,4052 1559,4055 1559,4057 1559,4057 1742,4057 1743,4057 1743,4058 1744,4059 1744,4060 1744,4061 1750,4061 1751,4061 1751,4062 1753,4065 1754,4065 1755,4065 1755,4066 1756,4067 1756,4072 1756,4073 1906,4072 1907,4073 2126,4073 2128,4072 2128,4067 2129,4065 2130,4065 2133,4062 2133,4061 2133,4061 2134,4061 2137,4058 2137,4057 2137,4057 2138,4057 2141,4054 2141,4053 2141,4053 2187,4053 2190,4050 2190,4049 2190,4049 2303,4049 2304,4048 2304,3997 2306,3995 2307,3995 2308,3994 2308,3989 2310,3987 2347,3987 2348,3988 2429,3987 2432,3990 2432,3991 2432,3991 2433,3991 2435,3993 2435,3994 2436,3995 2437,3995 2439,3997 2439,3998 2440,3999 2440,4036 2440,4036 2519,4036 2521,4038 2521,4039 2522,4040 2662,4040 2663,4041 2729,4041 2730,4040 2730,4000 2730,4000 2731,4000 2732,3999 2733,3999 2734,3998 2734,3997 2736,3995 2741,3995 2742,3994 2742,3993 2744,3991 2748,3991 2751,3993 2751,3994 2751,3995 2756,3995 2759,3997 2759,3998 2759,3999 2760,3999 2763,4001 2763,4040 2763,4041 3227,4040 3228,4041 3384,4040 3385,4040 3385,4014 3386,4012 3387,4012 3389,4011 3389,4006 3390,4004 3391,4004 3393,4003 3393,3990 3395,3987 3396,3987 3397,3987 3397,3986 3398,3984 3409,3984 3410,3985 3410,3990 3411,3991 3412,3991 3414,3993 3414,4036 3414,4036 3456,4036 3457,4037 3458,4037 3459,4038 3459,4039 3460,4040 3670,4040 3672,4038 3672,4025 3673,4024 3674,4024 3676,4022 3676,4017 3677,4016 3678,4016 3680,4014 3680,4005 3682,4003 3683,4003 3684,4002 3684,4001 3686,3999 3687,3999 3688,3998 3688,3997 3690,3995 3691,3995 3692,3994 3692,3993 3694,3991 3695,3991 3696,3990 3696,3989 3698,3987 3707,3987 3709,3985 3709,3984 3710,3983 3731,3983 3732,3984 3891,3983 3893,3985 3893,3986 3894,3987 3899,3987 3900,3988 3941,3988 3942,3989 3942,4047 3944,4049 3945,4049 3946,4050 3946,4065 3946,4065 4002,4065 4004,4066 4004,4067 4010,4074 4011,4074 4012,4074 4012,4083 4009,4086 4008,4086 4008,4086 4008,4091 4005,4094 4000,4094 4000,4094 4000,4095 3997,4098 3942,4098 3942,4099 3942,4113 3939,4115 3938,4115 3938,4116 3938,4117 3936,4118 3927,4118 3926,4120 3926,4121 3924,4122 3919,4122 3918,4124 3918,4125 3916,4126 3915,4126 3914,4127 3836,4127 3836,4128 3836,4129 3833,4131 3829,4131 3828,4130 3828,4129 3826,4127 3740,4127 3739,4126 3464,4127 3463,4129 3463,4130 3462,4130 3461,4130 3460,4131 3453,4131 3452,4130 3451,4130 3451,4130 3451,4129 3449,4127 3371,4127 3370,4126 3054,4127 3054,4127 3054,4177 3052,4180 3051,4180 3050,4180 3050,4181 3048,4184"/><TextEquiv index="1"><Unicode>“fortune.“ -- „Tu n'as pas éte ſi ſé-</Unicode></TextEquiv></TextLine><TextLine id="r0_l019"><Coords points="1729,4394 1728,4393 1728,4349 1728,4349 493,4352 490,4349 490,4348 490,4348 481,4348 478,4345 478,4344 478,4344 469,4344 468,4343 467,4343 466,4342 466,4341 465,4340 453,4340 452,4339 451,4339 450,4338 449,4337 449,4336 448,4335 431,4335 429,4333 429,4332 429,4332 428,4332 427,4331 426,4331 425,4330 425,4328 427,4327 1043,4325 1043,4325 1043,4323 1043,4322 849,4323 846,4320 846,4319 846,4319 845,4319 842,4316 842,4307 842,4307 841,4307 838,4304 838,4267 840,4266 841,4266 842,4264 842,4260 843,4259 843,4258 844,4258 845,4258 847,4255 847,4254 849,4253 1014,4252 1017,4249 1121,4249 1121,4249 1121,4194 1123,4192 2321,4190 2321,4189 2321,4188 2322,4188 2332,4188 2333,4186 2333,4185 2335,4184 2345,4184 2345,4184 2345,4185 2346,4186 2983,4184 2984,4185 3323,4184 3324,4185 3917,4184 3917,4185 3917,4186 3918,4186 3920,4188 3921,4188 3922,4190 3922,4237 3923,4237 4003,4237 4003,4237 4003,4238 4004,4239 4004,4256 4005,4257 4006,4257 4008,4259 4008,4297 4009,4298 4014,4298 4015,4299 4016,4299 4016,4299 4016,4317 4015,4319 4014,4319 4012,4320 4012,4321 4011,4323 4006,4323 4003,4325 4003,4326 4003,4327 3731,4328 3724,4335 3507,4335 3506,4336 3505,4336 3504,4337 3504,4343 3504,4343 3503,4343 3502,4344 3501,4344 3500,4345 3500,4351 3500,4351 3499,4351 3496,4354 3496,4363 3495,4364 3494,4364 3492,4366 3492,4371 3491,4372 3490,4372 3489,4373 3488,4374 3488,4375 3487,4376 3482,4376 3479,4379 3479,4380 3479,4380 3469,4380 3467,4379 3467,4378 3467,4377 3466,4376 3465,4376 3463,4375 3463,4332 3463,4331 3297,4331 3296,4330 1740,4334 1739,4334 1739,4393 1739,4394"/><TextEquiv index="1"><Unicode>“vère avec tout le monde. Il y a du</Unicode></TextEquiv></TextLine><TextLine id="r0_l020"><Coords points="2968,4593 2968,4593 2968,4592 2965,4589 2964,4589 2964,4589 2964,4588 2963,4587 2963,4533 2962,4532 2824,4532 2823,4531 2641,4532 2640,4533 2640,4534 2638,4536 2566,4536 2566,4537 2566,4548 2565,4548 2564,4548 2562,4551 2562,4564 2561,4564 2560,4564 2558,4567 2558,4572 2556,4573 2555,4573 2554,4575 2554,4576 2552,4577 2551,4577 2550,4579 2550,4580 2548,4581 2543,4581 2542,4583 2542,4584 2540,4585 2538,4585 2538,4585 2538,4584 2537,4583 2537,4582 2536,4581 2412,4581 2411,4580 2411,4532 2410,4531 1895,4533 1895,4533 1895,4534 1893,4536 1744,4536 1744,4535 1744,4534 1741,4532 1539,4532 1539,4533 1539,4534 1538,4535 1538,4536 1537,4536 1470,4536 1469,4538 1469,4539 1467,4540 1458,4540 1457,4539 1433,4540 1432,4538 1432,4536 1431,4536 1200,4536 1199,4538 1199,4543 1197,4544 1196,4544 1195,4546 1195,4555 1193,4556 1192,4556 1191,4558 1191,4563 1188,4565 1187,4565 1187,4566 1187,4579 1184,4581 1183,4581 1183,4582 1183,4583 1180,4585 1171,4585 1170,4584 1170,4579 1168,4577 1167,4577 1166,4576 1166,4575 1164,4573 1163,4573 1162,4572 1162,4533 1161,4532 1028,4532 1027,4531 1027,4530 1025,4528 1008,4528 1006,4526 1006,4524 1005,4523 848,4524 847,4522 847,4521 845,4520 844,4520 843,4518 843,4517 842,4516 842,4468 844,4466 849,4466 851,4464 851,4463 852,4462 898,4462 900,4460 900,4459 901,4458 1009,4457 1015,4452 1015,4451 1015,4450 1021,4450 1022,4450 1022,4449 1023,4448 1023,4447 1023,4446 1033,4446 1035,4448 1035,4449 1036,4450 1255,4450 1256,4449 1256,4438 1256,4438 1257,4438 1258,4437 1259,4437 1260,4436 1260,4427 1262,4425 1263,4425 1264,4424 1264,4419 1270,4413 1271,4413 1272,4412 1272,4407 1273,4406 1273,4405 1273,4405 1279,4405 1280,4404 1280,4403 1285,4398 1285,4397 1285,4397 1381,4397 1383,4398 1383,4403 1384,4405 1385,4405 1387,4406 1387,4407 1388,4408 1388,4409 1389,4409 1391,4410 1391,4415 1392,4417 1393,4417 1395,4418 1395,4423 1396,4425 1397,4425 1399,4426 1399,4431 1401,4434 1402,4434 1403,4434 1403,4435 1404,4436 1404,4450 1404,4451 1652,4450 1653,4450 1653,4399 1654,4397 1659,4397 1663,4393 1668,4393 1670,4391 1670,4390 1671,4389 1672,4389 1673,4388 1680,4388 1682,4390 1682,4393 1683,4394 1875,4394 1876,4393 1877,4393 1878,4392 1890,4392 1891,4390 1891,4389 1892,4389 1893,4389 1894,4388 1897,4388 1899,4390 1899,4391 1900,4392 1901,4392 1902,4393 1902,4394 1903,4395 2083,4394 2084,4393 2090,4393 2091,4392 2091,4391 2092,4390 2093,4389 2094,4389 2095,4388 2126,4388 2127,4389 2128,4389 2128,4390 2128,4396 2130,4397 2131,4397 2132,4398 2132,4446 2132,4446 2318,4446 2321,4443 2321,4442 2321,4442 2327,4442 2329,4443 2329,4444 2330,4446 2339,4446 2340,4447 2541,4446 2542,4446 2542,4419 2543,4417 2544,4417 2546,4416 2546,4411 2547,4409 2552,4409 2554,4408 2554,4407 2555,4405 2564,4405 2571,4412 2571,4442 2571,4442 2754,4442 2755,4441 2755,4397 2755,4397 2765,4397 2766,4395 2766,4394 2768,4393 2769,4393 2770,4392 2771,4393 2782,4393 2782,4393 2782,4394 2783,4395 2785,4397 2786,4397 2787,4397 2787,4446 2787,4447 3257,4446 3258,4447 3515,4446 3516,4445 3516,4398 3517,4397 3518,4397 3520,4395 3519,4394 3521,4393 3532,4393 3533,4392 3534,4393 3535,4393 3536,4394 3537,4395 3538,4397 3539,4397 3541,4398 3541,4403 3542,4405 3543,4405 3545,4406 3545,4461 3545,4462 3727,4462 3729,4463 3729,4464 3730,4465 3730,4466 3731,4466 3733,4467 3733,4468 3734,4469 3734,4470 3735,4470 3737,4471 3737,4472 3738,4473 3738,4474 3738,4474 3949,4474 3950,4474 3950,4473 3952,4470 3998,4470 3999,4469 3999,4468 4001,4466 4005,4466 4008,4468 4008,4469 4008,4470 4009,4470 4012,4472 4012,4481 4013,4483 4014,4483 4016,4484 4016,4493 4014,4495 4013,4495 4012,4496 4012,4497 4010,4499 3927,4499 3926,4501 3926,4502 3924,4503 3832,4503 3832,4504 3832,4575 3829,4577 3825,4577 3821,4581 3820,4581 3820,4582 3820,4583 3817,4585 3812,4585 3811,4587 3811,4588 3809,4589 3804,4589 3803,4588 3803,4504 3802,4503 3734,4504 3733,4505 3733,4506 3732,4507 3731,4507 3729,4509 3729,4514 3728,4515 3727,4515 3725,4517 3725,4518 3724,4519 3723,4519 3722,4520 3714,4520 3713,4521 3713,4522 3711,4524 3591,4524 3590,4525 3590,4526 3589,4527 3588,4528 3587,4528 3586,4529 3586,4530 3584,4532 3489,4532 3487,4535 3487,4536 3486,4536 3313,4536 3312,4535 3029,4536 3029,4537 3029,4539 3027,4540 3009,4540 3009,4541 3009,4584 3007,4585 3006,4585 3006,4586 3004,4588 3004,4589 3003,4589 3002,4589 3000,4592 3000,4593 2999,4593"/><TextEquiv index="1"><Unicode>„myſtère là-deſſous; je le percerai.“ --</Unicode></TextEquiv></TextLine><TextLine id="r0_l021"><Coords points="842,4594 2886,4590 2887,4781 843,4785"/><TextEquiv index="1"><Unicode>„Je me flatte que non.“</Unicode></TextEquiv></TextLine><TextLine id="r0_l022"><Coords points="1039,4791 4012,4784 4012,4982 1039,4989"/><TextEquiv index="1"><Unicode>Nous nous quittâmes, aſſez mécontens</Unicode></TextEquiv></TextLine><TextLine id="r0_l023"><Coords points="842,4990 4008,4983 4009,5141 843,5148"/><TextEquiv index="1"><Unicode>l'un de l'autre. Monſieur le Chevalier</Unicode></TextEquiv></TextLine><TextLine id="r0_l024"><Coords points="3067,5397 3067,5396 3067,5361 3066,5361 1527,5364 1527,5365 1527,5380 1526,5381 1526,5383 1525,5383 1524,5383 1522,5386 1522,5387 1520,5388 1478,5388 1477,5387 1477,5346 1476,5345 918,5347 916,5344 916,5343 915,5343 840,5343 838,5340 837,5273 837,5273 836,5273 834,5271 834,5270 836,5269 837,5269 839,5266 839,5265 840,5265 851,5265 851,5264 851,5237 853,5236 858,5236 859,5234 859,5233 861,5232 862,5232 862,5231 863,5230 863,5229 865,5228 866,5228 867,5226 867,5221 869,5220 870,5220 871,5218 871,5217 873,5216 874,5216 875,5214 875,5213 878,5211 879,5211 879,5210 879,5209 882,5207 887,5207 888,5205 888,5204 890,5203 895,5203 896,5201 896,5200 898,5199 907,5199 909,5201 2677,5197 2679,5195 2680,5195 2681,5193 2681,5192 2683,5191 2704,5191 2709,5196 3167,5195 3169,5197 3847,5195 3848,5197 3848,5198 3850,5199 3851,5199 3852,5201 3852,5202 3855,5204 3856,5204 3856,5205 3856,5252 3857,5252 3944,5252 3945,5253 3946,5253 3946,5254 3946,5255 3949,5257 3950,5257 3950,5258 3950,5263 3953,5265 3954,5265 3954,5266 3954,5267 3955,5268 3955,5277 3956,5277 4011,5277 4012,5278 4012,5299 4010,5302 4009,5302 4008,5302 4008,5303 4007,5305 4006,5305 4005,5306 3996,5306 3995,5306 3995,5307 3993,5310 3954,5310 3953,5311 3954,5318 3953,5318 3952,5318 3950,5321 3950,5330 3949,5330 3948,5330 3946,5333 3946,5334 3945,5334 3944,5334 3942,5337 3942,5338 3941,5338 3940,5338 3939,5339 3664,5340 3661,5343 3402,5343 3402,5344 3402,5354 3400,5355 3386,5355 3386,5356 3386,5357 3383,5359 3382,5359 3381,5361 3381,5362 3379,5363 3378,5363 3377,5365 3377,5366 3375,5367 3370,5367 3369,5369 3369,5370 3367,5371 3362,5371 3361,5373 3361,5374 3359,5375 3357,5375 3357,5375 3357,5374 3354,5371 3353,5371 3353,5371 3353,5370 3352,5369 3352,5361 3351,5360 3082,5361 3082,5361 3082,5396 3081,5397"/><TextEquiv index="1"><Unicode>fit une pirouette, &amp; s'en alla, en fre-</Unicode></TextEquiv></TextLine><TextLine id="r0_l025"><Coords points="3162,5572 3160,5570 3160,5569 3159,5568 3158,5568 3156,5566 3156,5539 3155,5539 2903,5539 2902,5538 2902,5537 2900,5535 2826,5535 2825,5534 2428,5535 2427,5534 2023,5535 2022,5537 2022,5538 2020,5539 1924,5539 1923,5538 1613,5539 1613,5540 1613,5541 1612,5542 1612,5543 1612,5543 1606,5543 1604,5542 1604,5540 1603,5539 1568,5539 1567,5538 1151,5539 1149,5542 1149,5543 1148,5543 983,5544 982,5544 982,5545 981,5547 967,5547 965,5545 965,5544 963,5543 860,5543 859,5541 859,5540 857,5539 852,5539 850,5536 850,5535 849,5535 848,5535 846,5532 846,5531 845,5531 844,5531 842,5528 842,5527 841,5527 840,5527 838,5524 838,5515 837,5515 836,5515 834,5512 834,5511 833,5511 832,5511 830,5508 830,5507 830,5507 831,5507 832,5506 833,5506 834,5505 834,5496 838,5492 838,5484 839,5483 839,5482 839,5482 840,5482 842,5480 842,5476 843,5475 843,5474 843,5474 848,5474 851,5471 851,5470 851,5470 852,5470 853,5469 861,5469 863,5467 863,5466 863,5466 864,5466 865,5465 878,5465 879,5464 879,5463 881,5461 882,5461 883,5460 883,5410 885,5408 890,5408 891,5407 891,5406 893,5404 914,5404 916,5405 916,5414 917,5416 918,5416 920,5417 920,5453 920,5454 1053,5453 1055,5455 1055,5456 1056,5457 1410,5457 1412,5455 1412,5454 1413,5453 1414,5453 1416,5451 1416,5450 1417,5449 1426,5449 1428,5450 1428,5451 1429,5453 1430,5453 1432,5454 1432,5456 1432,5457 1615,5456 1617,5455 1617,5454 1617,5453 1668,5453 1670,5455 1670,5456 1671,5457 1873,5457 1874,5456 1874,5455 1876,5453 1922,5452 1923,5452 1923,5407 1924,5406 1924,5405 1924,5404 1942,5404 1944,5406 1944,5407 1944,5407 1945,5408 1946,5408 1948,5410 1948,5411 1948,5411 1949,5412 1950,5412 1952,5414 1952,5457 1952,5457 2143,5457 2144,5456 2144,5399 2145,5398 2145,5396 2145,5396 2151,5396 2152,5395 2152,5394 2154,5392 2159,5392 2161,5393 2161,5394 2162,5396 2385,5395 2386,5395 2386,5394 2387,5392 2393,5392 2394,5393 2394,5394 2396,5396 2442,5396 2443,5397 2443,5398 2445,5400 2446,5400 2447,5401 2447,5402 2448,5403 2448,5449 2448,5449 2519,5449 2522,5452 2522,5453 2522,5453 2782,5453 2783,5452 2783,5402 2784,5401 2784,5400 2784,5400 2819,5400 2820,5401 3065,5400 3066,5399 3066,5397 3066,5397 3081,5397 3082,5397 3082,5402 3083,5404 3084,5404 3086,5405 3086,5406 3087,5407 3087,5452 3087,5453 3089,5453 3090,5453 3090,5503 3091,5504 3091,5509 3091,5510 3310,5509 3311,5509 3311,5490 3312,5489 3312,5488 3316,5484 3316,5475 3316,5474 3317,5474 3320,5472 3320,5467 3320,5466 3321,5466 3324,5464 3324,5463 3324,5462 3325,5462 3328,5460 3328,5459 3329,5457 3334,5457 3337,5455 3337,5454 3337,5453 3585,5453 3586,5452 3586,5409 3587,5408 3588,5408 3590,5406 3590,5405 3591,5404 3600,5404 3603,5401 3603,5400 3603,5400 3609,5400 3610,5400 3610,5401 3612,5404 3613,5404 3614,5404 3614,5405 3615,5406 3615,5456 3615,5457 3686,5457 3687,5458 3887,5457 3889,5456 3889,5455 3890,5453 3969,5453 3971,5451 3971,5446 3972,5445 3972,5445 3977,5445 3979,5446 3979,5447 3980,5448 3980,5449 3981,5449 3983,5450 3983,5452 3983,5453 3997,5453 4000,5455 4000,5456 4000,5457 4001,5457 4004,5459 4004,5528 3999,5533 3999,5534 3998,5535 3992,5535 3992,5535 3992,5536 3989,5539 3862,5539 3860,5542 3860,5543 3860,5543 3747,5543 3746,5542 3198,5544 3197,5544 3197,5553 3195,5556 3194,5556 3193,5556 3193,5561 3184,5570 3184,5571 3184,5572"/><TextEquiv index="1"><Unicode>donnant un air Italien. Moi, en levant</Unicode></TextEquiv></TextLine><TextLine id="r0_l026"><Coords points="3304,5803 3304,5803 3303,5744 3303,5743 2992,5744 2991,5745 2992,5803 2991,5803 2988,5803 2988,5803 2987,5741 2987,5740 2839,5740 2838,5739 2421,5740 2420,5739 1942,5740 1940,5742 1940,5743 1939,5744 1863,5745 1862,5745 1862,5758 1861,5760 1860,5760 1858,5761 1858,5768 1857,5769 1857,5771 1857,5772 1856,5772 1847,5781 1846,5781 1846,5781 1846,5786 1841,5791 1841,5792 1840,5793 1834,5793 1834,5792 1834,5791 1833,5790 1833,5777 1832,5777 1712,5777 1711,5775 1711,5774 1710,5774 1709,5773 1708,5773 1706,5771 1706,5748 1706,5748 1545,5748 1543,5747 1543,5746 1542,5744 1537,5744 1536,5743 1451,5743 1450,5744 1451,5805 1450,5805 1450,5805 1449,5744 1449,5743 1314,5744 1313,5744 1314,5803 1313,5804 1301,5804 1301,5803 1300,5744 1300,5744 1228,5744 1227,5744 1228,5794 1223,5799 1223,5800 1222,5801 1191,5801 1191,5801 1191,5800 1188,5797 1187,5797 1187,5797 1187,5796 1186,5795 1185,5745 1185,5744 1004,5744 1002,5746 1002,5747 1001,5748 926,5749 923,5752 914,5752 912,5750 912,5749 911,5748 906,5748 904,5746 904,5745 903,5744 820,5744 818,5742 818,5737 821,5735 822,5735 822,5734 822,5733 824,5732 825,5732 826,5731 834,5731 834,5730 834,5729 837,5727 838,5727 838,5726 838,5621 838,5621 832,5621 830,5619 830,5618 830,5618 829,5617 828,5617 826,5615 826,5610 828,5609 829,5609 829,5608 830,5607 830,5606 832,5605 858,5605 859,5606 859,5611 861,5613 862,5613 863,5614 863,5658 864,5659 1005,5658 1007,5661 1007,5662 1008,5662 1141,5662 1141,5662 1141,5632 1144,5629 1145,5629 1145,5629 1145,5624 1148,5621 1149,5621 1149,5621 1149,5613 1150,5612 1150,5610 1151,5609 1152,5609 1154,5607 1154,5606 1155,5605 1165,5605 1166,5607 1166,5608 1167,5608 1168,5608 1169,5609 1170,5609 1170,5610 1170,5658 1171,5658 1469,5657 1469,5657 1469,5611 1471,5609 1472,5609 1473,5608 1473,5607 1476,5604 1477,5604 1477,5604 1477,5603 1480,5600 1485,5600 1485,5600 1485,5599 1488,5596 1492,5596 1494,5599 1494,5654 1495,5654 1558,5654 1559,5656 1559,5657 1561,5658 1644,5658 1645,5660 1645,5661 1647,5662 1648,5662 1649,5663 1838,5663 1839,5662 1841,5662 1841,5661 1841,5624 1842,5623 1842,5622 1844,5621 1845,5621 1845,5620 1845,5619 1848,5617 1869,5617 1870,5618 1870,5623 1872,5625 1873,5625 1874,5626 1874,5627 1875,5628 1875,5658 1876,5659 2054,5658 2054,5658 2054,5608 2055,5607 2055,5606 2056,5605 2057,5605 2059,5603 2059,5602 2060,5601 2061,5601 2062,5600 2070,5600 2071,5599 2071,5598 2072,5597 2073,5597 2074,5596 2221,5596 2222,5597 2222,5598 2225,5601 2226,5601 2226,5601 2226,5602 2229,5605 2230,5605 2231,5606 2231,5649 2232,5650 2348,5650 2349,5648 2349,5647 2351,5646 2352,5646 2353,5645 2359,5645 2360,5646 2361,5646 2362,5647 2362,5652 2364,5653 2365,5653 2366,5654 2598,5654 2599,5652 2599,5651 2601,5650 2636,5650 2636,5650 2636,5651 2637,5652 2637,5653 2638,5654 2639,5654 2640,5655 2640,5657 2641,5658 2837,5657 2837,5657 2837,5606 2838,5605 2839,5605 2841,5603 2841,5602 2842,5601 2843,5601 2844,5600 2851,5600 2853,5603 2853,5604 2854,5604 2855,5604 2856,5605 2861,5605 2861,5606 2861,5613 2862,5613 3004,5613 3004,5614 3004,5615 3007,5617 3008,5617 3008,5618 3008,5619 3009,5620 3009,5654 3010,5654 3246,5654 3246,5653 3246,5606 3249,5604 3250,5604 3250,5603 3250,5602 3253,5600 3258,5600 3258,5599 3258,5598 3261,5596 3265,5596 3267,5598 3267,5599 3268,5600 3272,5600 3273,5601 3274,5601 3275,5602 3275,5654 3276,5655 3418,5654 3418,5655 3418,5656 3419,5657 3419,5658 3420,5658 3429,5658 3439,5669 3439,5715 3440,5715 3660,5715 3660,5714 3660,5691 3661,5691 3662,5691 3664,5688 3664,5687 3665,5687 3666,5687 3668,5684 3668,5679 3670,5678 3675,5678 3676,5676 3676,5675 3677,5675 3678,5675 3680,5672 3680,5634 3681,5634 3682,5634 3683,5633 3688,5633 3688,5632 3688,5631 3691,5629 3692,5629 3692,5628 3692,5627 3695,5625 3696,5625 3696,5624 3696,5623 3699,5621 3901,5620 3901,5620 3901,5619 3903,5617 3913,5617 3913,5618 3913,5619 3916,5621 3917,5621 3917,5622 3917,5623 3918,5624 3918,5650 3919,5650 3970,5650 3971,5651 3971,5652 3973,5654 3982,5654 3983,5655 3983,5656 3985,5658 3986,5658 3988,5660 3988,5661 3989,5662 3990,5662 3991,5663 3991,5668 3993,5670 3994,5670 3995,5671 3995,5672 3996,5673 3996,5683 3995,5684 3995,5685 3995,5686 3994,5686 3991,5688 3991,5726 3991,5727 3990,5727 3987,5729 3987,5730 3987,5731 3986,5731 3983,5733 3983,5734 3982,5736 3977,5736 3975,5737 3975,5738 3974,5740 3915,5740 3914,5741 3914,5742 3912,5744 3911,5744 3910,5745 3910,5746 3909,5747 3909,5766 3908,5767 3908,5768 3908,5768 3907,5768 3905,5771 3905,5784 3903,5785 3902,5785 3901,5787 3901,5788 3899,5789 3898,5789 3897,5791 3897,5792 3895,5793 3890,5793 3889,5792 3889,5791 3887,5789 3886,5789 3885,5788 3884,5745 3884,5744 3752,5744 3751,5743 3563,5744 3562,5744 3562,5756 3561,5757 3561,5759 3561,5760 3560,5760 3557,5762 3557,5763 3557,5764 3556,5764 3555,5765 3554,5765 3552,5766 3552,5767 3552,5768 3551,5768 3549,5770 3549,5771 3548,5772 3547,5772 3545,5774 3545,5775 3544,5776 3543,5776 3542,5777 3526,5777 3525,5775 3525,5774 3524,5773 3523,5748 3523,5748 3408,5748 3406,5747 3406,5746 3405,5744 3334,5744 3333,5743 3311,5743 3310,5744 3311,5803 3310,5803"/><TextEquiv index="1"><Unicode>les épaules, je lui tournai le dos, &amp; je</Unicode></TextEquiv></TextLine><TextLine id="r0_l027"><Coords points="2198,6001 2197,6000 2197,5944 2196,5944 1954,5944 1953,5945 1949,5945 1948,5947 1948,5948 1947,5948 1946,5948 1945,5949 1858,5950 1858,5950 1858,5955 1856,5957 1851,5957 1850,5955 1850,5946 1848,5945 1617,5945 1616,5947 1616,5948 1614,5949 1580,5949 1580,5950 1580,5955 1577,5957 1573,5957 1571,5955 1571,5950 1570,5949 1466,5949 1465,5948 1465,5947 1462,5944 1212,5945 1211,5947 1211,5948 1209,5949 1015,5949 1015,5950 1015,5951 1012,5953 994,5953 993,5952 844,5953 842,5950 842,5949 841,5949 816,5949 815,5948 814,5948 814,5947 814,5946 811,5944 810,5944 810,5943 810,5933 811,5932 813,5932 814,5931 814,5872 815,5871 816,5871 817,5870 818,5869 818,5868 819,5867 832,5867 834,5865 834,5864 835,5863 836,5863 837,5862 933,5862 934,5863 1019,5862 1020,5863 1296,5863 1297,5862 1297,5806 1297,5806 1298,5806 1300,5804 1313,5804 1314,5805 1315,5805 1316,5806 1533,5805 1534,5805 1534,5804 1536,5801 1545,5801 1546,5802 1546,5803 1549,5806 1550,5806 1551,5807 1551,5813 1551,5813 1565,5813 1567,5815 1567,5816 1569,5818 1570,5818 1571,5819 1571,5820 1572,5821 1572,5862 1572,5862 1758,5862 1760,5860 1760,5859 1760,5859 1761,5859 1762,5858 1765,5858 1768,5860 1768,5861 1768,5862 2004,5861 2006,5859 2007,5859 2008,5858 2010,5858 2011,5859 2012,5859 2014,5861 2014,5862 2014,5862 2209,5862 2210,5861 2210,5860 2212,5858 2213,5858 2214,5857 2214,5856 2216,5854 2217,5854 2218,5853 2218,5852 2220,5850 2286,5850 2288,5851 2288,5852 2289,5854 2318,5854 2319,5855 2540,5854 2542,5853 2542,5852 2543,5850 2548,5850 2550,5852 2550,5854 2550,5854 2662,5854 2665,5856 2665,5857 2665,5858 2739,5858 2740,5859 2842,5858 2845,5861 2845,5862 2845,5862 2979,5862 2980,5862 2980,5811 2981,5809 2982,5809 2984,5808 2984,5807 2984,5806 2985,5806 2988,5803 3172,5803 3174,5801 3178,5801 3181,5804 3466,5803 3467,5803 3467,5795 3468,5793 3469,5793 3471,5792 3471,5791 3472,5789 3502,5789 3504,5791 3504,5792 3505,5793 3510,5793 3512,5794 3512,5795 3513,5797 3514,5797 3517,5799 3517,5800 3517,5801 3518,5801 3520,5802 3520,5804 3520,5805 3596,5805 3598,5806 3598,5807 3599,5808 3599,5809 3600,5809 3602,5810 3602,5857 3602,5858 3839,5857 3840,5857 3840,5815 3840,5814 3841,5814 3844,5812 3844,5811 3844,5810 3845,5810 3846,5809 3886,5809 3891,5814 3892,5814 3893,5815 3893,5850 3893,5850 3985,5850 3987,5851 3987,5852 3989,5855 3990,5855 3991,5855 3991,5856 3992,5858 3996,5858 3997,5859 3998,5859 3999,5859 3999,5860 4000,5861 4000,5869 4001,5871 4002,5871 4004,5872 4004,5917 3983,5938 3983,5939 3982,5940 3980,5940 3979,5941 3853,5941 3852,5943 3852,5944 3851,5944 3850,5944 3849,5945 3725,5946 3725,5946 3725,5947 3723,5949 3407,5949 3406,5948 3406,5947 3404,5945 3306,5945 3305,5944 3021,5945 3021,5946 3021,5947 3018,5949 3014,5949 3013,5948 3013,5947 3011,5945 2839,5945 2838,5944 2558,5945 2558,5946 2558,5989 2556,5990 2555,5990 2554,5992 2554,5993 2553,5993 2552,5993 2551,5994 2543,5994 2542,5993 2542,5992 2540,5990 2523,5990 2521,5988 2521,5942 2520,5941 2239,5942 2236,5945 2229,5945 2228,5944 2206,5944 2206,5944 2206,6000 2206,6001"/><TextEquiv index="1"><Unicode>reconduiſis mon troupeau à l'étable. Le</Unicode></TextEquiv></TextLine><TextLine id="r0_l028"><Coords points="3229,6207 3228,6206 3228,6145 3228,6145 3179,6145 3176,6147 3176,6148 3176,6149 2838,6149 2837,6148 2715,6149 2714,6148 2714,6147 2713,6146 2713,6145 2713,6145 2273,6146 2272,6146 2272,6147 2271,6149 2269,6149 2267,6147 2267,6146 2266,6145 2012,6145 2009,6148 2009,6149 2009,6149 1876,6150 1874,6151 1874,6152 1874,6153 1712,6153 1711,6153 1711,6163 1709,6166 1708,6166 1707,6166 1707,6167 1705,6170 1704,6170 1702,6171 1702,6176 1701,6178 1692,6178 1690,6179 1690,6180 1689,6182 1684,6182 1682,6183 1682,6184 1681,6186 1676,6186 1674,6185 1674,6150 1674,6149 1496,6149 1494,6151 1494,6152 1493,6153 1420,6154 1419,6153 1417,6153 1416,6152 1416,6151 1414,6149 1209,6149 1207,6151 1207,6153 1207,6153 1049,6153 1048,6154 975,6155 974,6155 974,6159 972,6162 968,6162 965,6159 965,6158 965,6158 924,6158 923,6157 856,6157 855,6156 855,6153 855,6153 832,6153 830,6151 830,6150 829,6149 828,6149 826,6147 826,6024 833,6018 838,6018 838,6017 838,6016 841,6014 846,6014 846,6013 846,6012 849,6010 862,6010 863,6011 863,6016 865,6018 866,6018 867,6019 867,6024 869,6026 870,6026 871,6027 871,6066 872,6067 1113,6066 1113,6066 1113,6020 1115,6018 1116,6018 1117,6017 1117,6016 1119,6014 1128,6014 1129,6013 1129,6012 1131,6010 1140,6010 1142,6013 1142,6014 1143,6014 1144,6014 1146,6017 1146,6059 1147,6059 1271,6059 1272,6060 1272,6062 1273,6063 1312,6063 1314,6065 1489,6064 1489,6064 1489,6017 1492,6014 1493,6014 1493,6014 1493,6013 1496,6010 1497,6010 1497,6010 1497,6009 1500,6006 1505,6006 1506,6008 1506,6009 1508,6010 1509,6010 1510,6012 1510,6017 1512,6018 1513,6018 1514,6020 1514,6063 1515,6063 1562,6063 1563,6065 1563,6067 1564,6067 1796,6067 1796,6066 1796,6017 1797,6016 1797,6015 1799,6014 1800,6014 1800,6013 1800,6012 1803,6010 1861,6010 1862,6008 1862,6007 1864,6006 1878,6006 1879,6007 2192,6006 2197,6001 2207,6001 2208,6002 2349,6002 2350,6003 2541,6002 2542,6004 2542,6005 2544,6006 2545,6006 2545,6007 2546,6008 2546,6009 2548,6010 2721,6010 2722,6011 2934,6010 2935,6009 2935,6008 2937,6006 3008,6006 3008,6007 3008,6008 3009,6009 3009,6063 3010,6063 3320,6062 3320,6062 3320,6016 3322,6014 3323,6014 3323,6014 3324,6013 3324,6012 3326,6010 3380,6010 3381,6012 3381,6013 3383,6014 3384,6014 3385,6016 3385,6063 3386,6063 3615,6063 3615,6062 3615,6015 3617,6014 3626,6014 3627,6012 3627,6011 3629,6010 3642,6010 3643,6011 3643,6040 3646,6043 3647,6043 3647,6043 3647,6045 3648,6046 3648,6062 3649,6063 3893,6062 3893,6062 3893,6061 3895,6059 3949,6059 3951,6057 3951,6056 3952,6055 3958,6055 3958,6055 3958,6054 3961,6051 3986,6051 3987,6052 3987,6053 3989,6055 3990,6055 3991,6056 3991,6061 3993,6063 3994,6063 3996,6065 3996,6066 3997,6067 3998,6067 4000,6069 4000,6078 4002,6080 4003,6080 4004,6081 4004,6085 4002,6088 4001,6088 4000,6088 4000,6118 3998,6121 3997,6121 3995,6122 3995,6127 3994,6129 3993,6129 3991,6130 3991,6135 3990,6137 3985,6137 3983,6138 3983,6139 3982,6141 3891,6141 3889,6143 3889,6144 3888,6145 3797,6145 3795,6147 3795,6148 3794,6149 3751,6149 3750,6148 3494,6149 3492,6151 3492,6152 3491,6153 3477,6153 3475,6152 3475,6151 3474,6149 3465,6149 3463,6148 3463,6147 3462,6145 3403,6145 3402,6144 3241,6145 3240,6145 3240,6206 3240,6207"/><TextEquiv index="1"><Unicode>lendemain, il écrivit à Guillau. Le brave</Unicode></TextEquiv></TextLine><TextLine id="r0_l029"><Coords points="2595,6409 2595,6408 2595,6350 2594,6350 2530,6350 2530,6350 2530,6349 2529,6348 2529,6347 2528,6346 2474,6346 2473,6345 2268,6346 2268,6346 2268,6347 2265,6350 2256,6350 2256,6350 2256,6351 2253,6354 2252,6354 2251,6352 2251,6351 2249,6350 2014,6350 2014,6351 2014,6352 2009,6357 2009,6358 2008,6358 1879,6359 1879,6359 1879,6363 1878,6364 1878,6365 1877,6366 1872,6366 1870,6368 1870,6373 1869,6374 1868,6374 1868,6374 1866,6376 1866,6377 1865,6378 1864,6378 1863,6379 1859,6379 1858,6380 1858,6381 1857,6382 1856,6382 1855,6383 1846,6383 1846,6383 1846,6384 1843,6387 1838,6387 1838,6387 1838,6388 1837,6389 1837,6390 1836,6391 1834,6391 1834,6390 1834,6389 1833,6388 1833,6387 1832,6387 1831,6387 1829,6384 1829,6358 1828,6358 1744,6358 1744,6357 1744,6356 1741,6354 1732,6354 1731,6352 1731,6351 1729,6350 1530,6350 1530,6351 1530,6353 1528,6354 1527,6354 1527,6355 1527,6356 1524,6358 1519,6358 1518,6357 1518,6354 1517,6353 994,6354 994,6355 994,6356 992,6357 987,6358 986,6359 986,6360 984,6362 982,6362 982,6361 982,6360 981,6359 981,6358 980,6358 970,6358 970,6357 970,6356 967,6354 889,6354 887,6351 887,6350 886,6350 823,6350 822,6348 822,6339 823,6338 826,6338 827,6337 826,6220 828,6219 837,6219 839,6216 839,6215 840,6215 845,6215 847,6212 847,6211 848,6211 858,6211 859,6212 859,6213 861,6215 862,6215 863,6216 864,6267 864,6268 992,6267 993,6268 1385,6268 1387,6269 1387,6270 1388,6272 1578,6271 1579,6271 1578,6228 1579,6227 1579,6214 1580,6213 1580,6212 1581,6211 1595,6211 1596,6213 1596,6214 1598,6215 1599,6215 1600,6217 1601,6256 1601,6256 1730,6256 1731,6256 1731,6257 1732,6258 1732,6259 1732,6260 1742,6260 1743,6260 1743,6261 1748,6266 1748,6267 1748,6268 1766,6268 1768,6269 1768,6270 1769,6272 1770,6272 1772,6273 1772,6324 1772,6325 1967,6324 1968,6324 1968,6296 1969,6295 1969,6294 1969,6293 1970,6293 1973,6291 1973,6290 1973,6289 1974,6289 1977,6287 1977,6282 1978,6280 1979,6280 1981,6279 1981,6278 1982,6276 1983,6276 1985,6275 1985,6274 1986,6272 1987,6272 1989,6271 1989,6270 1990,6268 2061,6268 2062,6268 2062,6267 2064,6264 2242,6264 2243,6263 2243,6248 2244,6247 2245,6247 2247,6245 2247,6240 2247,6240 2248,6240 2251,6237 2251,6236 2251,6236 2252,6236 2255,6233 2254,6226 2255,6225 2255,6224 2257,6223 2258,6223 2259,6221 2259,6216 2261,6215 2374,6214 2374,6214 2374,6213 2377,6210 2378,6210 2378,6210 2378,6209 2380,6207 2384,6207 2385,6206 2386,6206 2386,6206 2386,6205 2389,6202 2397,6202 2398,6204 2398,6205 2399,6206 2400,6256 2400,6256 2520,6256 2521,6257 2521,6258 2523,6260 2524,6260 2525,6261 2525,6262 2527,6264 2744,6264 2747,6261 2747,6260 2747,6260 2748,6260 2751,6257 2751,6256 2751,6256 2753,6256 2754,6255 2927,6254 2928,6254 2927,6216 2928,6215 2929,6215 2929,6215 2931,6213 2931,6212 2932,6211 2947,6211 2947,6212 2947,6213 2950,6215 2955,6215 2955,6216 2955,6227 2956,6227 2957,6227 2960,6230 2960,6264 2960,6264 3217,6264 3218,6263 3217,6217 3218,6216 3218,6215 3219,6215 3220,6215 3222,6212 3222,6211 3223,6211 3224,6211 3226,6208 3226,6207 3227,6207 3241,6207 3242,6208 3242,6209 3243,6210 3244,6210 3246,6212 3247,6260 3247,6261 3384,6260 3385,6261 3385,6262 3386,6263 3386,6264 3386,6264 3392,6264 3393,6265 3393,6266 3394,6267 3399,6272 3400,6272 3401,6273 3401,6274 3402,6275 3402,6280 3402,6280 3403,6280 3404,6281 3595,6281 3603,6273 3603,6272 3603,6272 3742,6271 3743,6271 3742,6219 3743,6218 3745,6218 3746,6217 3746,6216 3747,6215 3761,6215 3762,6217 3762,6218 3764,6219 3765,6219 3766,6221 3766,6223 3767,6223 3768,6223 3769,6225 3770,6271 3770,6271 3802,6271 3803,6271 3803,6270 3804,6268 3809,6268 3811,6267 3811,6266 3812,6264 3870,6264 3873,6262 3873,6261 3873,6260 3916,6260 3917,6261 3917,6262 3919,6264 3924,6264 3926,6266 3926,6267 3927,6268 3928,6268 3930,6270 3930,6271 3931,6272 3994,6272 3995,6272 3995,6273 3996,6274 3996,6275 3996,6276 3997,6276 4000,6278 4000,6344 4001,6346 4002,6346 4004,6347 4004,6360 4002,6362 3901,6362 3901,6363 3901,6398 3899,6399 3886,6399 3885,6401 3885,6402 3883,6403 3861,6403 3861,6403 3861,6402 3860,6401 3858,6399 3857,6399 3856,6398 3856,6397 3854,6395 3853,6395 3852,6394 3852,6354 3851,6353 3657,6354 3655,6356 3655,6357 3654,6358 3512,6358 3512,6358 3512,6369 3511,6370 3510,6370 3508,6373 3508,6378 3507,6378 3506,6378 3505,6380 3504,6381 3504,6382 3503,6382 3502,6382 3501,6383 3497,6383 3493,6387 3488,6387 3488,6388 3488,6389 3485,6391 3480,6391 3480,6392 3480,6393 3479,6394 3479,6395 3478,6395 3476,6395 3475,6394 3475,6393 3467,6385 3467,6355 3466,6354 3366,6354 3365,6353 3365,6352 3363,6350 3358,6350 3357,6349 3030,6350 3029,6352 3029,6353 3027,6354 2940,6354 2939,6353 2612,6354 2611,6352 2611,6351 2609,6350 2603,6350 2603,6350 2603,6408 2602,6409"/><TextEquiv index="1"><Unicode>homme vint, en éclatant de rire, m'ape</Unicode></TextEquiv></TextLine><TextLine id="r0_l030"><Coords points="842,6630 842,6612 842,6612 820,6612 818,6610 818,6609 817,6608 812,6608 810,6606 810,6588 811,6588 812,6588 814,6585 814,6469 815,6469 833,6469 834,6467 834,6466 836,6465 837,6465 838,6464 844,6464 845,6465 846,6465 847,6466 847,6467 848,6468 1084,6467 1087,6464 1387,6464 1387,6463 1387,6453 1387,6453 1388,6453 1391,6450 1391,6441 1392,6440 1393,6440 1395,6438 1395,6433 1396,6432 1397,6432 1399,6430 1399,6425 1400,6424 1401,6424 1403,6422 1403,6421 1405,6419 1406,6419 1408,6417 1408,6416 1409,6415 1410,6415 1412,6413 1412,6412 1413,6411 1442,6411 1443,6412 1639,6411 1641,6413 1641,6414 1643,6416 1644,6416 1645,6417 1645,6460 1646,6460 1762,6460 1763,6461 1764,6461 1764,6461 1764,6462 1766,6464 1819,6464 1820,6465 1821,6465 1821,6465 1821,6466 1823,6468 1880,6468 1881,6469 1903,6469 1904,6470 2124,6469 2124,6469 2124,6422 2126,6419 2127,6419 2128,6419 2128,6418 2130,6415 2183,6415 2186,6417 2186,6418 2186,6419 2187,6419 2190,6421 2190,6468 2191,6469 2402,6468 2403,6467 2403,6466 2404,6465 2405,6465 2406,6464 2587,6464 2587,6464 2587,6421 2588,6419 2589,6419 2591,6418 2591,6413 2591,6412 2592,6412 2595,6409 2602,6409 2604,6411 2732,6411 2734,6412 2734,6413 2735,6415 2740,6415 2742,6416 2742,6417 2743,6419 2744,6419 2747,6421 2747,6513 2748,6514 2791,6514 2791,6514 2791,6515 2792,6516 2794,6518 2795,6518 2796,6519 2796,6524 2798,6526 2799,6526 2800,6527 2800,6532 2802,6534 2803,6534 2804,6535 2804,6540 2806,6542 2807,6542 2808,6543 2808,6545 2808,6546 2807,6546 2806,6547 2805,6547 2804,6547 2804,6548 2802,6551 2801,6551 2800,6551 2800,6552 2798,6555 2793,6555 2792,6555 2792,6556 2790,6559 2782,6559 2779,6556 2779,6555 2779,6555 2445,6555 2444,6556 2444,6557 2442,6559 2434,6559 2433,6558 2088,6559 2087,6560 2087,6574 2086,6575 2081,6575 2079,6574 2079,6573 2078,6571 2077,6571 2076,6571 2075,6570 2075,6569 2074,6567 1958,6567 1957,6566 1696,6567 1694,6565 1694,6564 1693,6563 1454,6563 1453,6562 1451,6562 1448,6560 1448,6559 1448,6558 1229,6559 1228,6559 1228,6560 1226,6563 1176,6563 1174,6565 1174,6566 1173,6567 1143,6567 1141,6566 1141,6564 1141,6563 868,6564 867,6564 867,6606 866,6608 865,6608 863,6609 863,6610 862,6612 853,6612 851,6613 851,6626 850,6628 849,6628 847,6629 847,6630 845,6633"/><TextEquiv index="1"><Unicode>porter ſa lettre. La voici.</Unicode></TextEquiv></TextLine></TextRegion></Page></PcGts>