4266 8269
1434 535 2063 725 ns
177 748 3370 976 “le temps, je vous le ferai.“ -- „Ma
226 971 3338 1183 “chère enfant, me répondit - il, votre
222 1166 3342 1381 “petite faute n'a rien qui me ſcandaliſe
222 1377 3338 1585 “fortement, ni qui, proprement, m'ef-
214 1555 3342 1782 “fraie. Il ne tenoit qu'à vous de me dire
210 1781 3346 1979 “que vous étiez mariée, vous ne le faites
206 1979 3346 2181 “pas, vous ne voulez pas me tromper,
210 2179 3338 2383 “je dois croire votre récit, vrai de tout
222 2373 3334 2576 “point, & je ſuis bien perſuadé qu'il
218 2580 3342 2781 vous juſtifiera pleinement.“ J'ai ſerré
234 2758 3350 2998 tendrement, la main de cet honnête
226 2979 3342 3185 homme. Non, mou bon ami, lui
230 3180 3330 3383 “ai-je dit, malheureuſement pour moi,
230 3382 3334 3586 “je ne ſuis pas parfaitement innocente;
238 3577 3334 3784 “mais il s'en faut de beaucoup que je
230 3778 3334 3984 “ſois auſſi coupable, que peut le paroître
116 3982 3111 4184 “une fille dans l'état où je ſuis.“
226 4183 3330 4379 Alors j'ai raconté, à ce brave homme,
210 4383 3330 4586 l'hiſtoire de mon commerce douloureux
210 4582 3427 4787 avec le cruel jeune homme, que je vou-
230 4784 3338 4987 drois bannir de mon cœur. „Ma chère
234 4979 3334 5193 “enfant, m'a - t - il dit, vous êtes auſſi
238 5187 3796 5395 “honnête, que je l'avions imaginé. Je
238 5388 3314 5596 gne nous ſommes point trompés ſur votre
238 5586 3314 5834 “compte. Cependant il faut tâcher de
177 5789 3322 6006 “çaçher votre état, qui n'engageroit pas
258 5988 3322 6204 tout le monde à penſer auſſi bien de
250 6186 3326 6406 pus, que j'en penſons, nous autres. Il
242 6389 3322 6630 nfaudra faire enſorte, ſur-tout, que le
