4266 8249
979 811 4080 1032 “ſecret de votre délivrance ne puiſſe
975 1032 4075 1239 “percer; & je ne ſais comment je pour-
971 1231 4079 1438 “rons garder le ſecret, tant que vous
971 1429 4076 1628 “reſterez chez nous. N'allez pas penſer
975 1628 4076 1838 “que je voulions nous défaire de vous,
984 1830 4071 2042 “ma bonne amie. Je ne penſons qu'à votre
979 2032 4079 2245 “intérêt. C'eſt à la ville ſeule qu'on peut
983 2231 4075 2439 “cacher ce qu'il vous importe de tenir
988 2430 4075 2646 “ſecret; mais comment vous y ſoutenir?
987 2637 4079 2833 “J'ai un brave homme de Lettres, (on
992 2831 4071 3044 “appelle ça comme ça) un peu Philo-
996 3038 4083 3246 “ſophe, à ce qu'on dit, homme entre
996 3236 4132 3444 “deux âges; mais point jeune du moins,
996 3438 4084 3645 “qui pourroit être votre fait. Il eſt tou-
858 3641 4076 3851 “jours occupé à étudier, à griffonner,
1000 3840 4088 4049 “à rêver creux. Il examine les aſtres, &
1008 4043 4096 4250 “il ne voit pas ce qui ſe paſſe autour
1012 4242 4088 4452 “de lui. Il ne s'appercevra pas de votre
1012 4444 4096 4651 “état, quand vous ſeriez groſſe comme
1012 4642 4092 4851 “le grand orme ſous lequel vous danſez.
1016 4845 4096 5052 “Je ſerois d'avis de vous placer auprès
1020 5048 4088 5250 “de lui; mais il faudroit être ſa gou-
1024 5250 4092 5412 „vernante. Voudriez - vous conſentir,
1028 5449 4096 5656 “comme ça, par paſſe - temps, à être
1024 5651 4087 5859 “comme qui diroit un peu domeſtique,
1032 5846 4100 6061 “en lui cachant que vous êtes Comteſſe?
1028 6049 4108 6243 “Il ne ſe douteroit de rien, & vous me-
1032 6251 4108 6450 “neroit fort doucement;caril eſt for
1036 6450 4108 6665 “doux. Vous pleurez; ma bonné amie,
