<PcGts xmlns="http://schema.primaresearch.org/PAGE/gts/pagecontent/2017-07-15" xmlns:xsi="http://www.w3.org/2001/XMLSchema-instance" xsi:schemaLocation="http://schema.primaresearch.org/PAGE/gts/pagecontent/2017-07-15 http://schema.primaresearch.org/PAGE/gts/pagecontent/2017-07-15/pagecontent.xsd"><Metadata><Creator>User123</Creator><Created>2020-10-17T17:12:56</Created><LastChange>2020-10-17T17:12:56</LastChange></Metadata><Page imageFilename="0146.png" imageHeight="8425" imageWidth="4266"><TextRegion id="r0" type="paragraph" orientation="-0.0"><Coords points="1,1 4264,1 4264,8423 1,8423"/><TextLine id="r0_l001"><Coords points="1446,492 2054,492 2054,696 1446,696"/><TextEquiv index="1"><Unicode>i.</Unicode></TextEquiv></TextLine><TextLine id="r0_l002"><Coords points="1818,953 1814,949 1813,949 1812,949 1812,900 1812,899 1676,899 1674,898 1674,897 1673,895 1155,895 1154,895 1154,894 1152,891 959,891 957,893 957,894 956,895 596,895 595,896 595,898 594,899 592,899 591,899 591,898 590,897 590,896 590,895 589,895 586,893 586,892 586,891 388,891 387,892 387,893 385,895 218,895 215,893 215,888 214,886 213,886 212,886 212,885 210,882 209,882 208,882 207,881 207,880 206,878 205,878 203,877 203,834 203,833 202,833 199,831 199,818 202,815 203,815 203,815 203,814 206,811 228,811 228,811 228,810 231,807 361,807 361,807 361,806 364,803 452,803 453,802 453,801 455,799 769,799 770,801 770,802 772,803 806,803 807,805 807,806 809,807 895,807 895,807 895,751 897,749 1027,749 1028,748 1028,747 1030,745 1107,745 1107,746 1107,803 1108,803 1382,803 1382,803 1382,801 1384,799 1385,799 1386,798 1386,777 1389,774 1390,774 1390,774 1390,773 1394,769 1395,769 1395,769 1395,763 1396,762 1397,762 1397,762 1408,751 1408,750 1409,749 1415,749 1415,749 1415,748 1418,745 1448,745 1449,747 1449,748 1451,749 1540,749 1540,750 1540,751 1548,758 1549,758 1549,759 1549,803 1550,803 1560,803 1562,806 1562,807 1563,807 1916,807 1916,807 1916,759 1918,757 1919,757 1920,756 1920,755 1922,753 1927,753 1928,752 1928,751 1930,749 1940,749 1940,750 1940,751 1941,752 1941,803 1942,803 2248,803 2249,802 2249,801 2251,799 2319,799 2320,801 2320,803 2321,803 2695,803 2695,803 2695,751 2697,749 2698,749 2699,748 2699,747 2701,745 2710,745 2711,744 2711,743 2713,741 2715,741 2716,743 2716,744 2718,745 2719,745 2720,747 2720,748 2722,749 2723,749 2724,751 2724,803 2725,803 2982,803 2982,803 2982,789 2985,786 2986,786 2986,786 2986,785 2987,784 2987,775 2988,774 2989,774 2991,772 2991,759 2993,757 2994,757 2995,756 2995,738 2996,737 2997,737 2998,736 3005,736 3006,737 3015,737 3016,739 3016,740 3017,740 3018,741 3019,741 3020,743 3020,744 3021,744 3022,745 3023,745 3024,747 3024,756 3027,758 3028,758 3028,759 3028,777 3030,778 3031,778 3032,780 3032,799 3033,799 3240,799 3240,799 3240,798 3243,795 3369,795 3370,797 3370,798 3372,799 3373,799 3374,801 3374,802 3376,803 3377,803 3378,805 3378,877 3380,878 3381,878 3382,880 3382,907 3382,907 3381,907 3379,909 3378,910 3378,911 3378,911 3377,911 3375,913 3374,914 3374,915 3374,915 3373,915 3372,916 3367,916 3366,917 3366,918 3364,920 3363,920 3362,921 3362,922 3352,932 3342,932 3341,932 3341,930 3340,929 3340,892 3340,891 3235,891 3232,889 3232,888 3232,887 3022,887 3020,889 3020,890 3019,891 2842,891 2841,892 2841,893 2839,895 2651,895 2649,897 2649,898 2648,899 2647,899 2645,898 2645,897 2644,895 2251,895 2249,897 2249,898 2248,899 2176,899 2174,898 2174,897 2173,895 1854,895 1853,896 1853,952 1852,953"/><TextEquiv index="1"><Unicode>“vous m'allez faire pleurer moi-même;</Unicode></TextEquiv></TextLine><TextLine id="r0_l003"><Coords points="3097,1158 3096,1158 3096,1096 3096,1095 3076,1095 3074,1097 3074,1098 3073,1099 2864,1099 2861,1102 2861,1103 2861,1103 1825,1103 1824,1104 1824,1115 1824,1115 1823,1115 1820,1118 1820,1127 1819,1128 1814,1128 1811,1131 1811,1132 1811,1132 1810,1132 1807,1135 1807,1136 1807,1136 1806,1136 1805,1137 1021,1137 1020,1138 1020,1139 1018,1141 1017,1141 1016,1142 1016,1147 1015,1148 1015,1149 1015,1149 1014,1149 1011,1152 1011,1153 1011,1153 1001,1153 999,1152 999,1151 998,1149 993,1149 991,1148 991,1146 990,1145 990,1109 990,1108 841,1108 840,1107 838,1107 837,1107 837,1106 836,1105 836,1100 836,1099 359,1099 357,1098 357,1083 357,1082 209,1082 207,1081 207,1080 206,1078 205,1078 203,1077 203,1063 203,1062 202,1062 201,1061 200,1061 199,1061 199,1055 201,1053 203,1053 203,1053 203,1035 206,1032 207,1032 207,1032 207,1027 208,1026 208,1025 209,1024 210,1024 212,1022 212,1021 213,1020 360,1020 362,1018 362,1017 363,1016 368,1016 370,1014 370,1013 371,1012 372,1012 373,1011 411,1011 411,1011 411,1010 414,1007 591,1007 591,1007 591,963 592,962 593,962 595,960 595,959 597,957 3144,957 3145,956 3145,955 3147,953 3148,953 3149,952 3149,951 3151,949 3161,949 3161,950 3161,951 3162,952 3162,1007 3163,1007 3285,1007 3287,1010 3287,1011 3288,1011 3293,1011 3295,1014 3295,1019 3297,1020 3298,1020 3299,1022 3299,1023 3301,1024 3302,1024 3303,1026 3303,1028 3304,1028 3381,1028 3383,1031 3383,1032 3384,1032 3385,1032 3387,1035 3387,1064 3385,1066 3304,1066 3303,1067 3303,1082 3303,1082 3302,1082 3297,1087 3296,1087 3295,1088 3295,1089 3293,1091 3292,1091 3291,1092 3291,1093 3289,1095 3107,1095 3106,1096 3106,1158 3106,1158"/><TextEquiv index="1"><Unicode>„mais voyez donc, Monſieur le Che-</Unicode></TextEquiv></TextLine><TextLine id="r0_l004"><Coords points="1993,1374 1990,1372 1990,1371 1990,1370 1989,1370 1986,1368 1986,1317 1986,1316 1872,1316 1870,1315 1870,1314 1869,1312 1707,1312 1601,1312 1599,1314 1599,1315 1598,1316 1597,1316 1595,1315 1595,1314 1593,1311 1592,1311 1591,1311 1591,1310 1589,1307 1223,1307 1222,1308 1221,1308 1220,1309 1220,1310 1218,1312 1117,1312 1116,1313 1116,1314 1114,1316 1111,1314 1111,1313 1111,1312 1011,1312 875,1312 874,1313 874,1315 874,1315 873,1315 872,1316 868,1316 866,1315 866,1310 864,1307 863,1307 862,1307 862,1306 862,1305 671,1305 669,1307 455,1307 454,1308 392,1308 391,1309 391,1310 390,1311 388,1311 386,1310 386,1309 385,1307 384,1307 382,1306 382,1301 381,1299 380,1299 378,1298 378,1292 378,1291 210,1291 207,1289 207,1288 207,1287 202,1287 201,1286 200,1286 199,1286 199,1280 201,1278 202,1278 203,1277 203,1235 206,1232 211,1232 211,1232 211,1231 214,1228 244,1228 245,1227 245,1226 247,1224 353,1224 353,1224 353,1222 355,1220 524,1220 524,1220 524,1168 526,1166 531,1166 532,1165 532,1164 535,1161 597,1161 603,1168 603,1216 604,1216 669,1216 670,1218 670,1219 672,1220 761,1220 761,1221 761,1222 762,1223 762,1224 763,1224 960,1224 962,1227 962,1228 963,1228 1190,1228 1190,1228 1190,1227 1193,1224 1361,1224 1361,1224 1361,1173 1362,1172 1362,1171 1363,1170 1364,1170 1366,1168 1366,1167 1367,1166 1377,1166 1382,1172 1382,1220 1383,1220 1456,1220 1458,1223 1458,1224 1459,1224 1894,1224 1895,1226 1895,1227 1897,1228 2098,1228 2099,1227 2099,1226 2101,1224 2202,1224 2203,1223 2203,1222 2205,1220 2241,1220 2241,1220 2241,1213 2242,1212 2243,1212 2245,1210 2245,1201 2247,1199 2248,1199 2249,1198 2249,1193 2252,1190 2253,1190 2253,1190 2253,1189 2256,1186 2257,1186 2257,1186 2257,1181 2260,1178 2261,1178 2261,1178 2261,1177 2264,1174 2269,1174 2270,1173 2270,1167 2271,1166 2344,1166 2345,1168 2345,1220 2346,1220 2640,1220 2641,1222 2641,1223 2643,1224 2882,1224 2882,1224 2882,1168 2884,1166 3091,1166 3091,1166 3091,1163 3092,1162 3093,1162 3095,1160 3095,1159 3096,1158 3107,1158 3107,1159 3107,1160 3110,1162 3111,1162 3111,1163 3111,1164 3112,1165 3112,1216 3113,1216 3260,1216 3262,1214 3262,1213 3263,1212 3264,1212 3265,1211 3351,1211 3352,1212 3353,1212 3353,1213 3353,1214 3355,1215 3379,1215 3380,1216 3382,1216 3382,1217 3382,1276 3383,1277 3383,1278 3384,1278 3385,1278 3387,1281 3387,1282 3388,1282 3389,1282 3391,1285 3391,1302 3390,1303 3389,1303 3388,1304 3387,1305 3387,1306 3386,1307 3384,1307 3382,1306 3382,1305 3381,1303 3060,1303 3057,1306 3057,1307 3057,1307 2914,1307 2911,1310 2911,1311 2911,1311 2910,1311 2907,1314 2907,1315 2906,1316 2897,1316 2894,1319 2894,1320 2894,1320 2876,1320 2874,1319 2874,1318 2873,1316 2868,1316 2866,1315 2866,1313 2866,1312 2849,1312 2848,1313 2848,1371 2848,1371 2830,1371 2829,1371 2829,1313 2829,1312 2029,1312 2028,1313 2028,1365 2027,1366 2026,1366 2025,1367 2024,1368 2024,1369 2023,1370 2001,1370 1999,1372 1999,1373 1998,1374"/><TextEquiv index="1"><Unicode>„valier va venir vous perſécuter. J'ai un</Unicode></TextEquiv></TextLine><TextLine id="r0_l005"><Coords points="2105,1574 2103,1573 2103,1572 2102,1571 2102,1570 2101,1570 2099,1569 2099,1521 2099,1520 1405,1520 1404,1520 1404,1519 1402,1516 1239,1516 1126,1516 1124,1518 1124,1519 1123,1520 938,1520 937,1521 937,1534 936,1535 936,1536 936,1536 935,1536 932,1539 932,1552 927,1557 922,1557 920,1559 920,1560 918,1562 913,1562 912,1563 912,1564 910,1566 909,1566 907,1568 907,1569 906,1570 872,1570 870,1569 870,1568 869,1566 860,1566 857,1564 857,1559 856,1557 855,1557 853,1556 853,1517 853,1516 702,1516 701,1515 700,1515 699,1515 699,1514 698,1512 408,1512 407,1513 407,1540 406,1541 405,1541 403,1543 403,1548 402,1549 401,1549 399,1551 399,1556 398,1557 393,1557 391,1559 391,1560 389,1562 384,1562 382,1564 382,1565 381,1566 347,1566 345,1565 345,1564 344,1562 340,1562 339,1561 338,1561 337,1561 337,1560 335,1557 334,1557 332,1556 332,1551 331,1549 330,1549 328,1548 328,1492 328,1491 214,1491 211,1489 211,1488 211,1487 210,1487 207,1485 207,1463 207,1462 206,1462 205,1462 203,1460 203,1459 203,1458 202,1458 199,1456 199,1455 199,1454 198,1454 197,1453 196,1453 195,1453 195,1451 197,1449 198,1449 199,1448 199,1439 202,1436 203,1436 203,1436 203,1435 206,1432 240,1432 240,1432 240,1431 243,1428 352,1428 353,1427 353,1426 355,1424 473,1424 474,1426 474,1428 475,1428 707,1428 707,1428 707,1427 708,1426 708,1425 709,1424 728,1424 728,1424 728,1376 730,1374 731,1374 733,1372 733,1371 734,1370 752,1370 753,1372 753,1428 754,1428 1041,1428 1041,1428 1041,1380 1043,1378 1044,1378 1045,1377 1045,1376 1047,1374 1169,1374 1170,1376 1170,1381 1172,1382 1173,1382 1174,1384 1174,1432 1175,1432 1387,1432 1387,1432 1387,1380 1389,1378 1390,1378 1390,1378 1390,1377 1393,1374 1569,1374 1570,1376 1570,1377 1572,1378 1573,1378 1574,1380 1574,1390 1575,1390 1774,1390 1774,1390 1774,1384 1775,1383 1776,1383 1777,1382 1782,1382 1782,1382 1782,1381 1785,1378 1790,1378 1790,1378 1790,1377 1793,1374 1873,1374 1874,1376 1874,1381 1877,1383 1878,1383 1878,1384 1878,1432 1879,1432 2261,1432 2261,1432 2261,1381 2264,1378 2265,1378 2265,1378 2265,1377 2268,1374 2281,1374 2283,1377 2283,1378 2284,1378 2285,1378 2287,1381 2287,1427 2291,1431 2291,1432 2292,1432 2765,1432 2766,1431 2766,1430 2768,1428 2824,1428 2824,1428 2824,1376 2826,1374 2827,1374 2828,1373 2828,1372 2829,1371 2849,1371 2849,1372 2849,1381 2851,1382 2852,1382 2853,1384 2853,1424 2854,1424 3335,1424 3337,1422 3337,1421 3338,1420 3369,1420 3370,1422 3370,1481 3372,1482 3377,1482 3378,1484 3378,1485 3380,1486 3384,1486 3385,1487 3386,1487 3386,1488 3386,1489 3387,1490 3387,1501 3386,1502 3386,1503 3386,1503 3385,1503 3382,1506 3382,1507 3382,1507 3268,1507 3266,1509 3266,1510 3264,1512 3260,1512 3257,1510 3257,1509 3256,1507 3187,1507 3186,1508 3186,1571 3186,1571 3176,1571 3175,1571 3175,1508 3175,1507 3022,1507 3020,1509 3020,1510 3018,1512 2925,1512 2924,1513 2924,1515 2924,1515 2923,1515 2922,1516 2919,1519 2919,1520 2919,1520 2726,1520 2724,1519 2724,1518 2723,1516 2417,1516 2416,1517 2416,1518 2414,1520 2405,1520 2403,1519 2403,1517 2403,1516 2192,1516 2191,1517 2191,1519 2190,1520 2146,1520 2145,1521 2145,1569 2145,1569 2144,1569 2140,1573 2140,1574 2140,1574"/><TextEquiv index="1"><Unicode>“grand gaillard de fils qui va arriver au</Unicode></TextEquiv></TextLine><TextLine id="r0_l006"><Coords points="925,1784 924,1784 924,1717 924,1716 842,1716 841,1717 841,1718 839,1720 834,1720 833,1721 833,1722 831,1724 826,1724 824,1723 824,1722 823,1720 379,1720 378,1721 378,1765 377,1766 376,1766 374,1768 374,1769 373,1770 372,1770 370,1772 370,1773 369,1774 347,1774 344,1772 344,1771 344,1770 343,1770 341,1769 341,1767 340,1766 340,1704 340,1703 192,1703 191,1703 191,1684 193,1682 195,1682 195,1682 195,1642 196,1641 228,1641 228,1641 228,1639 231,1636 344,1636 345,1635 345,1634 347,1632 357,1632 357,1632 357,1630 359,1628 360,1628 361,1630 362,1631 362,1632 363,1632 737,1632 737,1632 737,1592 738,1591 739,1591 741,1589 741,1588 742,1587 743,1587 745,1585 745,1584 746,1583 747,1583 749,1581 749,1580 751,1578 760,1578 762,1581 762,1590 763,1590 764,1590 766,1593 766,1632 767,1632 927,1632 928,1634 928,1635 930,1636 1636,1636 1636,1636 1636,1635 1639,1632 1647,1632 1648,1633 1649,1633 1649,1634 1649,1635 1652,1637 1653,1637 1653,1638 1653,1639 1655,1640 1824,1640 1824,1640 1824,1593 1826,1591 1856,1591 1857,1590 1857,1589 1860,1586 1903,1586 1903,1586 1903,1585 1906,1582 1911,1582 1911,1582 1911,1581 1914,1578 1919,1578 1919,1579 1919,1580 1923,1583 1924,1583 1924,1584 1924,1636 1925,1636 2144,1636 2145,1635 2145,1618 2148,1615 2149,1615 2149,1615 2149,1614 2152,1611 2153,1611 2153,1611 2153,1610 2156,1607 2157,1607 2157,1607 2157,1606 2160,1603 2161,1603 2161,1603 2161,1602 2172,1591 2181,1591 2182,1590 2182,1589 2184,1587 2186,1587 2187,1589 2187,1590 2189,1591 2378,1591 2378,1591 2378,1589 2381,1586 2382,1586 2382,1586 2382,1585 2385,1582 2478,1582 2478,1582 2478,1581 2479,1580 2479,1579 2480,1578 2566,1578 2566,1578 2566,1576 2568,1574 2569,1574 2570,1573 2570,1572 2572,1570 2581,1570 2583,1573 2583,1574 2584,1574 2590,1574 2590,1575 2590,1576 2591,1577 2591,1578 2592,1578 2719,1578 2719,1579 2719,1580 2721,1582 2722,1582 2723,1582 2724,1584 2724,1636 2725,1636 2940,1636 2941,1635 2941,1634 2943,1632 3119,1632 3120,1631 3120,1630 3122,1628 3170,1628 3170,1628 3170,1576 3172,1574 3173,1574 3174,1573 3174,1572 3175,1571 3186,1571 3189,1574 3194,1574 3195,1576 3195,1577 3196,1578 3197,1578 3198,1578 3199,1580 3199,1624 3200,1624 3256,1624 3258,1627 3258,1628 3259,1628 3269,1628 3269,1629 3269,1630 3273,1633 3274,1633 3274,1634 3274,1682 3275,1682 3364,1682 3366,1685 3366,1686 3367,1686 3372,1686 3373,1687 3374,1687 3374,1688 3374,1694 3376,1695 3377,1695 3378,1697 3378,1698 3380,1699 3390,1699 3390,1700 3390,1701 3391,1702 3391,1710 3389,1712 3388,1712 3387,1713 3387,1718 3385,1720 3384,1720 3382,1722 3382,1732 3382,1732 3381,1732 3378,1735 3378,1736 3378,1736 3377,1736 3374,1739 3374,1740 3374,1740 3373,1740 3372,1741 3363,1741 3362,1742 3362,1743 3360,1745 3351,1745 3349,1747 3349,1748 3348,1749 3338,1749 3337,1749 3337,1748 3336,1747 3336,1713 3336,1712 3155,1712 3153,1714 3153,1715 3152,1716 2850,1716 2849,1717 2849,1744 2848,1745 2847,1745 2846,1746 2845,1747 2845,1748 2844,1749 2843,1749 2842,1750 2840,1752 2840,1753 2840,1753 2839,1753 2836,1756 2836,1757 2836,1757 2835,1757 2832,1760 2832,1761 2832,1761 2831,1761 2828,1764 2828,1765 2828,1765 2827,1765 2824,1768 2824,1769 2823,1770 2814,1770 2811,1768 2811,1721 2811,1720 2618,1720 2615,1723 2615,1724 2615,1724 2355,1724 2353,1726 2353,1727 2352,1728 2088,1728 2087,1728 2087,1727 2085,1724 1931,1724 1875,1724 1874,1725 1874,1727 1873,1728 1651,1728 1649,1727 1649,1726 1648,1724 1122,1724 1120,1723 1120,1722 1119,1720 1043,1720 1041,1719 1041,1718 1040,1716 933,1716 932,1717 932,1784 932,1784"/><TextEquiv index="1"><Unicode>“premier moment. Il eſt Abbé; mais,</Unicode></TextEquiv></TextLine><TextLine id="r0_l007"><Coords points="722,1978 720,1977 720,1976 720,1975 719,1975 718,1974 717,1974 716,1974 716,1925 716,1924 709,1924 707,1923 707,1922 706,1920 472,1920 470,1922 470,1923 469,1924 397,1924 395,1923 395,1922 394,1920 347,1920 345,1919 345,1918 344,1916 343,1916 341,1915 341,1914 339,1911 338,1911 337,1911 337,1910 336,1909 336,1908 336,1907 184,1907 182,1906 182,1905 181,1903 180,1903 178,1902 178,1897 180,1895 181,1895 182,1894 182,1852 183,1851 183,1850 184,1849 185,1849 187,1847 187,1846 188,1845 364,1845 366,1843 366,1842 367,1841 382,1841 382,1841 382,1789 385,1786 386,1786 386,1786 386,1785 389,1782 456,1782 457,1784 457,1785 460,1787 461,1787 461,1788 461,1789 462,1790 462,1798 464,1799 465,1799 465,1800 465,1801 466,1802 466,1807 467,1807 468,1807 470,1810 470,1811 471,1811 472,1811 478,1818 478,1836 479,1836 551,1836 552,1837 553,1837 553,1838 553,1839 556,1841 748,1841 749,1840 865,1840 865,1840 865,1795 866,1794 866,1792 867,1791 868,1791 870,1789 870,1788 871,1787 872,1787 873,1786 923,1786 925,1784 979,1784 981,1782 989,1782 991,1785 991,1845 992,1845 1256,1845 1257,1844 1257,1843 1259,1841 1261,1841 1262,1840 1263,1841 1461,1841 1461,1842 1461,1843 1464,1845 1469,1845 1470,1847 1470,1849 1471,1849 1706,1849 1708,1847 1708,1846 1709,1845 1931,1845 1933,1848 1933,1849 1934,1849 1940,1849 1940,1850 1940,1851 1944,1854 1945,1854 1945,1855 1945,1861 1946,1861 1947,1861 1949,1864 1949,1903 1950,1903 2199,1903 2199,1903 2199,1851 2201,1849 2207,1849 2207,1849 2207,1793 2209,1791 2272,1791 2273,1790 2274,1790 2274,1790 2274,1789 2277,1786 2286,1786 2286,1786 2286,1785 2289,1782 2290,1782 2291,1781 2291,1780 2293,1778 2298,1778 2299,1780 2299,1849 2300,1849 2523,1849 2524,1848 2524,1847 2526,1845 2732,1845 2732,1845 2732,1789 2735,1786 2764,1786 2766,1789 2766,1841 2767,1841 2844,1841 2845,1843 2845,1845 2846,1845 3049,1845 3049,1845 3049,1843 3051,1841 3053,1841 3053,1841 3053,1805 3054,1804 3055,1804 3062,1797 3062,1796 3063,1795 3064,1795 3066,1793 3066,1792 3067,1791 3069,1791 3070,1793 3070,1794 3072,1795 3077,1795 3078,1797 3078,1802 3080,1803 3081,1803 3081,1804 3082,1805 3082,1806 3083,1807 3083,1828 3084,1828 3369,1828 3369,1829 3369,1830 3372,1832 3385,1832 3387,1835 3387,1847 3386,1848 3386,1849 3386,1849 3379,1849 3378,1850 3378,1915 3377,1916 3372,1916 3369,1919 3369,1920 3369,1920 3151,1920 3149,1922 3149,1923 3148,1924 3075,1924 3074,1925 3074,1940 3074,1940 3073,1940 3070,1943 3070,1956 3069,1957 3068,1957 3066,1959 3066,1964 3064,1966 3063,1966 3062,1967 3062,1968 3060,1970 3051,1970 3049,1972 3049,1973 3048,1974 3046,1974 3045,1974 3045,1929 3045,1928 2622,1928 2620,1930 2620,1931 2619,1932 2618,1932 2617,1933 2442,1933 2441,1934 2441,1935 2439,1937 2438,1937 2437,1938 2437,1939 2435,1941 2432,1939 2432,1938 2432,1937 2431,1937 2428,1935 2428,1934 2428,1933 2286,1933 2285,1932 2071,1932 2070,1933 2070,1935 2068,1937 2067,1937 2066,1938 2066,1947 2065,1948 2065,1949 2065,1949 2064,1949 2062,1951 2062,1955 2061,1956 2061,1957 2061,1957 2056,1957 2053,1960 2053,1961 2053,1961 2052,1961 2051,1962 2042,1962 2041,1963 2041,1964 2039,1966 2035,1966 2032,1964 2032,1963 2032,1962 2031,1962 2028,1960 2028,1933 2028,1932 1797,1932 1796,1933 1717,1933 1716,1934 1716,1935 1715,1936 1713,1936 1711,1935 1711,1934 1710,1932 1697,1932 1693,1928 1179,1928 1178,1929 1178,1932 1178,1932 1177,1932 1175,1934 1174,1935 1174,1936 1174,1936 1171,1936 1170,1936 1170,1935 1170,1934 1168,1932 1167,1932 1166,1932 1166,1927 1165,1926 1165,1925 1165,1924 767,1924 766,1925 766,1972 765,1973 765,1974 765,1974 764,1974 761,1977 761,1978 761,1978"/><TextEquiv index="1"><Unicode>“dès qu'il vous verra, il voudra jeter</Unicode></TextEquiv></TextLine><TextLine id="r0_l008"><Coords points="179,1983 3388,1983 3388,2188 179,2188"/><TextEquiv index="1"><Unicode>“le froc aux orties; car vous êtes une</Unicode></TextEquiv></TextLine><TextLine id="r0_l009"><Coords points="183,2192 3388,2192 3388,2392 183,2392"/><TextEquiv index="1"><Unicode>“petite enſorceleuſe. Il faut donc vous</Unicode></TextEquiv></TextLine><TextLine id="r0_l010"><Coords points="2487,2611 2486,2611 2486,2604 2486,2603 1605,2603 1603,2602 1603,2601 1602,2599 1601,2599 1599,2598 1599,2550 1599,2549 1214,2549 1211,2547 1211,2546 1211,2545 1093,2545 1091,2544 1091,2543 1090,2541 502,2541 501,2540 500,2540 499,2540 499,2539 498,2537 335,2537 332,2535 332,2534 331,2532 188,2532 187,2532 187,2531 186,2530 186,2488 186,2487 185,2487 182,2485 182,2477 183,2476 183,2475 184,2474 185,2474 187,2472 187,2471 188,2470 189,2470 191,2468 191,2467 192,2466 222,2466 223,2465 224,2465 224,2465 224,2464 227,2461 327,2461 331,2457 336,2457 336,2457 336,2456 339,2453 340,2453 340,2453 340,2452 341,2451 341,2450 342,2449 569,2449 570,2448 570,2447 571,2446 572,2445 573,2445 573,2445 573,2444 574,2443 574,2442 575,2441 886,2441 886,2441 886,2402 887,2401 887,2400 888,2399 902,2399 903,2401 903,2402 905,2403 2560,2403 2562,2406 2562,2407 2563,2407 2564,2407 2566,2410 2566,2428 2567,2428 2635,2428 2637,2431 2637,2440 2639,2441 2640,2441 2641,2443 2641,2453 2642,2453 3327,2453 3328,2455 3328,2456 3330,2457 3331,2457 3332,2459 3332,2499 3333,2499 3377,2499 3378,2501 3378,2502 3380,2503 3381,2503 3382,2505 3382,2506 3383,2507 3383,2508 3382,2509 3382,2532 3382,2532 3381,2532 3378,2535 3378,2536 3378,2536 3377,2536 3374,2539 3374,2540 3374,2540 3373,2540 3372,2541 3217,2541 3216,2542 3216,2589 3214,2591 3213,2591 3212,2592 3212,2593 3210,2595 3197,2595 3195,2597 3195,2598 3194,2599 2668,2599 2665,2602 2665,2603 2665,2603 2492,2603 2491,2604 2491,2611 2491,2611"/><TextEquiv index="1"><Unicode>“mettre à couvert pendant quelque temps.</Unicode></TextEquiv></TextLine><TextLine id="r0_l011"><Coords points="3151,2807 3149,2806 3149,2805 3149,2804 3148,2804 3147,2803 3146,2803 3145,2803 3145,2792 3145,2791 2652,2791 2651,2790 2650,2790 2649,2790 2649,2789 2648,2787 2647,2787 2645,2786 2645,2767 2645,2766 2301,2766 2299,2765 2299,2759 2299,2758 2049,2758 2048,2757 467,2757 466,2758 466,2772 465,2773 465,2774 465,2774 464,2774 461,2777 461,2778 461,2778 451,2778 449,2780 449,2781 447,2783 446,2783 445,2784 445,2785 443,2787 423,2787 422,2786 421,2786 420,2786 420,2785 418,2782 409,2782 407,2781 407,2780 406,2778 401,2778 399,2777 399,2776 398,2774 397,2774 396,2774 395,2773 395,2772 394,2770 389,2770 386,2768 386,2767 386,2766 385,2766 382,2764 382,2759 381,2757 380,2757 378,2756 378,2751 377,2749 376,2749 374,2748 374,2743 372,2740 371,2740 370,2740 370,2739 369,2737 194,2737 193,2736 192,2736 191,2736 191,2680 193,2678 198,2678 199,2677 199,2676 201,2674 231,2674 233,2672 233,2671 234,2670 328,2670 328,2670 328,2647 330,2645 331,2645 332,2644 332,2639 335,2636 336,2636 336,2636 336,2635 339,2632 340,2632 341,2631 341,2626 343,2624 344,2624 344,2624 345,2623 345,2622 347,2620 348,2620 349,2619 349,2618 352,2615 353,2615 353,2615 353,2614 356,2611 369,2611 370,2610 370,2609 372,2607 394,2607 395,2606 395,2605 397,2603 819,2603 819,2604 819,2605 822,2607 2056,2607 2058,2610 2058,2611 2059,2611 2497,2611 2498,2612 2499,2612 2499,2613 2499,2624 2500,2624 2898,2624 2899,2626 2899,2627 2901,2628 2906,2628 2907,2630 2907,2631 2908,2632 2909,2632 2910,2632 2912,2635 2912,2640 2914,2641 2915,2641 2916,2643 2916,2657 2917,2657 3356,2657 3357,2659 3357,2660 3359,2661 3364,2661 3366,2664 3366,2665 3368,2666 3369,2666 3370,2668 3370,2669 3372,2670 3373,2670 3374,2672 3374,2673 3376,2674 3377,2674 3378,2676 3378,2685 3380,2686 3381,2686 3382,2688 3382,2728 3382,2728 3381,2728 3380,2729 3379,2729 3378,2730 3378,2740 3378,2740 3377,2740 3375,2742 3374,2743 3374,2744 3373,2745 3363,2745 3362,2746 3362,2747 3360,2749 3200,2749 3199,2750 3199,2753 3200,2753 3448,2753 3449,2755 3449,2756 3452,2758 3453,2758 3453,2759 3453,2765 3452,2766 3200,2766 3199,2767 3199,2802 3198,2803 3180,2803 3179,2804 3179,2805 3178,2806 3178,2807 3178,2807"/><TextEquiv index="1"><Unicode>“Quand vous ſerez délivrée, &amp; que</Unicode></TextEquiv></TextLine><TextLine id="r0_l012"><Coords points="344,3012 343,3011 342,3011 341,3011 341,2942 341,2941 202,2941 201,2940 200,2940 199,2940 199,2939 198,2938 197,2936 196,2936 195,2936 195,2930 197,2928 198,2928 199,2927 199,2889 202,2886 203,2886 203,2886 203,2885 206,2882 241,2882 241,2882 241,2880 243,2878 336,2878 336,2878 336,2877 339,2874 340,2874 340,2874 340,2873 343,2870 348,2870 349,2869 349,2868 351,2866 456,2866 457,2865 457,2864 459,2862 584,2862 585,2861 586,2861 586,2861 586,2852 589,2849 590,2849 590,2849 590,2848 591,2847 591,2834 593,2832 594,2832 595,2831 595,2830 597,2828 598,2828 599,2827 599,2822 601,2820 602,2820 603,2819 603,2814 606,2811 611,2811 611,2811 611,2810 614,2807 619,2807 620,2806 620,2805 622,2803 627,2803 628,2805 628,2806 630,2807 643,2807 645,2810 645,2815 646,2815 647,2815 649,2818 649,2865 650,2865 746,2865 747,2866 748,2866 749,2868 749,2869 750,2869 953,2869 953,2869 953,2868 955,2866 965,2866 966,2868 966,2869 968,2870 1207,2870 1207,2870 1207,2827 1208,2826 1208,2825 1209,2824 1215,2824 1215,2824 1215,2823 1218,2820 1227,2820 1228,2822 1228,2823 1230,2824 1231,2824 1232,2826 1232,2831 1234,2832 1235,2832 1237,2835 1237,2870 1238,2870 1357,2870 1357,2871 1357,2874 1358,2874 1773,2874 1774,2876 1774,2877 1776,2878 2053,2878 2053,2878 2053,2826 2055,2824 2056,2824 2058,2822 2058,2821 2059,2820 2069,2820 2070,2822 2070,2823 2071,2823 2072,2824 2073,2824 2074,2826 2074,2831 2076,2832 2077,2832 2078,2834 2078,2878 2079,2878 2390,2878 2390,2878 2390,2877 2391,2876 2393,2874 2394,2874 2395,2873 2395,2855 2397,2853 2398,2853 2399,2852 2399,2847 2401,2845 2402,2845 2403,2844 2403,2839 2406,2836 2407,2836 2407,2836 2407,2831 2410,2828 2411,2828 2411,2828 2411,2827 2414,2824 2419,2824 2420,2823 2420,2822 2422,2820 2427,2820 2428,2819 2428,2818 2430,2816 2452,2816 2458,2823 2458,2824 2459,2824 2460,2824 2462,2827 2462,2878 2463,2878 2523,2878 2524,2880 2524,2936 2525,2936 2762,2936 2762,2936 2762,2896 2763,2895 2764,2895 2766,2893 2766,2884 2768,2882 2769,2882 2770,2881 2770,2880 2772,2878 2949,2878 2949,2878 2949,2875 2950,2874 3065,2874 3065,2874 3065,2873 3068,2870 3327,2870 3328,2869 3328,2868 3330,2866 3361,2866 3361,2867 3361,2868 3364,2870 3365,2870 3365,2871 3365,2872 3368,2874 3369,2874 3370,2876 3370,2877 3372,2878 3373,2878 3374,2880 3374,2890 3375,2890 3376,2890 3377,2891 3378,2891 3378,2892 3378,2936 3378,2936 3377,2936 3374,2939 3374,2940 3374,2940 3373,2940 3370,2943 3370,2948 3369,2949 3364,2949 3361,2952 3361,2953 3361,2953 3355,2953 3354,2954 3354,2955 3353,2956 3353,2957 3353,2957 3205,2957 3204,2958 3038,2958 3036,2960 3036,2961 3036,2961 3035,2961 3034,2962 3017,2962 3016,2963 3016,2964 3014,2966 2650,2966 2649,2967 2649,2977 2648,2978 2647,2978 2646,2979 2645,2980 2645,2981 2644,2982 2643,2982 2641,2984 2641,2989 2639,2991 2638,2991 2637,2992 2637,2993 2635,2995 2634,2995 2633,2996 2633,2997 2631,2999 2609,2999 2608,2999 2608,2998 2607,2997 2607,2971 2607,2970 2501,2970 2499,2969 2499,2968 2498,2966 2005,2966 2003,2965 2003,2964 2002,2962 1594,2962 1593,2961 1592,2961 1591,2961 1591,2960 1589,2957 1109,2957 1108,2958 1106,2958 1105,2957 875,2957 874,2957 874,2956 873,2955 873,2954 873,2953 379,2953 378,2954 378,3007 378,3007 377,3007 372,3012"/><TextEquiv index="1"><Unicode>“perſonne n'en aura rien ſu, vous ne</Unicode></TextEquiv></TextLine><TextLine id="r0_l013"><Coords points="2822,3232 2819,3230 2819,3229 2819,3228 2801,3228 2799,3227 2799,3179 2799,3178 2350,3178 2349,3179 2349,3185 2347,3187 2346,3187 2345,3188 2345,3189 2343,3191 2342,3191 2341,3192 2341,3197 2340,3198 2340,3199 2340,3199 2339,3199 2337,3201 2337,3205 2336,3206 2336,3207 2336,3207 2335,3207 2332,3210 2332,3211 2332,3211 2331,3211 2328,3214 2328,3215 2328,3215 2327,3215 2324,3218 2324,3219 2324,3219 2323,3220 2322,3220 2320,3222 2320,3223 2319,3224 2317,3224 2316,3224 2316,3223 2315,3222 2315,3221 2315,3220 2314,3220 2311,3218 2311,3179 2311,3178 1967,3178 1966,3179 1966,3231 1965,3232 1955,3232 1953,3231 1953,3229 1953,3228 1901,3228 1899,3227 1899,3226 1899,3225 1898,3224 1897,3224 1895,3223 1895,3175 1895,3174 1784,3174 1783,3174 1783,3173 1781,3170 1121,3170 1120,3171 1120,3219 1119,3220 1118,3220 1115,3223 1115,3224 1115,3224 1093,3224 1090,3222 1090,3221 1090,3220 1085,3220 1082,3218 1082,3171 1082,3170 901,3170 899,3169 899,3168 898,3166 677,3166 676,3165 675,3165 674,3165 674,3164 673,3162 419,3162 418,3161 417,3161 416,3161 416,3160 414,3157 363,3157 362,3157 362,3156 360,3153 359,3153 358,3153 358,3152 356,3149 205,3149 203,3148 203,3147 202,3146 202,3145 201,3145 199,3144 199,3093 202,3090 203,3090 203,3090 203,3089 206,3086 244,3086 245,3085 245,3084 247,3082 353,3082 353,3082 353,3080 355,3078 361,3078 361,3078 361,3077 364,3074 377,3074 378,3073 378,3072 380,3070 557,3070 557,3070 557,3022 559,3020 560,3020 562,3018 562,3017 563,3016 769,3016 770,3018 770,3019 772,3020 773,3020 774,3022 774,3078 775,3078 1178,3078 1178,3078 1178,3030 1179,3029 1180,3029 1183,3026 1183,3025 1184,3024 1190,3024 1190,3024 1190,3023 1193,3020 1202,3020 1203,3022 1203,3023 1205,3024 1206,3024 1207,3026 1207,3082 1208,3082 1457,3082 1457,3082 1457,3031 1460,3028 1465,3028 1465,3028 1465,3027 1468,3024 1477,3024 1478,3023 1478,3022 1480,3020 1482,3020 1482,3021 1482,3022 1487,3027 1487,3078 1488,3078 1552,3078 1553,3080 1553,3081 1555,3082 2161,3082 2161,3082 2161,3081 2164,3078 2169,3078 2170,3080 2170,3086 2171,3086 3040,3086 3041,3085 3041,3084 3043,3082 3090,3082 3091,3081 3091,3080 3093,3078 3248,3078 3249,3077 3249,3076 3251,3074 3373,3074 3374,3076 3374,3120 3375,3120 3377,3120 3378,3122 3378,3127 3380,3128 3389,3128 3393,3132 3394,3132 3395,3134 3395,3136 3395,3136 3394,3136 3393,3137 3380,3137 3378,3139 3378,3152 3377,3153 3376,3153 3374,3155 3374,3156 3372,3158 3371,3158 3370,3159 3370,3160 3368,3162 3271,3162 3270,3163 3270,3164 3268,3166 3055,3166 3053,3168 3053,3169 3052,3170 2943,3170 2940,3173 2940,3174 2940,3174 2842,3174 2841,3175 2841,3227 2840,3228 2839,3228 2836,3231 2836,3232 2836,3232"/><TextEquiv index="1"><Unicode>“craindrez plus les caquets; vous pourrez</Unicode></TextEquiv></TextLine><TextLine id="r0_l014"><Coords points="2653,3441 2652,3441 2652,3434 2652,3433 1074,3433 1073,3432 1047,3432 1043,3428 1042,3428 1041,3428 1041,3421 1041,3420 697,3420 695,3419 695,3414 693,3411 692,3411 691,3411 691,3409 690,3408 690,3371 690,3370 364,3370 361,3368 361,3367 361,3366 356,3366 353,3364 353,3363 353,3362 352,3362 343,3353 201,3353 199,3352 199,3351 198,3350 198,3349 197,3349 195,3348 195,3347 194,3345 193,3345 191,3344 191,3342 192,3341 193,3341 195,3339 195,3297 197,3295 202,3295 203,3294 203,3293 205,3291 235,3291 237,3289 237,3288 238,3287 239,3287 239,3287 239,3286 75,3286 74,3286 74,3285 72,3282 59,3282 57,3281 57,3277 58,3276 58,3275 59,3274 1928,3274 1928,3274 1928,3247 1930,3245 1931,3245 1932,3244 1932,3243 1934,3241 2352,3241 2353,3240 2353,3239 2356,3236 3149,3236 3149,3236 3149,3234 3150,3233 3151,3233 3152,3232 3157,3232 3157,3232 3157,3231 3160,3228 3169,3228 3170,3230 3170,3282 3171,3282 3293,3282 3295,3285 3295,3286 3296,3286 3301,3286 3302,3287 3303,3287 3303,3288 3303,3289 3306,3291 3307,3291 3307,3292 3307,3293 3310,3295 3311,3295 3311,3296 3311,3297 3312,3298 3312,3311 3313,3311 3380,3311 3381,3312 3382,3312 3382,3313 3382,3318 3385,3320 3386,3320 3386,3321 3386,3322 3387,3323 3387,3330 3386,3331 3386,3332 3386,3332 3385,3332 3384,3333 3382,3335 3382,3336 3382,3336 3381,3336 3380,3337 3376,3337 3374,3339 3374,3340 3374,3340 3373,3340 3372,3341 3338,3341 3337,3342 3337,3343 3335,3345 3313,3345 3312,3346 3312,3355 3311,3356 3311,3357 3311,3357 3310,3357 3307,3360 3307,3361 3307,3361 3306,3361 3303,3364 3303,3369 3302,3370 3297,3370 3295,3372 3295,3373 3294,3374 3114,3374 3111,3377 3111,3378 3111,3378 3031,3378 3030,3379 3030,3437 3030,3437 2655,3437 2654,3438 2654,3441 2654,3441"/><TextEquiv index="1"><Unicode>“envoyer promener Monſieur le Che-</Unicode></TextEquiv></TextLine><TextLine id="r0_l015"><Coords points="825,3642 824,3642 824,3603 824,3602 823,3603 814,3603 811,3606 811,3607 811,3607 810,3607 807,3610 807,3611 807,3611 806,3611 805,3612 790,3612 789,3611 788,3611 787,3611 787,3610 786,3609 786,3575 786,3574 572,3574 570,3576 570,3577 569,3578 567,3578 566,3578 566,3577 565,3576 565,3575 565,3574 368,3574 365,3577 365,3578 365,3578 359,3578 358,3578 358,3577 356,3574 355,3574 353,3573 353,3563 353,3562 352,3562 349,3560 349,3558 349,3557 192,3557 191,3557 191,3552 189,3549 188,3549 187,3549 187,3529 187,3528 71,3528 70,3528 70,3527 68,3524 67,3524 66,3524 66,3488 65,3487 65,3485 68,3482 69,3483 70,3483 70,3484 70,3485 72,3486 76,3486 77,3487 78,3487 78,3488 78,3495 79,3495 323,3495 324,3494 324,3493 326,3491 393,3491 395,3489 395,3488 396,3487 486,3487 486,3487 486,3440 487,3439 487,3438 488,3437 489,3437 490,3436 494,3436 495,3435 495,3434 497,3432 556,3432 557,3434 557,3435 560,3437 561,3437 561,3438 561,3439 562,3440 562,3490 563,3490 691,3490 692,3491 723,3491 724,3493 724,3494 726,3495 727,3495 728,3497 728,3553 729,3553 911,3553 911,3553 911,3502 912,3501 912,3500 913,3499 919,3499 920,3498 920,3497 922,3495 923,3495 924,3494 924,3489 927,3486 928,3486 928,3486 928,3472 930,3470 931,3470 932,3469 932,3464 935,3461 936,3461 936,3461 936,3452 939,3449 940,3449 940,3449 940,3448 947,3441 952,3441 953,3440 953,3439 956,3436 961,3436 961,3436 961,3435 964,3432 972,3432 973,3433 974,3433 974,3434 974,3435 976,3436 980,3436 981,3437 982,3437 982,3438 982,3439 985,3441 986,3441 986,3442 986,3443 987,3444 987,3490 988,3490 1079,3490 1080,3491 1336,3491 1337,3490 1366,3490 1367,3491 1491,3491 1491,3491 1491,3446 1492,3445 1498,3445 1499,3444 1499,3442 1500,3441 1548,3441 1549,3440 1599,3440 1599,3440 1599,3439 1602,3436 1614,3436 1616,3439 1616,3495 1617,3495 1907,3495 1907,3495 1907,3456 1908,3455 1908,3454 1909,3453 1910,3453 1911,3452 1911,3448 1912,3447 1912,3446 1913,3445 1914,3445 1916,3443 1916,3442 1917,3441 2051,3441 2052,3440 2053,3440 2053,3440 2053,3439 2056,3436 2080,3436 2081,3437 2082,3437 2082,3438 2082,3439 2085,3441 2086,3441 2086,3442 2086,3443 2087,3444 2087,3445 2088,3445 2290,3445 2290,3446 2290,3447 2291,3447 2293,3449 2294,3449 2295,3451 2295,3495 2296,3495 2319,3495 2320,3497 2320,3498 2322,3499 2628,3499 2628,3499 2628,3485 2631,3482 2632,3482 2632,3482 2632,3481 2635,3478 2636,3478 2636,3478 2636,3465 2637,3464 2637,3463 2638,3462 2639,3462 2641,3460 2641,3446 2642,3445 2648,3445 2649,3444 2649,3443 2651,3441 2657,3441 2657,3442 2657,3499 2658,3499 2806,3499 2807,3498 2807,3497 2809,3495 2861,3495 2861,3495 2861,3448 2862,3447 2862,3446 2863,3445 2864,3445 2866,3443 2866,3442 2867,3441 3018,3441 3020,3439 3020,3438 3021,3437 3032,3437 3032,3438 3032,3439 3035,3441 3036,3441 3036,3442 3036,3443 3037,3444 3037,3495 3038,3495 3253,3495 3253,3495 3253,3443 3256,3440 3257,3440 3257,3440 3257,3439 3260,3436 3265,3436 3266,3435 3266,3434 3268,3432 3272,3432 3273,3433 3274,3433 3274,3434 3274,3435 3276,3436 3280,3436 3281,3437 3282,3437 3282,3438 3282,3486 3283,3486 3347,3486 3349,3489 3349,3490 3350,3490 3351,3490 3352,3491 3361,3491 3361,3492 3361,3493 3364,3495 3365,3495 3365,3496 3365,3497 3368,3499 3369,3499 3370,3501 3370,3502 3372,3503 3373,3503 3374,3505 3374,3506 3377,3508 3378,3508 3378,3509 3378,3552 3380,3553 3381,3553 3382,3555 3382,3556 3384,3557 3393,3557 3395,3560 3395,3564 3393,3566 3367,3566 3366,3567 3366,3568 3364,3570 3359,3570 3358,3571 3358,3572 3356,3574 3351,3574 3349,3576 3349,3577 3348,3578 3346,3578 3345,3578 3345,3577 3344,3576 3344,3575 3344,3574 3198,3574 3084,3574 3083,3575 3083,3576 3082,3577 3082,3578 3082,3578 2722,3578 2720,3580 2720,3581 2719,3582 2717,3582 2716,3582 2716,3581 2714,3578 2484,3578 2483,3579 2483,3633 2482,3634 2482,3636 2482,3636 2481,3636 2478,3639 2478,3640 2477,3641 2476,3641 2474,3640 2474,3639 2473,3637 2444,3637 2443,3636 2442,3636 2441,3636 2441,3635 2439,3632 2438,3632 2437,3632 2437,3583 2437,3582 2255,3582 2254,3583 2253,3583 2252,3582 2097,3582 2094,3580 2094,3579 2094,3578 1835,3578 1832,3581 1832,3582 1832,3582 1830,3582 1829,3583 1742,3583 1741,3584 1741,3631 1740,3632 1730,3632 1728,3631 1728,3630 1727,3628 1726,3628 1724,3627 1724,3626 1723,3624 1722,3624 1720,3623 1720,3575 1720,3574 1464,3574 1461,3577 1461,3578 1461,3578 1384,3578 1383,3579 1383,3617 1382,3618 1382,3619 1381,3620 1380,3620 1379,3621 1379,3622 1377,3624 1376,3624 1374,3623 1374,3622 1373,3620 1347,3620 1345,3619 1345,3579 1345,3578 829,3578 828,3579 828,3642 828,3642"/><TextEquiv index="1"><Unicode>“valier, ſans qu'il puiſſe ſe prévaloir de</Unicode></TextEquiv></TextLine><TextLine id="r0_l016"><Coords points="2180,3845 2179,3845 2179,3844 2177,3841 2160,3841 2157,3839 2157,3838 2157,3837 2156,3837 2153,3835 2153,3834 2153,3833 2152,3833 2149,3831 2149,3788 2149,3787 1740,3787 1739,3786 1738,3786 1737,3786 1737,3785 1736,3783 1700,3783 1699,3782 1477,3782 1474,3785 1474,3786 1474,3786 1471,3786 1470,3786 1470,3785 1469,3783 1263,3783 1262,3784 1262,3839 1260,3841 1230,3841 1228,3843 1228,3844 1227,3845 1226,3845 1224,3844 1224,3843 1222,3840 1221,3840 1220,3840 1220,3821 1220,3820 1089,3820 1086,3818 1086,3788 1086,3787 644,3787 643,3786 642,3786 641,3786 641,3785 639,3782 359,3782 358,3783 357,3783 356,3782 355,3782 353,3781 353,3780 352,3779 352,3778 351,3778 349,3777 349,3768 348,3766 197,3766 195,3765 195,3764 194,3763 193,3761 192,3761 191,3761 191,3760 189,3757 188,3757 187,3757 187,3756 186,3755 186,3752 189,3749 190,3749 190,3749 190,3748 191,3747 191,3713 192,3712 193,3712 195,3710 195,3705 197,3703 228,3703 228,3703 228,3701 230,3699 324,3699 324,3699 324,3697 326,3695 348,3695 349,3694 349,3693 351,3691 361,3691 362,3690 364,3690 365,3691 515,3691 516,3693 516,3698 518,3699 803,3699 803,3699 803,3685 806,3682 807,3682 807,3682 807,3681 810,3678 811,3678 811,3678 811,3669 812,3668 812,3667 813,3666 814,3666 816,3664 816,3655 818,3653 819,3653 820,3652 820,3647 822,3645 823,3645 823,3645 823,3644 825,3642 828,3642 832,3647 832,3699 833,3699 1002,3699 1003,3698 1003,3697 1004,3696 1005,3695 1006,3695 1007,3694 1007,3693 1009,3691 1011,3691 1012,3693 1012,3694 1013,3694 1014,3695 1015,3695 1016,3697 1016,3699 1017,3699 1036,3699 1036,3700 1036,3701 1042,3706 1224,3706 1224,3706 1224,3705 1226,3703 1232,3703 1232,3703 1232,3702 1233,3701 1233,3700 1234,3699 1519,3699 1519,3699 1519,3698 1520,3697 1520,3696 1521,3695 1665,3695 1665,3695 1665,3691 1666,3690 1666,3688 1667,3687 1668,3687 1670,3685 1670,3676 1672,3674 1673,3674 1674,3673 1674,3672 1676,3670 1677,3670 1678,3669 1678,3664 1681,3661 1682,3661 1682,3661 1682,3660 1685,3657 1686,3657 1686,3657 1686,3652 1687,3651 1687,3650 1688,3649 1694,3649 1695,3648 1695,3647 1697,3645 1702,3645 1703,3644 1703,3643 1705,3641 1727,3641 1729,3644 1729,3645 1730,3645 1740,3645 1741,3647 1741,3699 1742,3699 1769,3699 1770,3701 1770,3702 1772,3703 1998,3703 1999,3702 1999,3701 2001,3699 2073,3699 2074,3701 2074,3702 2076,3703 2277,3703 2278,3702 2278,3701 2280,3699 2382,3699 2382,3700 2382,3701 2383,3702 2383,3703 2384,3703 2385,3703 2387,3706 2387,3707 2388,3707 2389,3707 2391,3710 2391,3757 2392,3757 2582,3757 2582,3757 2582,3743 2584,3741 2585,3741 2586,3740 2586,3723 2587,3722 2587,3721 2588,3720 2589,3720 2591,3718 2591,3717 2592,3716 2597,3716 2598,3715 2599,3715 2599,3715 2599,3709 2600,3708 2601,3708 2604,3705 2604,3705 2604,3704 2605,3703 2615,3703 2615,3703 2615,3702 2618,3699 2724,3699 2724,3699 2724,3663 2725,3662 2726,3662 2727,3661 2907,3661 2907,3661 2907,3647 2909,3645 2914,3645 2916,3643 2916,3642 2917,3641 3056,3641 3057,3640 3057,3639 3060,3636 3064,3636 3066,3639 3066,3691 3067,3691 3268,3691 3270,3689 3270,3688 3271,3687 3274,3687 3274,3688 3274,3689 3277,3691 3286,3691 3286,3692 3286,3693 3289,3695 3294,3695 3295,3697 3295,3706 3302,3712 3303,3712 3303,3713 3303,3720 3304,3720 3373,3720 3374,3722 3374,3740 3374,3740 3373,3740 3372,3741 3369,3744 3369,3745 3369,3745 3338,3745 3337,3746 3337,3747 3336,3748 3336,3749 3336,3749 3309,3749 3308,3750 3308,3758 3307,3759 3307,3761 3307,3761 3306,3761 3305,3762 3300,3762 3299,3763 3299,3773 3298,3774 3297,3774 3296,3775 3295,3776 3295,3777 3294,3778 3293,3778 3292,3779 3291,3780 3291,3781 3290,3782 3280,3782 3279,3783 3145,3783 3144,3782 2868,3782 2866,3784 2866,3785 2864,3787 2626,3787 2624,3789 2624,3790 2624,3790 2623,3790 2622,3791 2492,3791 2491,3792 2491,3797 2490,3798 2490,3799 2490,3799 2489,3799 2486,3802 2486,3803 2486,3803 2485,3803 2482,3806 2482,3807 2482,3807 2481,3807 2478,3810 2478,3811 2478,3811 2477,3811 2476,3812 2471,3812 2470,3813 2470,3814 2468,3816 2456,3816 2453,3814 2453,3790 2453,3789 2291,3789 2289,3791 2233,3791 2232,3792 2232,3815 2231,3816 2230,3816 2228,3818 2228,3823 2227,3824 2226,3824 2224,3826 2224,3827 2223,3828 2222,3828 2220,3830 2220,3831 2219,3832 2218,3832 2216,3834 2216,3839 2214,3841 2201,3841 2199,3843 2199,3844 2198,3845"/><TextEquiv index="1"><Unicode>“votre état, pour ſe venger, en clabau-</Unicode></TextEquiv></TextLine><TextLine id="r0_l017"><Coords points="1620,4049 1619,4049 1619,3991 1619,3990 1511,3990 1510,3991 1326,3991 1324,3993 1324,3994 1324,3994 1323,3995 1322,3995 1320,3994 1320,3993 1319,3991 443,3991 441,3990 441,3989 440,3987 365,3987 364,3986 363,3986 362,3986 362,3985 360,3982 347,3982 339,3974 197,3974 194,3972 194,3971 194,3970 193,3970 191,3969 191,3917 192,3916 193,3916 195,3914 195,3913 196,3912 197,3912 198,3911 232,3911 232,3911 232,3910 235,3907 361,3907 361,3907 361,3906 364,3903 378,3903 378,3903 378,3847 380,3845 381,3845 382,3844 382,3843 384,3841 398,3841 399,3843 399,3844 401,3845 406,3845 410,3849 411,3849 411,3850 411,3851 412,3852 412,3853 413,3853 415,3853 416,3855 416,3903 417,3903 619,3903 619,3903 619,3902 622,3899 623,3899 624,3901 624,3902 626,3903 785,3903 787,3906 787,3907 788,3907 1007,3907 1007,3907 1007,3906 1010,3903 1011,3903 1011,3903 1011,3902 1014,3899 1177,3899 1179,3902 1179,3903 1180,3903 1540,3903 1540,3903 1540,3902 1541,3901 1541,3900 1542,3899 1845,3899 1845,3899 1845,3851 1847,3849 1852,3849 1853,3848 1853,3847 1855,3845 1865,3845 1865,3846 1865,3847 1868,3849 2165,3849 2165,3850 2165,3851 2169,3854 2170,3854 2170,3855 2170,3903 2171,3903 2415,3903 2416,3905 2416,3907 2417,3907 2485,3907 2487,3910 2487,3911 2488,3911 2678,3911 2678,3911 2678,3855 2679,3854 2680,3854 2681,3853 2683,3851 2683,3850 2684,3849 2752,3849 2753,3851 2753,3856 2755,3857 2756,3857 2757,3859 2757,3872 2758,3873 2758,3874 2759,3874 2760,3874 2762,3877 2762,3886 2763,3886 3099,3886 3099,3886 3099,3880 3101,3878 3102,3878 3103,3877 3103,3868 3105,3866 3106,3866 3107,3865 3107,3865 3107,3864 3110,3861 3111,3861 3111,3861 3111,3860 3114,3857 3115,3857 3116,3856 3116,3855 3118,3853 3123,3853 3124,3852 3124,3851 3126,3849 3127,3849 3128,3848 3128,3847 3130,3845 3144,3845 3144,3845 3144,3844 3145,3843 3145,3842 3146,3841 3149,3841 3149,3842 3149,3843 3150,3844 3150,3845 3151,3845 3156,3845 3158,3848 3158,3849 3159,3849 3160,3849 3162,3852 3162,3895 3163,3895 3248,3895 3249,3897 3249,3898 3251,3899 3340,3899 3340,3900 3340,3901 3341,3902 3352,3912 3353,3912 3353,3913 3353,3957 3354,3957 3368,3957 3373,3962 3374,3962 3374,3963 3374,3965 3373,3966 3372,3966 3370,3968 3370,3977 3369,3978 3368,3978 3366,3980 3366,3981 3365,3982 3360,3982 3357,3985 3357,3986 3357,3986 3356,3986 3355,3987 3184,3987 3182,3989 3182,3990 3181,3991 3177,3991 3176,3990 2990,3990 2989,3991 2988,3991 2987,3992 2987,3993 2985,3995 2968,3995 2966,3994 2966,3993 2965,3991 2583,3991 2582,3992 2582,4007 2582,4007 2581,4007 2578,4010 2578,4015 2577,4016 2572,4016 2569,4019 2569,4020 2569,4020 2563,4020 2562,4021 2562,4022 2560,4024 2551,4024 2549,4023 2549,4022 2548,4021 2548,4020 2547,4020 2545,4019 2545,3992 2545,3991 2351,3991 2349,3993 2349,3994 2348,3995 2218,3995 2216,3994 2216,3993 2215,3991 1717,3991 1716,3992 1716,4006 1715,4007 1714,4007 1711,4010 1711,4011 1711,4011 1710,4011 1707,4014 1707,4019 1706,4020 1705,4020 1703,4022 1703,4023 1702,4024 1702,4024 1701,4024 1699,4026 1699,4027 1698,4028 1697,4028 1695,4030 1695,4031 1694,4032 1689,4032 1687,4034 1687,4035 1686,4036 1684,4036 1682,4035 1682,4034 1681,4033 1681,4032 1680,4032 1678,4031 1678,3991 1678,3990 1626,3990 1625,3991 1625,4049 1625,4049"/><TextEquiv index="1"><Unicode>“dant contre vous; d'ailleurs, il ne ſera</Unicode></TextEquiv></TextLine><TextLine id="r0_l018"><Coords points="2263,4257 2262,4257 2262,4256 2260,4253 1092,4253 1091,4253 1091,4252 1090,4251 1090,4250 1090,4249 314,4249 310,4245 309,4245 307,4244 307,4179 307,4178 188,4178 187,4178 187,4177 186,4176 185,4174 184,4174 183,4174 183,4173 182,4172 182,4167 182,4166 181,4166 178,4164 178,4160 181,4157 182,4157 182,4157 182,4122 184,4120 185,4120 186,4119 187,4118 187,4117 188,4116 226,4116 227,4115 228,4115 228,4115 228,4114 231,4111 319,4111 320,4110 320,4109 322,4107 436,4107 436,4107 436,4106 439,4103 707,4103 707,4103 707,4097 709,4095 710,4095 711,4094 711,4085 714,4082 715,4082 716,4081 716,4067 717,4066 718,4066 720,4064 720,4059 721,4058 722,4058 724,4056 724,4055 726,4053 1177,4053 1178,4052 1178,4051 1180,4049 1627,4049 1628,4051 1628,4056 1630,4057 2377,4057 2378,4059 2378,4060 2379,4061 2381,4062 2382,4062 2382,4063 2382,4103 2383,4103 3298,4103 3299,4105 3299,4106 3301,4107 3356,4107 3357,4109 3357,4114 3360,4116 3361,4116 3361,4117 3361,4118 3362,4119 3362,4123 3364,4124 3365,4124 3365,4125 3365,4126 3366,4127 3366,4174 3367,4174 3369,4174 3370,4176 3370,4177 3372,4178 3373,4178 3374,4180 3374,4190 3374,4190 3373,4190 3370,4193 3370,4194 3369,4195 3017,4195 3016,4196 3016,4197 3015,4198 3015,4199 3015,4199 3014,4199 3011,4202 3011,4203 3011,4203 2750,4203 2749,4204 2749,4248 2748,4249 2734,4249 2733,4250 2733,4251 2732,4252 2732,4253 2732,4253 2285,4253 2282,4256 2282,4257 2282,4257"/><TextEquiv index="1"><Unicode>“peut-être plus ici, non - plus que mon</Unicode></TextEquiv></TextLine><TextLine id="r0_l019"><Coords points="3130,4428 3128,4427 3128,4404 3128,4403 2660,4403 2657,4406 2657,4407 2657,4407 2655,4407 2654,4408 2551,4408 2549,4410 2549,4411 2549,4411 2546,4411 2545,4411 2545,4410 2543,4407 2163,4407 2162,4407 2162,4406 2160,4403 2034,4403 2033,4403 2033,4402 2031,4399 1839,4399 1836,4402 1836,4403 1836,4403 1689,4403 1687,4405 1687,4406 1686,4407 1684,4407 1683,4406 1682,4406 1682,4404 1682,4403 1601,4403 1599,4402 1599,4401 1598,4399 1259,4399 1258,4400 1258,4401 1257,4402 1257,4403 1257,4403 1030,4403 1028,4402 1028,4401 1027,4399 672,4399 670,4401 670,4402 669,4403 446,4403 445,4403 445,4402 444,4401 444,4400 444,4399 334,4399 333,4399 333,4398 331,4395 326,4395 324,4394 324,4384 324,4383 224,4383 223,4382 188,4382 187,4382 187,4381 185,4378 184,4378 182,4377 182,4331 185,4328 190,4328 190,4328 190,4327 193,4324 198,4324 199,4323 199,4322 201,4320 331,4320 332,4319 332,4318 334,4316 335,4316 336,4315 336,4298 337,4297 337,4296 338,4295 339,4295 341,4293 341,4284 343,4282 344,4282 345,4281 345,4276 347,4274 352,4274 353,4273 353,4272 355,4270 356,4270 357,4269 357,4264 360,4261 373,4261 374,4260 374,4259 375,4258 376,4258 377,4257 448,4257 449,4259 449,4260 452,4262 453,4262 453,4263 453,4264 456,4266 457,4266 457,4267 457,4312 458,4312 701,4312 702,4311 703,4311 703,4311 703,4301 705,4299 706,4299 707,4298 707,4293 709,4291 710,4291 711,4290 711,4269 712,4268 712,4267 713,4266 714,4266 716,4264 716,4263 717,4262 718,4262 719,4261 815,4261 816,4260 816,4259 818,4257 819,4257 820,4256 820,4255 822,4253 831,4253 832,4255 832,4311 833,4311 1055,4311 1056,4312 1057,4312 1057,4313 1057,4314 1060,4316 1314,4316 1316,4314 1316,4313 1317,4312 1318,4312 1319,4311 1555,4311 1556,4312 1557,4312 1557,4313 1557,4314 1560,4316 1745,4316 1745,4316 1745,4271 1746,4270 1747,4270 1748,4269 1749,4269 1749,4269 1749,4259 1750,4258 1751,4258 1752,4257 1768,4257 1770,4260 1770,4311 1771,4311 1923,4311 1924,4310 1924,4309 1925,4308 1926,4308 1927,4307 2015,4307 2015,4307 2015,4266 2016,4265 2016,4263 2017,4262 2018,4262 2019,4261 2028,4261 2028,4261 2028,4260 2031,4257 2043,4257 2045,4260 2045,4261 2046,4261 2047,4261 2049,4264 2049,4315 2050,4315 2087,4315 2088,4316 2186,4316 2186,4317 2186,4318 2189,4320 2416,4320 2416,4320 2416,4267 2417,4266 2427,4266 2428,4265 2428,4264 2431,4261 2439,4261 2441,4264 2441,4265 2442,4265 2443,4265 2445,4268 2445,4316 2446,4316 2744,4316 2745,4315 2986,4315 2986,4315 2986,4314 2988,4312 2990,4312 2991,4314 2991,4315 2993,4316 3061,4316 3061,4317 3061,4318 3064,4320 3245,4320 3245,4320 3245,4288 3246,4287 3247,4287 3261,4273 3261,4272 3263,4270 3265,4270 3266,4272 3266,4273 3268,4274 3294,4274 3295,4276 3295,4281 3298,4283 3299,4283 3299,4284 3299,4303 3300,4303 3373,4303 3374,4305 3374,4385 3372,4387 3371,4387 3370,4388 3370,4389 3368,4391 3367,4391 3366,4392 3366,4393 3364,4395 3363,4395 3362,4396 3362,4397 3360,4399 3351,4399 3349,4401 3349,4402 3348,4403 3163,4403 3162,4404 3162,4418 3160,4420 3159,4420 3158,4421 3158,4422 3156,4424 3151,4424 3149,4426 3149,4427 3148,4428"/><TextEquiv index="1"><Unicode>“fils. Alors vous reviendrez chez nous, &amp;</Unicode></TextEquiv></TextLine><TextLine id="r0_l020"><Coords points="1243,4674 1240,4672 1240,4671 1240,4670 1239,4670 1236,4668 1236,4658 1236,4657 742,4657 741,4657 741,4652 739,4649 738,4649 737,4649 737,4609 737,4608 361,4608 360,4607 359,4607 357,4606 357,4605 356,4603 355,4603 353,4602 353,4592 353,4591 352,4591 351,4590 350,4590 349,4590 349,4588 349,4587 173,4587 172,4586 171,4586 170,4586 170,4585 168,4582 167,4582 166,4582 166,4546 166,4545 163,4545 162,4545 162,4534 162,4533 160,4533 157,4531 158,4530 158,4529 159,4528 160,4528 162,4526 162,4525 163,4524 327,4524 328,4523 328,4522 330,4520 523,4520 523,4520 523,4519 524,4518 524,4517 525,4516 644,4516 645,4515 1041,4515 1041,4515 1041,4513 1042,4512 1043,4512 1045,4510 1045,4497 1047,4495 1048,4495 1049,4494 1049,4489 1052,4486 1053,4486 1053,4486 1053,4480 1055,4478 1061,4478 1061,4478 1061,4473 1062,4472 1062,4471 1063,4470 1069,4470 1069,4470 1069,4469 1072,4466 1086,4466 1086,4467 1086,4468 1089,4470 1098,4470 1099,4472 1099,4477 1101,4478 1102,4478 1103,4480 1103,4481 1105,4482 1106,4482 1107,4484 1107,4507 1108,4507 1523,4507 1524,4509 1524,4511 1525,4511 1768,4511 1770,4514 1770,4515 1771,4515 1772,4515 1773,4516 2991,4516 2991,4516 2991,4471 2992,4470 2993,4470 2998,4465 2999,4465 2999,4465 2999,4464 3002,4461 3018,4461 3020,4464 3020,4465 3021,4465 3022,4465 3024,4468 3024,4516 3025,4516 3348,4516 3349,4518 3349,4519 3351,4520 3361,4520 3361,4521 3361,4530 3362,4531 3362,4570 3363,4570 3377,4570 3378,4572 3378,4573 3380,4574 3381,4574 3382,4576 3382,4577 3383,4578 3383,4579 3382,4580 3382,4582 3382,4582 3371,4582 3370,4583 3370,4614 3368,4616 3367,4616 3366,4617 3366,4627 3365,4628 3364,4628 3361,4631 3361,4632 3361,4632 3360,4632 3357,4635 3357,4636 3357,4636 3356,4636 3353,4639 3353,4640 3353,4640 3352,4640 3349,4643 3349,4644 3348,4645 3343,4645 3340,4648 3340,4649 3340,4649 3334,4649 3333,4650 3333,4651 3332,4652 3332,4653 3332,4653 3330,4653 3328,4652 3328,4613 3328,4612 1967,4612 1966,4613 1966,4656 1965,4657 1952,4657 1951,4658 1950,4658 1949,4659 1949,4660 1947,4662 1250,4662 1249,4663 1249,4673 1248,4674"/><TextEquiv index="1"><Unicode>“vous y reſterez tant que vous voudrez;</Unicode></TextEquiv></TextLine><TextLine id="r0_l021"><Coords points="1768,4888 1767,4887 1765,4887 1764,4887 1764,4813 1764,4812 1683,4812 1682,4813 1682,4865 1681,4866 1639,4866 1636,4864 1636,4808 1636,4807 1456,4807 1453,4810 1453,4811 1453,4811 1452,4811 1451,4812 1448,4812 1447,4811 1246,4811 1245,4811 1245,4810 1243,4807 1038,4807 1037,4808 1037,4864 1035,4866 997,4866 995,4865 995,4813 995,4812 881,4812 878,4810 878,4809 877,4807 758,4807 647,4807 645,4809 645,4811 645,4811 452,4811 451,4812 348,4812 347,4811 346,4811 345,4811 345,4801 344,4799 343,4799 341,4798 341,4796 341,4795 180,4795 178,4794 178,4785 181,4782 182,4782 182,4782 182,4739 185,4736 186,4736 186,4736 186,4735 189,4732 316,4732 316,4732 316,4726 318,4724 465,4724 465,4724 465,4723 466,4722 466,4721 467,4720 1019,4720 1020,4722 1020,4723 1022,4724 1302,4724 1303,4723 1303,4722 1305,4720 1565,4720 1566,4722 1566,4723 1568,4724 1848,4724 1849,4723 1849,4722 1851,4720 1853,4720 1853,4721 1853,4722 1854,4723 1854,4724 1855,4724 2406,4724 2407,4723 2407,4706 2410,4703 2411,4703 2411,4703 2411,4702 2414,4699 2415,4699 2415,4699 2415,4698 2416,4697 2416,4688 2417,4687 2418,4687 2419,4686 2420,4685 2420,4684 2421,4683 2422,4683 2424,4681 2424,4680 2426,4678 2436,4678 2436,4678 2436,4677 2439,4674 2440,4674 2440,4674 2440,4673 2443,4670 2448,4670 2449,4669 2449,4668 2451,4666 2465,4666 2466,4668 2466,4669 2468,4670 2557,4670 2557,4671 2557,4672 2558,4673 2558,4674 2559,4674 2565,4674 2565,4675 2565,4676 2566,4676 2569,4679 2570,4679 2570,4680 2570,4724 2571,4724 2886,4724 2886,4725 2886,4726 2889,4728 3086,4728 3086,4728 3086,4727 3089,4724 3174,4724 3174,4724 3174,4680 3176,4678 3177,4678 3177,4678 3178,4677 3178,4676 3180,4674 3181,4674 3183,4672 3183,4671 3184,4670 3185,4670 3187,4668 3187,4667 3188,4666 3190,4666 3191,4665 3192,4666 3194,4666 3195,4668 3195,4669 3197,4670 3198,4670 3199,4672 3199,4720 3200,4720 3361,4720 3361,4721 3361,4722 3364,4724 3373,4724 3374,4726 3374,4770 3375,4770 3386,4770 3386,4771 3386,4772 3387,4773 3387,4780 3386,4781 3386,4782 3386,4782 3377,4782 3376,4783 3375,4783 3374,4784 3374,4794 3373,4795 3372,4795 3370,4797 3370,4802 3369,4803 3368,4803 3367,4804 3366,4805 3366,4806 3365,4807 3364,4807 3363,4808 3361,4810 3361,4811 3361,4811 3360,4811 3358,4813 3358,4814 3356,4816 3125,4816 3124,4817 3124,4869 3123,4870 3076,4870 3074,4869 3074,4817 3074,4816 2792,4816 2791,4817 2791,4856 2789,4858 2767,4858 2766,4859 2766,4860 2765,4861 2763,4861 2761,4860 2761,4859 2760,4857 2759,4857 2757,4856 2757,4855 2756,4853 2755,4853 2753,4852 2753,4817 2753,4816 2480,4816 2478,4818 2478,4819 2477,4820 2210,4820 2207,4818 2207,4817 2207,4816 2097,4816 2095,4815 2095,4814 2094,4812 1770,4812 1769,4813 1769,4888 1769,4888"/><TextEquiv index="1"><Unicode>“vous ne pourrez pas nous faire un plus</Unicode></TextEquiv></TextLine><TextLine id="r0_l022"><Coords points="929,5077 928,5077 928,5075 928,5074 826,5074 824,5073 824,5072 823,5070 330,5070 329,5070 329,5069 327,5066 322,5066 320,5065 320,5060 318,5057 317,5057 316,5057 316,5000 316,4999 197,4999 195,4998 195,4951 197,4949 198,4949 199,4948 199,4947 201,4945 202,4945 203,4944 203,4943 205,4941 206,4941 207,4940 207,4939 209,4937 243,4937 244,4936 323,4936 324,4935 324,4934 325,4933 326,4933 327,4932 336,4932 336,4932 336,4931 339,4928 695,4928 695,4928 695,4880 697,4878 698,4878 699,4877 699,4876 701,4874 702,4874 703,4873 703,4872 705,4870 1186,4870 1186,4871 1186,4872 1189,4874 1190,4874 1190,4875 1190,4876 1191,4877 1191,4886 1192,4886 1764,4886 1765,4887 1767,4887 1768,4888 1770,4888 1770,4889 1770,4894 1769,4895 1755,4895 1753,4897 1753,4898 1752,4899 1192,4899 1191,4900 1191,4928 1192,4928 1252,4928 1253,4930 1253,4931 1255,4932 1256,4932 1257,4934 1257,4935 1258,4936 1259,4936 1260,4936 1261,4938 1261,4945 1262,4945 1436,4945 1436,4946 1436,4947 1444,4954 1445,4954 1445,4955 1445,4981 1444,4982 1443,4982 1441,4984 1441,4989 1439,4991 1438,4991 1437,4992 1437,4993 1435,4995 1434,4995 1433,4996 1433,4997 1431,4999 1418,4999 1416,5001 1416,5002 1415,5003 1300,5003 1299,5004 1299,5010 1297,5012 1296,5012 1295,5013 1295,5014 1293,5016 1288,5016 1287,5017 1287,5018 1286,5019 1286,5020 1286,5020 988,5020 987,5021 987,5077 987,5077"/><TextEquiv index="1"><Unicode>“grand plaiſir.“</Unicode></TextEquiv></TextLine><TextLine id="r0_l023"><Coords points="3157,5283 3156,5282 3155,5282 3153,5281 3153,5280 3152,5278 3134,5278 3133,5278 3133,5277 3131,5274 3130,5274 3128,5273 3128,5272 3127,5270 3126,5270 3124,5269 3124,5229 3124,5228 2705,5228 2704,5229 2704,5230 2703,5231 2703,5232 2703,5232 2688,5232 2687,5232 2687,5231 2685,5228 2567,5228 2566,5228 2566,5227 2565,5226 2565,5225 2565,5224 2179,5224 2178,5225 2178,5277 2177,5278 2164,5278 2161,5281 2161,5282 2161,5282 2151,5282 2149,5281 2149,5280 2148,5279 2148,5278 2147,5278 2145,5277 2145,5229 2145,5228 1976,5228 1974,5227 1974,5226 1973,5224 1865,5224 1747,5224 1745,5226 1745,5227 1744,5228 1408,5228 1407,5229 1407,5257 1407,5257 1406,5257 1403,5260 1403,5261 1403,5261 1402,5261 1401,5262 1385,5262 1382,5260 1382,5229 1382,5228 1242,5228 1241,5228 1241,5227 1240,5226 1240,5225 1240,5224 667,5224 666,5224 666,5223 665,5222 665,5221 665,5220 438,5220 437,5221 437,5222 436,5223 436,5224 436,5224 434,5224 432,5223 432,5222 431,5220 368,5220 366,5219 366,5218 365,5216 364,5216 361,5214 361,5213 361,5212 360,5212 357,5210 358,5209 358,5208 359,5207 361,5207 361,5207 361,5090 362,5089 362,5088 363,5087 364,5087 366,5085 366,5084 368,5082 440,5082 441,5081 441,5080 443,5078 444,5078 445,5077 445,5076 447,5074 452,5074 453,5076 453,5136 454,5136 748,5136 749,5135 749,5134 751,5132 899,5132 899,5132 899,5118 902,5115 903,5115 903,5115 903,5105 904,5104 905,5104 906,5103 907,5103 907,5103 907,5097 909,5095 910,5095 912,5093 912,5092 913,5091 914,5091 916,5089 916,5088 917,5087 918,5087 920,5085 920,5084 921,5083 922,5083 924,5081 924,5080 926,5078 927,5078 928,5077 987,5077 988,5078 989,5078 991,5081 991,5082 992,5082 1315,5082 1315,5082 1315,5081 1318,5078 1319,5078 1320,5080 1320,5081 1326,5086 1515,5086 1516,5085 1516,5084 1518,5082 1523,5082 1524,5081 1524,5080 1526,5078 1531,5078 1532,5080 1532,5136 1533,5136 1832,5136 1832,5136 1832,5135 1835,5132 1839,5132 1841,5135 1841,5136 1842,5136 2164,5136 2166,5139 2166,5141 2167,5141 2361,5141 2361,5141 2361,5085 2364,5082 2365,5082 2365,5082 2366,5081 2366,5080 2368,5078 2474,5078 2474,5078 2474,5067 2475,5066 2478,5066 2478,5067 2478,5068 2487,5077 2487,5078 2488,5078 2489,5078 2493,5082 2494,5082 2495,5084 2495,5094 2497,5095 2498,5095 2499,5097 2499,5102 2501,5103 2502,5103 2503,5105 2503,5132 2504,5132 2556,5132 2557,5134 2557,5136 2558,5136 2647,5136 2648,5137 2703,5137 2703,5138 2703,5139 2706,5141 2715,5141 2716,5143 2716,5144 2718,5145 2920,5145 2920,5145 2920,5088 2921,5087 2922,5087 2923,5086 2929,5080 2929,5079 2930,5078 3044,5078 3045,5077 3045,5076 3047,5074 3048,5074 3048,5075 3049,5076 3049,5077 3051,5078 3277,5078 3278,5080 3278,5081 3279,5081 3280,5082 3281,5082 3282,5084 3282,5085 3283,5086 3283,5132 3284,5132 3335,5132 3337,5135 3337,5136 3338,5136 3355,5136 3356,5137 3357,5137 3357,5138 3357,5139 3360,5141 3361,5141 3361,5142 3361,5143 3362,5144 3364,5145 3365,5145 3365,5146 3365,5147 3368,5149 3369,5149 3370,5151 3370,5165 3371,5165 3372,5165 3374,5168 3374,5191 3375,5191 3378,5191 3378,5192 3378,5194 3377,5195 3375,5195 3374,5196 3374,5206 3373,5207 3368,5207 3366,5209 3366,5210 3364,5212 3363,5212 3362,5213 3362,5214 3360,5216 3359,5216 3357,5218 3357,5219 3356,5220 3355,5220 3353,5222 3353,5223 3352,5224 3208,5224 3207,5225 3207,5248 3206,5249 3205,5249 3203,5251 3203,5261 3203,5261 3202,5261 3201,5262 3196,5262 3195,5263 3195,5264 3193,5266 3192,5266 3191,5267 3191,5268 3189,5270 3188,5270 3187,5271 3187,5272 3185,5274 3180,5274 3178,5276 3178,5277 3177,5278 3176,5278 3175,5279 3175,5280 3174,5281 3174,5282 3174,5282 3159,5282 3158,5283"/><TextEquiv index="1"><Unicode>Il me fâchoit beaucoup d'être obligée</Unicode></TextEquiv></TextLine><TextLine id="r0_l024"><Coords points="2675,5497 2674,5497 2674,5433 2674,5432 2405,5432 2404,5433 2403,5433 2402,5432 2134,5432 2133,5433 1967,5433 1966,5434 1966,5435 1965,5436 1946,5436 1945,5436 1945,5435 1943,5432 1876,5432 1874,5431 1874,5429 1874,5428 1593,5428 1591,5430 1591,5431 1590,5432 1581,5432 1578,5435 1578,5436 1578,5436 1575,5436 1574,5436 1574,5435 1573,5433 1334,5433 1332,5435 1332,5436 1332,5436 1331,5436 1330,5437 1198,5437 1197,5436 1196,5436 1195,5436 1195,5435 1193,5432 1038,5432 1037,5432 1037,5431 1035,5428 826,5428 824,5430 824,5431 823,5432 508,5432 507,5433 507,5482 507,5482 506,5482 503,5485 503,5486 503,5486 502,5486 501,5487 420,5487 419,5488 409,5488 408,5488 408,5429 408,5428 321,5428 320,5428 320,5427 319,5426 319,5425 319,5424 251,5424 249,5423 249,5422 248,5420 222,5420 220,5419 220,5418 219,5416 210,5416 207,5414 207,5409 206,5407 205,5407 204,5407 203,5406 203,5405 202,5403 201,5403 199,5402 199,5389 197,5386 196,5386 195,5386 195,5380 197,5378 198,5378 199,5377 199,5368 202,5365 203,5365 203,5365 203,5355 204,5354 205,5354 212,5347 212,5346 213,5345 223,5345 224,5344 224,5343 226,5341 228,5341 228,5341 228,5289 231,5286 232,5286 232,5286 232,5285 235,5282 244,5282 245,5281 245,5280 247,5278 252,5278 253,5280 253,5281 255,5282 256,5282 257,5284 257,5285 260,5287 261,5287 261,5288 261,5289 262,5290 262,5336 263,5336 318,5336 320,5339 320,5340 322,5341 582,5341 583,5340 620,5340 620,5340 620,5297 622,5295 623,5295 624,5294 624,5293 627,5290 628,5290 628,5290 628,5289 631,5286 634,5286 635,5287 636,5287 636,5288 636,5289 639,5291 640,5291 641,5293 641,5336 642,5336 743,5336 745,5339 745,5340 746,5340 816,5340 817,5341 819,5341 820,5343 820,5344 822,5345 1127,5345 1128,5344 1128,5343 1130,5341 1252,5341 1253,5340 1254,5340 1255,5341 1257,5341 1257,5342 1257,5343 1260,5345 1474,5345 1474,5345 1474,5330 1476,5328 1477,5328 1478,5327 1478,5326 1480,5324 1481,5324 1482,5323 1482,5310 1485,5307 1486,5307 1486,5307 1486,5306 1487,5305 1487,5288 1489,5286 1530,5286 1531,5287 1532,5287 1532,5288 1532,5289 1533,5289 1535,5291 1536,5291 1536,5292 1536,5293 1539,5295 1540,5295 1541,5297 1541,5345 1542,5345 1765,5345 1765,5345 1765,5299 1766,5298 1766,5297 1772,5291 1831,5291 1832,5290 1832,5289 1835,5286 1843,5286 1845,5289 1845,5290 1846,5290 1847,5290 1848,5291 1894,5291 1895,5293 1895,5294 1897,5295 1898,5295 1899,5297 1899,5345 1900,5345 1969,5345 1970,5347 1970,5348 1972,5349 2153,5349 2153,5349 2153,5297 2155,5295 2156,5295 2157,5294 2157,5293 2159,5291 2182,5291 2182,5292 2182,5345 2183,5345 2370,5345 2370,5345 2370,5292 2371,5291 2377,5291 2378,5290 2378,5289 2381,5286 2397,5286 2398,5287 2399,5287 2399,5288 2399,5345 2400,5345 2527,5345 2528,5347 2528,5349 2529,5349 2952,5349 2953,5348 2953,5347 2955,5345 3056,5345 3057,5344 3057,5343 3059,5341 3132,5341 3133,5340 3190,5340 3191,5339 3191,5338 3192,5337 3193,5337 3194,5336 3197,5336 3198,5337 3199,5337 3199,5338 3199,5341 3200,5341 3353,5341 3353,5342 3353,5348 3355,5349 3356,5349 3358,5352 3358,5353 3359,5353 3360,5353 3361,5355 3361,5401 3362,5402 3362,5407 3363,5407 3364,5407 3366,5410 3366,5452 3365,5453 3360,5453 3357,5456 3357,5457 3357,5457 3356,5457 3353,5460 3353,5461 3353,5461 3352,5461 3349,5464 3349,5465 3349,5465 3348,5465 3347,5466 3342,5466 3341,5467 3341,5468 3339,5470 3330,5470 3328,5469 3328,5429 3328,5428 3021,5428 3020,5429 3020,5456 3019,5457 3018,5457 3016,5459 3016,5468 3014,5470 3013,5470 3012,5471 3012,5472 3010,5474 3005,5474 3003,5476 3003,5477 3002,5478 2997,5478 2995,5480 2995,5481 2994,5482 2985,5482 2982,5485 2982,5486 2982,5486 2981,5486 2980,5487 2965,5487 2964,5486 2963,5486 2962,5486 2962,5485 2960,5482 2955,5482 2953,5481 2953,5480 2952,5478 2947,5478 2945,5477 2945,5472 2944,5470 2943,5470 2941,5469 2941,5468 2940,5466 2939,5466 2936,5464 2936,5438 2936,5437 2744,5437 2743,5436 2742,5436 2741,5436 2741,5435 2739,5432 2691,5432 2690,5433 2690,5496 2690,5496 2683,5496 2682,5497"/><TextEquiv index="1"><Unicode>de quitter cette famille de braves gens;</Unicode></TextEquiv></TextLine><TextLine id="r0_l025"><Coords points="1917,5701 1916,5701 1916,5642 1916,5641 1472,5641 1469,5644 1469,5645 1469,5645 1321,5645 1320,5646 1320,5689 1318,5691 1317,5691 1316,5692 1316,5693 1314,5695 1285,5695 1282,5693 1282,5692 1282,5691 1281,5691 1278,5689 1278,5646 1278,5645 1101,5645 1099,5644 1099,5643 1098,5641 1022,5641 1020,5640 1020,5639 1019,5637 801,5637 799,5639 799,5640 799,5640 798,5640 797,5641 601,5641 599,5640 599,5639 598,5637 465,5637 464,5636 463,5636 462,5636 462,5635 461,5633 411,5633 410,5632 292,5632 291,5632 291,5631 289,5628 201,5628 199,5627 199,5626 198,5625 198,5624 197,5624 195,5623 195,5617 196,5616 199,5616 199,5616 199,5547 201,5545 210,5545 212,5543 212,5542 213,5541 407,5541 407,5541 407,5489 408,5488 420,5488 420,5489 420,5490 422,5491 428,5491 428,5492 428,5498 429,5498 430,5498 431,5499 432,5499 432,5500 432,5545 433,5545 598,5545 599,5547 599,5552 601,5553 794,5553 795,5552 795,5551 797,5549 844,5549 845,5548 845,5547 847,5545 852,5545 853,5547 853,5549 854,5549 869,5549 870,5551 870,5552 872,5553 1102,5553 1103,5552 1103,5551 1105,5549 1119,5549 1120,5551 1120,5552 1122,5553 1473,5553 1474,5552 1474,5551 1476,5549 1481,5549 1483,5552 1483,5553 1484,5553 1957,5553 1957,5553 1957,5502 1958,5501 1958,5500 1959,5499 1965,5499 1965,5499 1965,5498 1968,5495 1977,5495 1978,5494 1978,5493 1980,5491 2136,5491 2136,5492 2136,5493 2139,5495 2248,5495 2249,5497 2249,5498 2251,5499 2252,5499 2253,5501 2253,5545 2254,5545 2423,5545 2424,5544 2424,5539 2427,5536 2428,5536 2428,5536 2428,5535 2431,5532 2432,5532 2432,5532 2432,5527 2433,5526 2433,5525 2434,5524 2435,5524 2437,5522 2437,5521 2438,5520 2439,5520 2441,5518 2441,5517 2442,5516 2447,5516 2448,5515 2449,5515 2449,5515 2449,5514 2452,5511 2453,5511 2453,5511 2453,5510 2456,5507 2461,5507 2461,5507 2461,5506 2464,5503 2465,5503 2465,5503 2465,5502 2468,5499 2673,5499 2675,5497 2682,5497 2683,5496 2737,5496 2738,5495 2798,5495 2799,5497 2799,5549 2800,5549 3194,5549 3195,5548 3195,5547 3197,5545 3323,5545 3324,5544 3324,5542 3325,5541 3336,5541 3337,5540 3338,5541 3340,5541 3341,5543 3341,5544 3343,5545 3348,5545 3349,5547 3349,5548 3351,5549 3356,5549 3358,5552 3358,5553 3359,5553 3360,5553 3362,5556 3362,5557 3363,5557 3364,5557 3366,5560 3366,5561 3367,5561 3368,5561 3370,5564 3370,5614 3368,5616 3363,5616 3362,5617 3362,5618 3360,5620 3359,5620 3358,5621 3358,5622 3356,5624 3355,5624 3353,5626 3353,5627 3352,5628 3339,5628 3336,5631 3336,5632 3336,5632 3322,5632 3318,5628 2993,5628 2991,5630 2991,5631 2990,5632 2985,5632 2982,5635 2982,5636 2982,5636 2981,5636 2980,5637 2892,5637 2891,5638 2891,5639 2889,5641 2800,5641 2799,5642 2799,5644 2798,5645 2797,5645 2795,5647 2795,5648 2794,5649 2792,5649 2791,5649 2791,5648 2790,5647 2790,5646 2790,5645 2772,5645 2770,5644 2770,5642 2770,5641 2589,5641 2586,5639 2586,5638 2586,5637 2317,5637 2316,5638 2316,5639 2314,5641 2313,5641 2312,5642 2312,5643 2311,5644 2311,5645 2311,5645 2309,5645 2307,5644 2307,5642 2307,5641 1921,5641 1920,5642 1920,5701 1920,5701"/><TextEquiv index="1"><Unicode>mais tout ce que me diſoit Guillau me</Unicode></TextEquiv></TextLine><TextLine id="r0_l026"><Coords points="2843,5899 2841,5898 2841,5896 2840,5895 2840,5850 2840,5849 2767,5849 2766,5849 2766,5848 2765,5847 2765,5846 2765,5845 2418,5845 2415,5848 2415,5849 2415,5849 2300,5849 2299,5850 2299,5869 2298,5870 2297,5870 2296,5871 2295,5872 2295,5873 2294,5874 2293,5874 2290,5877 2290,5878 2290,5878 2280,5878 2279,5879 2279,5880 2278,5881 2278,5882 2278,5882 2259,5882 2257,5881 2257,5850 2257,5849 2072,5849 2069,5847 2069,5846 2069,5845 1935,5845 1876,5845 1874,5847 1874,5848 1873,5849 1868,5849 1865,5852 1865,5853 1865,5853 1834,5853 1832,5852 1832,5851 1831,5849 1596,5849 1595,5850 1595,5869 1595,5869 1594,5869 1591,5872 1591,5877 1590,5878 1589,5878 1586,5881 1586,5882 1586,5882 1585,5882 1582,5885 1582,5890 1581,5891 1580,5891 1578,5893 1578,5894 1577,5895 1576,5895 1574,5897 1574,5898 1573,5899 1568,5899 1566,5898 1566,5850 1566,5849 1329,5849 1328,5850 1328,5861 1328,5861 1327,5861 1324,5864 1324,5869 1323,5870 1322,5870 1320,5872 1320,5877 1319,5878 1318,5878 1316,5880 1316,5881 1315,5882 1314,5882 1311,5885 1311,5886 1311,5886 1310,5886 1307,5889 1307,5890 1306,5891 1301,5891 1299,5893 1299,5894 1298,5895 1297,5895 1295,5894 1295,5893 1294,5891 1293,5891 1291,5890 1291,5850 1291,5849 929,5849 928,5850 928,5861 928,5861 927,5861 924,5864 924,5869 923,5870 922,5870 920,5872 920,5877 919,5878 918,5878 916,5880 916,5889 914,5891 913,5891 912,5892 912,5893 910,5895 909,5895 908,5896 908,5897 906,5899 897,5899 895,5898 895,5850 895,5849 689,5849 686,5847 686,5846 686,5845 563,5845 562,5845 562,5844 561,5843 561,5842 561,5841 238,5841 237,5842 237,5889 235,5891 202,5891 201,5890 200,5890 199,5890 199,5889 197,5886 196,5886 195,5886 195,5880 197,5878 198,5878 199,5877 199,5759 201,5757 202,5757 202,5757 208,5751 208,5750 209,5749 215,5749 215,5749 215,5748 218,5745 227,5745 228,5747 228,5749 229,5749 507,5749 507,5749 507,5706 510,5703 511,5703 511,5703 511,5702 514,5699 673,5699 674,5701 674,5703 675,5703 769,5703 769,5704 769,5705 771,5707 777,5712 778,5712 778,5713 778,5720 779,5720 1077,5720 1078,5719 1078,5718 1080,5716 1085,5716 1087,5714 1087,5713 1088,5712 1089,5712 1090,5711 1094,5711 1095,5710 1095,5709 1097,5707 1110,5707 1112,5710 1112,5711 1113,5711 1118,5711 1118,5712 1120,5714 1120,5715 1121,5715 1122,5715 1124,5718 1124,5723 1126,5724 1127,5724 1128,5726 1128,5761 1129,5761 1403,5761 1403,5761 1403,5735 1406,5732 1407,5732 1407,5732 1407,5731 1410,5728 1411,5728 1411,5728 1411,5727 1414,5724 1419,5724 1420,5723 1420,5722 1422,5720 1435,5720 1436,5719 1436,5718 1438,5716 1440,5716 1441,5718 1441,5719 1443,5720 1753,5720 1753,5720 1753,5710 1756,5707 1757,5707 1757,5707 1757,5706 1760,5703 1915,5703 1915,5703 1915,5702 1916,5701 1920,5701 1922,5703 2127,5703 2128,5705 2128,5706 2130,5707 2131,5707 2132,5709 2132,5757 2133,5757 2135,5757 2137,5760 2137,5761 2138,5761 2394,5761 2395,5760 2395,5759 2397,5757 2595,5757 2595,5757 2595,5751 2597,5749 2598,5749 2599,5748 2599,5739 2602,5736 2603,5736 2603,5736 2603,5730 2604,5729 2605,5729 2612,5722 2612,5721 2613,5720 2614,5720 2616,5718 2616,5717 2617,5716 2618,5716 2620,5714 2620,5713 2621,5712 2622,5712 2629,5705 2629,5704 2630,5703 2656,5703 2657,5705 2657,5706 2659,5707 2660,5707 2662,5710 2662,5723 2664,5724 2665,5724 2666,5726 2666,5757 2667,5757 2940,5757 2940,5757 2940,5712 2941,5711 2941,5709 2943,5707 2944,5707 2945,5706 2945,5701 2947,5699 2960,5699 2962,5702 2962,5703 2963,5703 2964,5703 2966,5706 2966,5749 2967,5749 3252,5749 3253,5748 3253,5747 3255,5745 3265,5745 3266,5747 3266,5749 3267,5749 3286,5749 3286,5750 3286,5751 3288,5752 3293,5757 3294,5757 3295,5759 3295,5803 3296,5803 3348,5803 3349,5805 3349,5806 3351,5807 3360,5807 3362,5810 3362,5811 3363,5811 3364,5811 3366,5814 3366,5815 3368,5816 3369,5816 3370,5818 3370,5819 3372,5820 3373,5820 3374,5822 3374,5835 3372,5837 3371,5837 3370,5838 3370,5848 3369,5849 3368,5849 3366,5851 3366,5856 3365,5857 3364,5857 3361,5860 3361,5861 3361,5861 3360,5861 3359,5862 3355,5862 3353,5864 3353,5865 3352,5866 3342,5866 3341,5867 3341,5868 3339,5870 3335,5870 3332,5868 3332,5867 3332,5866 3327,5866 3326,5865 3325,5865 3324,5865 3324,5838 3324,5837 2905,5837 2903,5839 2903,5840 2902,5841 2884,5841 2883,5842 2883,5896 2882,5897 2882,5898 2881,5899"/><TextEquiv index="1"><Unicode>paroiſſoit juſte; &amp; je lui dis, en ſoupirant,</Unicode></TextEquiv></TextLine><TextLine id="r0_l027"><Coords points="104,5904 3371,5904 3371,6109 104,6109"/><TextEquiv index="1"><Unicode>que je ferois tout ce qu'il voudroit, que</Unicode></TextEquiv></TextLine><TextLine id="r0_l028"><Coords points="204,6109 3375,6109 3375,6315 204,6315"/><TextEquiv index="1"><Unicode>je mettois mon ſort entre ſes mains.</Unicode></TextEquiv></TextLine><TextLine id="r0_l029"><Coords points="1859,6525 1858,6525 1858,6463 1858,6462 1829,6462 1828,6463 1828,6515 1827,6516 1826,6516 1824,6518 1824,6519 1823,6520 1793,6520 1791,6519 1791,6467 1791,6466 1546,6466 1545,6467 1545,6469 1545,6469 1544,6469 1541,6472 1541,6485 1539,6487 1534,6487 1532,6489 1532,6490 1531,6491 1530,6491 1528,6493 1528,6494 1527,6495 1518,6495 1515,6498 1515,6499 1515,6499 1505,6499 1503,6498 1503,6467 1503,6466 1263,6466 1262,6467 1262,6468 1260,6470 979,6470 978,6471 978,6482 978,6482 977,6482 972,6487 971,6487 970,6488 970,6489 968,6491 963,6491 962,6492 962,6493 960,6495 959,6495 958,6496 958,6497 956,6499 951,6499 949,6501 949,6502 948,6503 934,6503 932,6502 932,6471 932,6470 643,6470 641,6472 641,6473 640,6474 638,6474 637,6474 637,6473 632,6468 632,6467 632,6466 356,6466 353,6464 353,6463 353,6462 352,6462 349,6460 349,6438 349,6437 244,6437 243,6436 242,6436 241,6436 241,6435 239,6432 238,6432 237,6432 237,6431 236,6430 236,6421 236,6420 235,6420 232,6418 232,6401 234,6399 235,6399 236,6398 236,6394 237,6393 237,6392 238,6391 239,6391 241,6389 241,6384 243,6382 248,6382 249,6381 249,6380 251,6378 362,6378 362,6378 362,6321 363,6320 364,6320 364,6320 366,6318 366,6317 367,6316 419,6316 420,6318 420,6319 422,6320 423,6320 424,6322 424,6374 425,6374 481,6374 483,6377 483,6378 484,6378 489,6378 491,6381 491,6382 492,6382 774,6382 774,6382 774,6334 775,6333 776,6333 779,6330 779,6329 780,6328 789,6328 791,6331 791,6332 792,6332 797,6332 798,6333 799,6333 799,6334 799,6382 800,6382 860,6382 862,6385 862,6386 863,6386 868,6386 870,6389 870,6390 871,6390 872,6390 874,6393 874,6441 875,6441 1066,6441 1066,6441 1066,6413 1067,6412 1068,6412 1070,6410 1070,6409 1071,6408 1072,6408 1074,6406 1074,6401 1076,6399 1077,6399 1077,6399 1078,6398 1078,6397 1080,6395 1081,6395 1082,6394 1082,6393 1084,6391 1093,6391 1095,6389 1095,6388 1096,6387 1097,6387 1098,6386 1111,6386 1111,6386 1111,6331 1114,6328 1123,6328 1124,6327 1124,6326 1126,6324 1140,6324 1140,6325 1140,6326 1141,6327 1141,6328 1142,6328 1181,6328 1182,6330 1182,6331 1184,6332 1366,6332 1366,6332 1366,6330 1368,6328 1427,6328 1428,6327 1428,6326 1430,6324 1435,6324 1436,6323 1436,6322 1438,6320 1440,6320 1441,6322 1441,6323 1443,6324 1444,6324 1445,6326 1445,6394 1446,6394 1628,6394 1628,6394 1628,6393 1630,6391 1631,6391 1632,6390 1632,6389 1635,6386 1640,6386 1641,6385 1641,6384 1643,6382 1644,6382 1645,6381 1645,6321 1646,6320 1648,6320 1649,6322 1649,6323 1651,6324 1656,6324 1658,6327 1658,6328 1659,6328 1660,6328 1662,6331 1662,6336 1663,6336 1664,6336 1666,6339 1666,6348 1668,6349 1669,6349 1670,6351 1670,6352 1672,6353 1673,6353 1674,6355 1674,6374 1675,6374 1986,6374 1986,6374 1986,6360 1989,6357 1990,6357 1991,6356 1991,6351 1993,6349 1994,6349 1995,6348 1995,6343 1998,6340 1999,6340 1999,6340 1999,6330 2001,6328 2002,6328 2002,6328 2003,6327 2003,6326 2005,6324 2081,6324 2083,6322 2083,6321 2084,6320 2085,6320 2087,6318 2087,6317 2088,6316 2111,6316 2111,6317 2111,6318 2112,6318 2114,6320 2115,6320 2115,6321 2115,6322 2118,6324 2119,6324 2120,6326 2120,6378 2121,6378 2286,6378 2286,6378 2286,6377 2289,6374 2294,6374 2295,6373 2295,6372 2297,6370 2302,6370 2303,6372 2303,6377 2305,6378 2323,6378 2324,6380 2324,6381 2326,6382 2515,6382 2516,6381 2516,6380 2518,6378 2527,6378 2528,6377 2528,6376 2530,6374 2611,6374 2611,6374 2611,6356 2614,6353 2615,6353 2616,6352 2616,6346 2617,6345 2627,6345 2628,6347 2628,6370 2629,6370 2686,6370 2687,6372 2687,6373 2689,6374 2995,6374 2995,6374 2995,6322 2997,6320 2998,6320 2999,6319 2999,6318 3001,6316 3023,6316 3024,6318 3024,6319 3025,6320 3026,6320 3027,6320 3028,6322 3028,6370 3029,6370 3303,6370 3303,6370 3303,6315 3304,6314 3324,6314 3325,6315 3326,6315 3327,6316 3332,6316 3332,6317 3332,6322 3333,6323 3333,6324 3334,6324 3335,6324 3337,6327 3337,6332 3338,6332 3339,6332 3341,6335 3341,6340 3343,6341 3344,6341 3345,6343 3345,6344 3347,6345 3348,6345 3349,6347 3349,6374 3350,6374 3356,6374 3358,6377 3358,6378 3359,6378 3360,6378 3362,6381 3362,6390 3364,6391 3365,6391 3366,6393 3366,6423 3368,6424 3369,6424 3370,6426 3370,6431 3377,6437 3378,6437 3378,6438 3378,6452 3377,6453 3376,6453 3374,6455 3374,6456 3373,6457 3364,6457 3361,6460 3361,6461 3361,6461 3360,6461 3359,6462 3348,6462 3347,6461 3346,6461 3345,6461 3345,6460 3343,6457 3084,6457 3083,6458 2938,6458 2936,6460 2936,6461 2936,6461 2935,6461 2934,6462 2931,6462 2928,6460 2928,6459 2927,6457 2704,6457 2703,6458 2703,6515 2702,6516 2668,6516 2665,6514 2665,6513 2664,6511 2663,6511 2662,6511 2662,6510 2661,6509 2661,6463 2661,6462 2413,6462 2412,6463 2412,6476 2411,6477 2411,6478 2411,6478 2410,6478 2407,6481 2407,6482 2407,6482 2406,6482 2403,6485 2403,6490 2402,6491 2397,6491 2394,6494 2394,6495 2394,6495 2384,6495 2383,6496 2383,6497 2381,6499 2376,6499 2374,6498 2374,6497 2374,6496 2373,6495 2372,6495 2370,6494 2370,6467 2370,6466 2142,6466 2141,6467 2141,6469 2140,6470 2138,6470 2137,6470 2137,6469 2136,6468 2136,6467 2136,6466 2127,6466 2126,6465 2125,6465 2124,6465 2124,6464 2123,6462 1874,6462 1873,6463 1873,6525 1873,6525"/><TextEquiv index="1"><Unicode>„Je vais, dit-il, à préſent, répondre à</Unicode></TextEquiv></TextLine><TextLine id="r0_l030"><Coords points="1568,6695 1566,6694 1566,6685 1564,6682 1101,6682 1100,6683 1099,6683 1098,6682 788,6682 787,6683 746,6683 745,6684 745,6686 745,6686 742,6686 741,6686 741,6685 739,6682 717,6682 716,6682 716,6681 714,6678 559,6678 558,6678 558,6677 556,6674 534,6674 533,6674 533,6673 531,6670 414,6670 411,6668 411,6663 411,6662 344,6662 343,6661 342,6661 341,6661 341,6660 339,6657 338,6657 337,6657 337,6656 336,6655 336,6650 336,6649 209,6649 208,6649 208,6648 205,6644 204,6644 203,6644 203,6635 206,6632 207,6632 207,6632 207,6606 208,6605 208,6604 209,6603 210,6603 211,6602 211,6594 212,6593 212,6592 213,6591 214,6591 216,6589 216,6588 217,6587 218,6587 220,6585 220,6584 221,6583 222,6583 224,6581 224,6580 226,6578 228,6578 228,6578 228,6576 230,6574 231,6574 232,6573 232,6572 234,6570 345,6570 345,6570 345,6522 347,6520 365,6520 365,6521 365,6522 368,6524 377,6524 378,6526 378,6527 380,6528 502,6528 503,6530 503,6582 504,6582 716,6582 716,6582 716,6572 719,6569 720,6569 720,6569 720,6563 721,6562 722,6562 724,6560 724,6551 726,6549 727,6549 728,6548 728,6547 730,6545 731,6545 732,6544 732,6543 734,6541 735,6541 736,6540 736,6535 739,6532 740,6532 741,6531 741,6530 743,6528 781,6528 782,6530 782,6531 784,6532 789,6532 791,6535 791,6540 792,6540 793,6540 795,6543 795,6587 796,6587 997,6587 998,6586 1099,6586 1099,6586 1099,6543 1102,6540 1103,6540 1103,6540 1103,6539 1106,6536 1111,6536 1111,6536 1111,6535 1114,6532 1115,6532 1115,6532 1115,6531 1118,6528 1119,6528 1120,6530 1120,6531 1121,6531 1126,6536 1127,6536 1128,6538 1128,6545 1129,6545 1327,6545 1328,6544 1328,6543 1330,6541 1335,6541 1337,6539 1337,6538 1338,6537 1339,6537 1340,6536 1357,6536 1357,6536 1357,6535 1360,6532 1444,6532 1445,6531 1445,6530 1447,6528 1456,6528 1457,6530 1457,6531 1458,6531 1459,6532 1460,6532 1462,6535 1462,6582 1463,6582 1790,6582 1790,6582 1790,6537 1791,6536 1791,6534 1793,6532 1794,6532 1794,6532 1795,6531 1795,6530 1797,6528 1856,6528 1859,6525 1874,6525 1874,6526 1874,6527 1875,6528 1876,6528 1877,6528 1878,6530 1878,6578 1879,6578 2002,6578 2003,6580 2003,6581 2005,6582 2035,6582 2037,6585 2037,6595 2038,6595 2336,6595 2336,6595 2336,6585 2339,6582 2340,6582 2341,6581 2341,6572 2344,6569 2345,6569 2345,6569 2345,6563 2346,6562 2347,6562 2348,6561 2349,6561 2349,6561 2349,6539 2352,6536 2353,6536 2353,6536 2353,6530 2354,6529 2355,6529 2356,6528 2358,6526 2358,6525 2359,6524 2365,6524 2365,6525 2365,6526 2367,6527 2570,6527 2570,6527 2570,6526 2572,6524 2577,6524 2578,6523 2578,6522 2580,6520 2582,6520 2582,6521 2582,6522 2587,6527 2587,6582 2588,6582 2811,6582 2811,6582 2811,6581 2814,6578 2861,6578 2861,6578 2861,6577 2862,6576 2862,6575 2863,6574 2999,6574 2999,6574 2999,6530 3001,6528 3015,6528 3015,6528 3015,6527 3018,6524 3019,6524 3020,6523 3020,6522 3022,6520 3027,6520 3028,6522 3028,6528 3029,6528 3073,6528 3074,6530 3074,6531 3076,6532 3081,6532 3082,6534 3082,6535 3085,6537 3086,6537 3086,6538 3086,6539 3087,6540 3087,6574 3088,6574 3348,6574 3349,6576 3349,6577 3351,6578 3352,6578 3353,6580 3353,6581 3355,6582 3356,6582 3357,6584 3357,6585 3360,6587 3361,6587 3361,6588 3361,6589 3364,6591 3365,6591 3366,6593 3366,6594 3368,6595 3369,6595 3370,6597 3370,6644 3372,6645 3377,6645 3378,6647 3378,6652 3377,6653 3372,6653 3370,6655 3370,6656 3369,6657 3362,6657 3361,6658 3361,6670 3361,6670 3347,6670 3345,6672 3345,6673 3344,6674 3342,6674 3341,6674 3341,6673 3340,6672 3340,6671 3340,6670 3026,6670 3024,6672 3024,6673 3023,6674 2468,6674 2466,6676 2466,6677 2465,6678 2305,6678 2303,6677 2303,6663 2303,6662 2083,6662 2082,6663 2082,6669 2081,6670 2080,6670 2079,6671 2078,6672 2078,6673 2077,6674 2076,6674 2075,6675 2074,6676 2074,6677 2073,6678 1658,6678 1657,6679 1657,6686 1657,6686 1656,6686 1653,6689 1653,6690 1652,6691 1575,6691 1574,6692 1574,6694 1573,6695"/><TextEquiv index="1"><Unicode>“Monſieur le Chevalier. „Au bout d'une</Unicode></TextEquiv></TextLine></TextRegion></Page></PcGts>