<PcGts xmlns="http://schema.primaresearch.org/PAGE/gts/pagecontent/2017-07-15" xmlns:xsi="http://www.w3.org/2001/XMLSchema-instance" xsi:schemaLocation="http://schema.primaresearch.org/PAGE/gts/pagecontent/2017-07-15 http://schema.primaresearch.org/PAGE/gts/pagecontent/2017-07-15/pagecontent.xsd"><Metadata><Creator>User123</Creator><Created>2020-10-17T17:12:55</Created><LastChange>2020-10-17T17:12:55</LastChange></Metadata><Page imageFilename="0147.png" imageHeight="8408" imageWidth="4266"><TextRegion id="r0" type="paragraph" orientation="-0.0"><Coords points="1,1 4264,1 4264,8406 1,8406"/><TextLine id="r0_l001"><Coords points="2179,490 2802,490 2802,681 2179,681"/><TextEquiv index="1"><Unicode>rnS</Unicode></TextEquiv></TextLine><TextLine id="r0_l002"><Coords points="3069,946 3068,946 3068,942 3068,941 2532,941 2531,941 2531,940 2530,939 2530,938 2530,937 2529,937 2527,936 2527,935 2526,934 2526,922 2526,921 1843,921 1842,920 1835,920 1834,920 1834,919 1833,918 1833,901 1833,900 1010,900 1007,898 1007,897 1007,896 907,896 906,895 905,895 904,895 904,894 902,891 893,891 891,890 891,889 890,887 885,887 883,886 883,881 882,879 881,879 879,878 879,873 877,870 876,870 875,870 875,776 875,775 868,775 866,774 866,757 869,754 870,754 870,754 870,746 871,745 871,743 872,742 2019,742 2020,741 2020,740 2022,738 3181,738 3182,737 3182,736 3184,734 3193,734 3195,732 3195,731 3196,730 3199,730 3199,731 3199,732 3202,734 3547,734 3548,736 3548,738 3549,738 3916,738 3917,740 3917,745 3919,746 3920,746 3921,748 3921,787 3922,787 4069,787 4071,790 4071,807 4070,808 4069,808 4067,810 4067,893 4066,894 4066,895 4066,895 4065,895 4062,898 4062,907 4061,908 4060,908 4058,910 4058,911 4057,912 4056,912 4054,914 4054,915 4053,916 4052,916 4050,918 4050,919 4049,920 4048,920 4047,921 4039,921 4037,923 4037,924 4036,925 3607,925 3606,926 3606,936 3605,937 3604,937 3602,939 3602,940 3601,941 3082,941 3081,942 3081,946 3081,946"/><TextEquiv index="1"><Unicode>demi-heure, il m'apporta ſa réponſe,</Unicode></TextEquiv></TextLine><TextLine id="r0_l003"><Coords points="1105,1157 1103,1156 1103,1155 1103,1154 1102,1153 1101,1153 1099,1152 1099,1100 1099,1099 918,1099 916,1101 916,1102 915,1103 902,1103 899,1101 899,1100 899,1099 885,1099 883,1098 883,1093 882,1091 881,1091 879,1090 879,1079 879,1078 872,1078 871,1078 871,1076 870,1075 870,1020 871,1019 871,1017 872,1016 890,1016 891,1015 891,1014 892,1013 893,1012 894,1012 895,1011 895,1010 897,1008 899,1008 900,1010 900,1011 902,1012 1252,1012 1252,1012 1252,998 1255,995 1256,995 1256,995 1256,994 1257,993 1257,988 1258,987 1259,987 1261,985 1261,980 1262,979 1263,979 1265,977 1265,976 1266,975 1267,975 1268,974 1273,974 1273,974 1273,968 1275,966 1276,966 1278,964 1278,963 1279,962 1285,962 1285,962 1285,961 1286,960 1286,959 1287,958 1322,958 1323,960 1323,1007 1324,1007 1738,1007 1738,1007 1738,993 1740,991 1741,991 1742,990 1742,985 1744,983 1745,983 1746,982 1746,973 1749,970 1750,970 1750,970 1750,969 1753,966 1754,966 1754,966 1754,965 1755,964 1755,959 1756,958 1757,958 1763,952 1763,951 1764,950 1765,950 1766,949 1794,949 1795,950 1796,950 1796,951 1796,952 1799,954 1804,954 1804,955 1804,956 1805,957 1805,1007 1806,1007 2153,1007 2153,1007 2153,1005 2154,1004 2155,1004 2156,1003 2400,1003 2401,1004 2402,1004 2402,1005 2402,1006 2404,1007 2597,1007 2597,1007 2597,956 2599,954 2600,954 2601,953 2601,953 2601,952 2604,949 2612,949 2614,952 2614,953 2615,953 2616,953 2618,956 2618,1002 2621,1004 2622,1004 2622,1005 2622,1057 2623,1057 2813,1057 2813,1057 2813,1043 2815,1041 2816,1041 2817,1040 2817,1031 2820,1028 2821,1028 2821,1028 2821,1027 2824,1024 2825,1024 2825,1024 2825,1023 2828,1020 2829,1020 2829,1020 2829,1019 2830,1018 2830,1013 2831,1012 2832,1012 2834,1010 2834,1009 2835,1008 2836,1008 2837,1007 2842,1007 2842,1007 2842,1006 2845,1003 3012,1003 3012,1003 3012,960 3014,958 3015,958 3016,957 3016,956 3018,954 3019,954 3021,952 3021,951 3022,950 3023,950 3024,949 3066,949 3066,949 3066,948 3068,946 3126,946 3127,945 3131,945 3133,948 3133,949 3134,949 3139,949 3141,952 3141,999 3142,999 3510,999 3510,999 3510,956 3513,953 3514,953 3514,953 3514,952 3517,949 3526,949 3527,948 3527,947 3529,945 3534,945 3535,947 3535,948 3536,948 3538,950 3539,950 3539,951 3539,1003 3540,1003 3734,1003 3734,1003 3734,1002 3737,999 3754,999 3755,1001 3755,1002 3757,1003 3824,1003 3826,1006 3826,1007 3827,1007 3927,1007 3928,1008 3929,1008 3929,1009 3929,1010 3932,1012 3974,1012 3975,1014 3975,1015 3977,1016 3978,1016 3979,1018 3979,1023 3981,1024 3982,1024 3983,1026 3983,1027 3984,1028 3984,1036 3985,1036 4034,1036 4035,1037 4066,1037 4066,1038 4066,1039 4067,1040 4067,1047 4065,1049 4064,1049 4063,1050 4063,1051 4062,1052 4062,1057 4062,1057 4057,1057 4056,1058 4055,1058 4054,1059 4054,1060 4050,1064 4050,1065 4049,1066 3997,1066 3996,1067 3996,1094 3995,1095 3878,1095 3875,1093 3875,1092 3875,1091 3437,1091 3436,1092 3436,1093 3434,1095 3375,1095 3374,1096 3374,1097 3374,1097 3372,1099 3371,1099 3369,1098 3369,1097 3368,1095 3243,1095 3240,1093 3240,1092 3240,1091 3074,1091 2989,1091 2987,1093 2987,1094 2986,1095 2906,1095 2905,1096 2905,1141 2904,1142 2904,1144 2904,1144 2903,1144 2900,1147 2900,1148 2899,1149 2857,1149 2855,1148 2855,1147 2854,1146 2854,1121 2854,1120 2679,1120 2678,1119 2677,1119 2676,1119 2676,1092 2676,1091 2072,1091 2070,1093 2070,1094 2069,1095 1959,1095 1958,1096 1958,1152 1957,1153 1931,1153 1929,1152 1929,1151 1928,1149 1927,1149 1925,1148 1925,1096 1925,1095 1694,1095 1693,1096 1693,1097 1691,1099 1142,1099 1141,1100 1141,1150 1140,1151 1140,1152 1139,1153 1138,1153 1137,1154 1136,1155 1136,1156 1135,1157"/><TextEquiv index="1"><Unicode>trop flatteuſe pour moi, qu'il eut la com-</Unicode></TextEquiv></TextLine><TextLine id="r0_l004"><Coords points="882,1369 881,1368 880,1368 879,1368 879,1367 877,1364 876,1364 875,1364 875,1363 873,1360 872,1360 871,1360 871,1359 870,1358 870,1356 871,1355 871,1354 873,1352 874,1352 875,1351 875,1229 876,1228 877,1228 878,1227 887,1227 887,1227 887,1226 890,1223 895,1223 895,1223 895,1222 898,1219 970,1219 970,1219 970,1176 973,1173 974,1173 974,1173 974,1172 977,1169 978,1169 978,1169 978,1168 981,1165 986,1165 987,1164 987,1163 989,1161 998,1161 999,1163 999,1165 1000,1165 1202,1165 1203,1164 1203,1163 1205,1161 1222,1161 1224,1164 1224,1165 1225,1165 1230,1165 1232,1168 1232,1169 1233,1169 1234,1169 1236,1172 1236,1219 1237,1219 1509,1219 1510,1218 1510,1217 1512,1215 1684,1215 1684,1215 1684,1167 1685,1166 1686,1166 1687,1165 1692,1165 1692,1165 1692,1164 1695,1161 1712,1161 1713,1163 1713,1215 1714,1215 1783,1215 1783,1216 1783,1217 1784,1218 1784,1219 1785,1219 2078,1219 2078,1219 2078,1218 2081,1215 2086,1215 2086,1215 2086,1214 2089,1211 2236,1211 2236,1211 2236,1201 2239,1198 2240,1198 2240,1198 2240,1188 2242,1186 2243,1186 2244,1185 2244,1180 2246,1178 2247,1178 2248,1177 2248,1173 2249,1172 2249,1171 2251,1169 2252,1169 2253,1168 2253,1168 2253,1167 2255,1165 2256,1165 2257,1164 2257,1163 2259,1161 2260,1161 2261,1160 2261,1159 2263,1157 2264,1157 2264,1157 2265,1156 2265,1155 2267,1153 2289,1153 2290,1152 2290,1151 2292,1149 2294,1149 2294,1150 2294,1151 2297,1153 2306,1153 2307,1155 2307,1157 2308,1157 2397,1157 2398,1159 2398,1160 2399,1161 2400,1161 2401,1161 2402,1163 2402,1211 2403,1211 2659,1211 2659,1211 2659,1160 2664,1155 2664,1154 2665,1153 2733,1153 2734,1155 2734,1207 2735,1207 2808,1207 2809,1209 2809,1210 2811,1211 2878,1211 2880,1214 2880,1215 2881,1215 2882,1215 2884,1218 2884,1219 2885,1219 2886,1219 2888,1222 2888,1223 2889,1223 2890,1223 2892,1226 2892,1227 2893,1227 2894,1227 2896,1230 2896,1239 2898,1240 2899,1240 2900,1242 2900,1265 2901,1265 2928,1265 2929,1267 2929,1268 2931,1269 2932,1269 2934,1272 2934,1273 2935,1273 2936,1273 2938,1276 2938,1296 2937,1297 2937,1298 2937,1298 2927,1298 2926,1299 2926,1300 2925,1301 2925,1302 2925,1302 2856,1302 2855,1302 2855,1301 2853,1298 2537,1298 2535,1300 2535,1301 2534,1302 2097,1302 2095,1304 2095,1305 2095,1305 2094,1306 2093,1306 2092,1307 2090,1307 2089,1306 2088,1306 2087,1306 2087,1305 2085,1302 1786,1302 1784,1304 1784,1305 1783,1306 1782,1306 1781,1307 1773,1307 1771,1309 1771,1310 1770,1311 1769,1310 1768,1310 1767,1310 1767,1309 1766,1307 1682,1307 1520,1307 1518,1309 1518,1310 1518,1310 1517,1310 1516,1311 926,1311 925,1312 925,1367 923,1369"/><TextEquiv index="1"><Unicode>plaiſance de me faire lire.</Unicode></TextEquiv></TextLine><TextLine id="r0_l005"><Coords points="1325,1821 1323,1820 1323,1819 1322,1817 1321,1817 1319,1816 1319,1815 1318,1813 1317,1813 1315,1812 1315,1768 1315,1767 1104,1767 1103,1768 1103,1816 1102,1817 1101,1817 1099,1819 1099,1820 1098,1821 1055,1821 1053,1820 1053,1819 1052,1817 1051,1817 1049,1816 1049,1764 1049,1763 881,1763 879,1762 879,1757 878,1755 877,1755 875,1754 875,1752 877,1750 878,1750 879,1749 879,1744 881,1742 895,1742 895,1742 895,1741 898,1738 899,1738 899,1738 899,1737 900,1736 900,1727 901,1726 902,1726 904,1724 904,1632 906,1630 949,1630 949,1630 949,1629 950,1628 950,1627 951,1626 1081,1626 1082,1625 1082,1624 1084,1622 1090,1622 1090,1623 1090,1624 1093,1626 1094,1626 1095,1628 1095,1676 1096,1676 1123,1676 1124,1678 1124,1679 1126,1680 1384,1680 1385,1679 1385,1670 1388,1667 1389,1667 1389,1667 1389,1662 1392,1659 1393,1659 1393,1659 1393,1658 1396,1655 1397,1655 1397,1655 1397,1654 1400,1651 1401,1651 1402,1650 1402,1649 1405,1646 1406,1646 1406,1646 1406,1645 1409,1642 1410,1642 1410,1642 1410,1641 1413,1638 1414,1638 1414,1638 1414,1637 1417,1634 1418,1634 1418,1634 1418,1633 1421,1630 1426,1630 1427,1629 1427,1628 1429,1626 1459,1626 1460,1628 1460,1629 1461,1629 1462,1630 1463,1630 1464,1632 1464,1684 1465,1684 1651,1684 1651,1684 1651,1640 1652,1639 1653,1639 1654,1638 1671,1638 1672,1637 1672,1636 1674,1634 1683,1634 1684,1633 1684,1632 1686,1630 1687,1630 1688,1632 1688,1665 1689,1665 1859,1665 1861,1663 1862,1663 1862,1663 1862,1662 1865,1659 1866,1659 1867,1658 1867,1657 1869,1655 1870,1655 1871,1654 1871,1653 1873,1651 1874,1651 1875,1650 1875,1649 1877,1647 1878,1647 1878,1647 1879,1646 1879,1645 1881,1643 1886,1643 1887,1642 1887,1637 1890,1634 1908,1634 1908,1634 1908,1633 1909,1632 1909,1631 1910,1630 2098,1630 2099,1632 2099,1634 2100,1634 2218,1634 2220,1637 2220,1680 2221,1680 2389,1680 2389,1681 2389,1682 2390,1683 2390,1726 2391,1726 2597,1726 2597,1726 2597,1720 2600,1717 2601,1717 2601,1717 2601,1716 2604,1713 2605,1713 2605,1713 2605,1712 2613,1704 2614,1704 2614,1704 2614,1698 2615,1697 2616,1697 2616,1697 2618,1695 2618,1694 2620,1692 2626,1692 2626,1692 2626,1690 2628,1688 2629,1688 2630,1687 2630,1633 2633,1630 2638,1630 2639,1629 2639,1628 2641,1626 2817,1626 2817,1626 2817,1624 2819,1622 2974,1622 2975,1621 2975,1620 2977,1618 2982,1618 2986,1622 2987,1622 2987,1623 2987,1668 2988,1668 3191,1668 3191,1668 3191,1665 3193,1663 3194,1663 3195,1662 3195,1657 3197,1655 3198,1655 3199,1654 3199,1653 3201,1651 3202,1651 3203,1650 3203,1645 3206,1642 3207,1642 3207,1642 3207,1641 3210,1638 3211,1638 3211,1638 3211,1637 3214,1634 3215,1634 3215,1634 3215,1633 3218,1630 3219,1630 3219,1630 3220,1629 3220,1628 3222,1626 3227,1626 3228,1625 3228,1624 3230,1622 3265,1622 3265,1623 3265,1624 3268,1626 3269,1626 3269,1627 3269,1628 3270,1629 3270,1634 3271,1634 3272,1634 3274,1637 3274,1668 3275,1668 3315,1668 3315,1669 3315,1676 3316,1676 3563,1676 3564,1675 3564,1637 3567,1634 3572,1634 3572,1634 3572,1633 3575,1630 3576,1630 3576,1630 3576,1629 3579,1626 3588,1626 3589,1625 3589,1624 3591,1622 3593,1622 3593,1623 3593,1624 3598,1629 3598,1672 3599,1672 3770,1672 3772,1670 3772,1661 3774,1659 3775,1659 3776,1658 3776,1657 3778,1655 3783,1655 3784,1654 3784,1649 3786,1647 3791,1647 3793,1645 3793,1644 3794,1643 3795,1643 3797,1641 3797,1640 3798,1639 3799,1639 3801,1637 3801,1636 3803,1634 3804,1634 3805,1633 3805,1632 3807,1630 3808,1630 3809,1629 3809,1628 3811,1626 3816,1626 3818,1624 3818,1623 3819,1622 3920,1622 3921,1624 3921,1625 3922,1625 3923,1625 3924,1626 3925,1626 3925,1627 3925,1676 3926,1676 3987,1676 3987,1677 3987,1678 3990,1680 3995,1680 3996,1682 3996,1705 3997,1705 4053,1705 4054,1707 4054,1708 4055,1709 4056,1709 4057,1709 4058,1711 4058,1729 4057,1730 4056,1730 4054,1732 4054,1733 4053,1734 3993,1734 3992,1735 3992,1745 3991,1746 3990,1746 3988,1748 3988,1749 3986,1751 3985,1751 3983,1753 3983,1754 3982,1755 3981,1755 3979,1757 3979,1758 3978,1759 3977,1759 3975,1761 3975,1766 3974,1767 3973,1767 3971,1769 3971,1783 3970,1784 3966,1784 3965,1783 3964,1783 3963,1783 3963,1766 3962,1765 3962,1764 3962,1763 3782,1763 3780,1762 3780,1761 3779,1759 3543,1759 3425,1759 3423,1761 3423,1766 3422,1767 3413,1767 3410,1765 3410,1764 3410,1763 3175,1763 3174,1764 3174,1766 3173,1767 3172,1767 3170,1769 3170,1778 3168,1780 3167,1780 3166,1781 3166,1782 3164,1784 3163,1784 3162,1785 3162,1786 3160,1788 3159,1788 3158,1789 3158,1790 3148,1800 3143,1800 3141,1802 3141,1803 3139,1805 3119,1805 3116,1803 3116,1802 3116,1801 3115,1801 3112,1799 3112,1760 3112,1759 2952,1759 2950,1761 2950,1762 2949,1763 2500,1763 2498,1765 2498,1774 2497,1775 2496,1775 2493,1778 2493,1779 2493,1779 2492,1779 2489,1782 2489,1783 2488,1784 2487,1784 2485,1786 2485,1787 2484,1788 2479,1788 2477,1790 2477,1791 2476,1792 2466,1792 2465,1793 2465,1794 2464,1795 2464,1796 2464,1796 2450,1796 2448,1795 2448,1794 2447,1792 2441,1792 2440,1792 2440,1791 2440,1790 2438,1788 2437,1788 2435,1787 2435,1772 2435,1771 2312,1771 2311,1771 2311,1770 2309,1767 1894,1767 1892,1769 1892,1770 1891,1771 1889,1771 1887,1770 1887,1769 1886,1767 1703,1767 1701,1769 1701,1770 1700,1771 1590,1771 1589,1771 1589,1770 1587,1767 1375,1767 1373,1769 1373,1787 1373,1787 1372,1787 1368,1791 1368,1792 1368,1792 1367,1792 1365,1794 1365,1798 1364,1799 1364,1800 1364,1800 1363,1800 1360,1803 1360,1804 1360,1804 1359,1804 1356,1807 1356,1808 1356,1808 1355,1808 1352,1811 1352,1812 1351,1813 1346,1813 1343,1816 1343,1817 1343,1817 1337,1817 1336,1818 1336,1819 1335,1820 1335,1821 1335,1821"/><TextEquiv index="1"><Unicode>Réponſe de Guillau, à Monſieur le Che-</Unicode></TextEquiv></TextLine><TextLine id="r0_l006"><Coords points="1722,1938 3366,1938 3366,2129 1722,2129"/><TextEquiv index="1"><Unicode>valier de Poupincour.</Unicode></TextEquiv></TextLine><TextLine id="r0_l007"><Coords points="3442,2602 3441,2602 3441,2544 3441,2543 2774,2543 2771,2546 2771,2547 2771,2547 2728,2547 2727,2548 2656,2548 2655,2549 2655,2551 2655,2551 2654,2551 2652,2553 2651,2554 2651,2555 2650,2556 2649,2556 2647,2555 2647,2554 2646,2553 2645,2551 2644,2551 2643,2551 2643,2549 2643,2548 1837,2548 1836,2547 1835,2547 1834,2547 1834,2546 1832,2543 1237,2543 1236,2544 1236,2546 1234,2548 1233,2548 1232,2549 1232,2550 1230,2552 1229,2552 1228,2553 1228,2554 1226,2556 1222,2556 1219,2554 1219,2553 1219,2552 1214,2552 1213,2551 1212,2551 1211,2551 1211,2550 1210,2548 916,2548 915,2547 914,2547 912,2546 912,2545 911,2543 910,2543 908,2542 908,2537 907,2535 906,2535 904,2534 904,2529 903,2527 902,2527 900,2526 900,2521 898,2518 897,2518 896,2518 896,2517 895,2516 895,2513 898,2510 899,2510 899,2510 899,2509 900,2508 900,2499 901,2498 902,2498 904,2496 904,2495 905,2494 906,2494 907,2493 912,2493 912,2493 912,2492 915,2489 920,2489 920,2489 920,2488 925,2483 925,2482 926,2481 1186,2481 1186,2481 1186,2479 1185,2477 1184,2477 1182,2476 1182,2467 1180,2464 1179,2464 1178,2464 1178,2454 1177,2452 1176,2452 1173,2450 1173,2449 1173,2448 1172,2448 1169,2446 1169,2429 1168,2427 1167,2427 1165,2426 1165,2420 1165,2419 1164,2419 1163,2418 1162,2418 1161,2418 1161,2412 1161,2411 1160,2411 1157,2409 1157,2396 1156,2394 1155,2394 1153,2393 1153,2392 1154,2391 1156,2391 1157,2390 1159,2390 1160,2389 1162,2389 1163,2388 1172,2388 1172,2388 1172,2386 1173,2385 1176,2385 1177,2384 1180,2384 1181,2383 1184,2383 1185,2382 1189,2382 1190,2381 1195,2381 1196,2380 1277,2380 1280,2377 1281,2377 1281,2377 1281,2376 1283,2374 1298,2374 1299,2373 1302,2373 1302,2374 1302,2452 1303,2452 1725,2452 1725,2453 1725,2454 1732,2460 2136,2460 2136,2460 2136,2459 2137,2458 2137,2457 2138,2456 2253,2456 2253,2456 2253,2408 2255,2406 2256,2406 2257,2405 2257,2404 2259,2402 2273,2402 2273,2402 2273,2401 2274,2400 2274,2399 2275,2398 2281,2398 2282,2400 2282,2401 2284,2402 2285,2402 2286,2404 2286,2460 2287,2460 2708,2460 2710,2458 2710,2457 2711,2456 3053,2456 3054,2455 3054,2454 3056,2452 3057,2452 3057,2452 3058,2451 3058,2450 3060,2448 3290,2448 3290,2448 3290,2404 3292,2402 3293,2402 3295,2400 3295,2399 3296,2398 3302,2398 3303,2397 3303,2396 3305,2394 3492,2394 3494,2392 3494,2391 3495,2390 3497,2390 3498,2389 3499,2389 3500,2390 3560,2390 3560,2391 3560,2406 3561,2406 3737,2406 3739,2409 3739,2410 3740,2410 3741,2410 3743,2413 3743,2444 3744,2444 3804,2444 3805,2446 3805,2447 3807,2448 4032,2448 4034,2451 4034,2452 4035,2452 4041,2452 4041,2453 4041,2454 4049,2461 4050,2461 4050,2462 4050,2476 4052,2477 4053,2477 4054,2479 4054,2518 4054,2518 4053,2518 4052,2519 4051,2519 4050,2520 4050,2525 4048,2527 4047,2527 4046,2528 4046,2529 4044,2531 4039,2531 4038,2532 4038,2533 4036,2535 4035,2535 4034,2536 4034,2537 4032,2539 3736,2539 3735,2540 3735,2553 3734,2554 3734,2555 3733,2556 3732,2556 3730,2558 3730,2567 3729,2568 3728,2568 3726,2570 3726,2580 3726,2580 3725,2580 3722,2583 3722,2584 3722,2584 3721,2584 3717,2588 3714,2591 3714,2592 3713,2593 3711,2593 3710,2593 3710,2592 3705,2587 3705,2544 3705,2543 3452,2543 3451,2544 3451,2602 3451,2602"/><TextEquiv index="1"><Unicode>ous avez donc vu notre belle jeune</Unicode></TextEquiv></TextLine><TextLine id="r0_l008"><Coords points="3885,2809 3884,2809 3884,2750 3884,2749 3882,2751 3719,2751 3718,2752 3718,2762 3717,2763 3716,2763 3714,2765 3714,2774 3712,2776 3711,2776 3710,2777 3710,2778 3708,2780 3707,2780 3706,2781 3706,2782 3704,2784 3699,2784 3697,2786 3697,2787 3696,2788 3695,2788 3693,2790 3693,2791 3692,2792 3682,2792 3681,2792 3681,2791 3680,2790 3680,2756 3680,2755 3512,2755 3511,2755 3511,2754 3510,2753 3510,2752 3510,2751 2985,2751 2983,2753 2983,2754 2982,2755 2956,2755 2955,2754 2855,2754 2763,2754 2762,2755 2516,2755 2515,2756 2515,2757 2513,2759 2312,2759 2311,2759 2311,2758 2310,2757 2310,2756 2310,2755 1689,2755 1688,2756 1688,2762 1682,2768 1681,2768 1680,2769 1680,2775 1680,2775 1679,2775 1671,2783 1671,2784 1671,2784 1653,2784 1651,2786 1651,2787 1650,2788 1648,2788 1647,2788 1647,2787 1646,2786 1646,2785 1646,2784 1645,2784 1643,2783 1643,2782 1642,2781 1642,2752 1642,2751 1412,2751 1410,2750 1410,2749 1409,2747 1351,2747 1350,2746 1349,2746 1348,2746 1348,2745 1347,2743 1343,2743 1342,2742 1341,2742 1340,2742 1340,2741 1338,2738 1096,2738 1095,2739 1095,2795 1094,2796 1093,2796 1092,2797 1061,2797 1060,2796 1059,2796 1057,2795 1057,2794 1057,2793 1056,2792 1055,2792 1053,2791 1053,2756 1053,2755 898,2755 895,2753 895,2752 895,2751 890,2751 883,2745 883,2740 884,2739 885,2739 887,2737 887,2695 889,2693 890,2693 891,2692 891,2691 894,2688 1053,2688 1053,2688 1053,2662 1056,2659 1057,2659 1057,2659 1057,2658 1060,2655 1065,2655 1066,2654 1066,2653 1068,2651 1410,2651 1410,2651 1410,2616 1413,2613 1414,2613 1414,2613 1414,2612 1416,2610 1425,2610 1427,2608 1427,2607 1428,2606 1429,2606 1430,2605 1480,2605 1481,2604 1481,2603 1483,2601 1487,2601 1488,2602 1489,2602 1489,2603 1489,2604 1492,2606 1493,2606 1493,2607 1493,2663 1494,2663 1565,2663 1566,2664 1567,2664 1568,2666 1568,2667 1570,2668 1576,2668 1576,2669 1576,2675 1578,2676 1579,2676 1580,2678 1580,2683 1582,2684 1583,2684 1584,2686 1584,2687 1585,2688 1585,2722 1586,2722 1825,2722 1825,2722 1825,2628 1824,2626 1819,2626 1817,2625 1817,2624 1816,2622 1810,2622 1809,2622 1809,2620 1808,2619 1808,2618 1809,2617 1809,2615 1810,2614 1824,2614 1825,2613 1825,2612 1827,2610 1828,2610 1829,2609 1830,2609 1831,2610 1833,2610 1833,2611 1833,2612 1836,2614 1970,2614 1970,2615 1970,2616 1973,2618 1974,2618 1974,2619 1974,2620 1975,2621 1975,2672 1976,2672 2202,2672 2203,2671 2203,2657 2204,2656 2205,2656 2207,2654 2207,2641 2209,2639 2210,2639 2211,2638 2211,2637 2214,2634 2215,2634 2215,2634 2215,2633 2218,2630 2219,2630 2219,2630 2219,2629 2222,2626 2223,2626 2223,2626 2223,2625 2226,2622 2227,2622 2228,2621 2228,2620 2230,2618 2231,2618 2232,2617 2232,2616 2234,2614 2239,2614 2240,2613 2240,2612 2242,2610 2269,2610 2269,2611 2269,2616 2270,2617 2270,2618 2271,2618 2272,2618 2274,2621 2274,2668 2275,2668 2660,2668 2660,2668 2660,2619 2661,2618 2662,2618 2668,2612 2668,2611 2669,2610 2688,2610 2688,2611 2688,2612 2691,2614 2692,2614 2693,2616 2693,2663 2694,2663 2887,2663 2888,2662 2888,2657 2890,2655 2891,2655 2892,2654 2892,2649 2894,2647 2895,2647 2896,2646 2896,2641 2898,2639 2899,2639 2900,2638 2900,2637 2903,2634 2904,2634 2904,2634 2904,2633 2907,2630 2908,2630 2908,2630 2908,2629 2911,2626 2916,2626 2917,2625 2917,2624 2919,2622 2920,2622 2921,2621 2921,2620 2923,2618 2928,2618 2929,2617 2929,2616 2931,2614 2957,2614 2958,2613 2958,2612 2960,2610 3044,2610 3045,2609 3045,2608 3047,2606 3048,2606 3049,2605 3052,2605 3054,2608 3054,2613 3055,2613 3056,2613 3058,2616 3058,2639 3059,2639 3091,2639 3091,2640 3091,2641 3092,2641 3094,2643 3095,2643 3095,2644 3095,2646 3097,2647 3107,2647 3108,2649 3108,2659 3109,2659 3172,2659 3173,2660 3174,2660 3174,2661 3174,2662 3176,2663 3377,2663 3377,2663 3377,2612 3380,2609 3385,2609 3386,2608 3386,2607 3387,2606 3388,2606 3389,2605 3393,2605 3394,2604 3394,2603 3396,2601 3397,2601 3398,2602 3452,2602 3452,2603 3452,2604 3453,2605 3455,2606 3456,2606 3456,2607 3456,2612 3459,2614 3460,2614 3460,2615 3460,2655 3461,2655 3917,2655 3917,2655 3917,2603 3918,2602 3919,2602 3920,2601 3929,2601 3929,2601 3929,2600 3932,2597 3974,2597 3975,2596 3975,2595 3977,2593 3979,2593 3979,2594 3979,2595 3980,2596 3980,2655 3981,2655 4032,2655 4033,2657 4033,2658 4035,2659 4040,2659 4042,2662 4042,2663 4044,2664 4045,2664 4046,2666 4046,2671 4048,2672 4049,2672 4050,2674 4050,2675 4052,2676 4053,2676 4054,2678 4054,2696 4053,2697 4052,2697 4050,2699 4050,2729 4049,2730 4048,2730 4045,2733 4045,2734 4045,2734 4044,2734 4041,2737 4041,2738 4041,2738 4040,2738 4037,2741 4037,2742 4037,2742 4036,2742 4035,2743 4022,2743 4021,2744 4021,2746 4021,2746 4020,2746 4019,2747 3897,2747 3896,2748 3896,2809 3896,2809"/><TextEquiv index="1"><Unicode>“pucelle, Monſieur le Chevalier; elle</Unicode></TextEquiv></TextLine><TextLine id="r0_l009"><Coords points="2050,3027 2049,3027 2049,2968 2049,2967 2031,2967 2029,2966 2029,2965 2028,2963 1772,2963 1771,2964 1771,2974 1770,2975 1769,2975 1767,2977 1767,2982 1766,2983 1765,2983 1763,2985 1763,2995 1762,2996 1762,3022 1762,3022 1752,3022 1751,3022 1751,3005 1751,3004 1744,3004 1742,3003 1742,2959 1742,2958 1594,2958 1593,2959 1593,3020 1593,3020 1585,3020 1584,3020 1584,2959 1584,2958 1499,2958 1497,2957 1497,2956 1496,2954 1346,2954 1344,2953 1344,2952 1343,2950 964,2950 962,2952 962,2953 961,2954 960,2954 958,2956 958,2957 957,2958 948,2958 945,2961 945,2962 945,2962 944,2962 943,2963 891,2963 890,2962 889,2962 887,2961 887,2960 886,2959 886,2958 885,2958 883,2957 883,2952 885,2950 890,2950 891,2949 891,2907 894,2904 936,2904 937,2903 937,2902 939,2900 945,2900 945,2900 945,2899 946,2898 946,2897 947,2896 1049,2896 1049,2896 1049,2881 1050,2880 1051,2880 1052,2879 1057,2879 1057,2879 1057,2878 1059,2876 1060,2875 1061,2875 1061,2875 1061,2870 1066,2865 1066,2864 1067,2863 1077,2863 1078,2862 1078,2861 1080,2859 1140,2859 1140,2859 1140,2849 1143,2846 1144,2846 1144,2846 1144,2841 1145,2840 1145,2839 1146,2838 1147,2838 1149,2836 1149,2831 1150,2830 1151,2830 1153,2828 1153,2827 1154,2826 1155,2826 1157,2824 1157,2823 1158,2822 1159,2822 1166,2815 1166,2814 1167,2813 1181,2813 1182,2812 1182,2811 1184,2809 1347,2809 1348,2811 1348,2812 1350,2813 1351,2813 1352,2815 1352,2817 1353,2817 1446,2817 1448,2820 1448,2867 1449,2867 1509,2867 1510,2869 1510,2870 1512,2871 1575,2871 1576,2873 1576,2875 1577,2875 1750,2875 1750,2875 1750,2841 1751,2840 1751,2839 1752,2838 1753,2838 1755,2836 1755,2835 1756,2834 1762,2834 1762,2834 1762,2833 1763,2832 1763,2831 1764,2830 1911,2830 1912,2829 1912,2828 1915,2825 1927,2825 1928,2826 1929,2826 1929,2827 1929,2830 1930,2830 1982,2830 1983,2832 1983,2879 1984,2879 2060,2879 2062,2882 2062,2883 2063,2883 2064,2883 2066,2886 2066,2891 2068,2892 2069,2892 2070,2894 2070,2899 2072,2900 2073,2900 2074,2902 2074,2937 2075,2937 2273,2937 2273,2937 2273,2886 2275,2884 2276,2884 2277,2883 2331,2883 2332,2882 2332,2881 2334,2879 2555,2879 2556,2878 2556,2877 2558,2875 2563,2875 2564,2874 2564,2873 2566,2871 2654,2871 2655,2873 2655,2874 2657,2875 3053,2875 3054,2874 3054,2873 3056,2871 3161,2871 3161,2871 3161,2870 3164,2867 3880,2867 3880,2867 3880,2815 3882,2813 3883,2813 3884,2812 3884,2810 3885,2809 3896,2809 3896,2810 3896,2812 3898,2813 3899,2813 3901,2816 3901,2863 3902,2863 3954,2863 3954,2864 3954,2865 3963,2874 3963,2921 3964,2921 4041,2921 4042,2923 4042,2924 4049,2930 4050,2930 4050,2931 4050,2965 4048,2967 4047,2967 4046,2968 4046,2973 4041,2978 4041,2979 4041,2979 4035,2979 4034,2980 4034,2981 4029,2986 4029,2987 4029,2987 4026,2987 4025,2987 4025,2986 4021,2982 4021,2955 4021,2954 3549,2954 3548,2955 3548,2977 3547,2978 3547,2979 3547,2979 3546,2979 3544,2981 3544,2985 3543,2986 3543,2987 3543,2987 3542,2987 3539,2990 3539,2991 3539,2991 3538,2991 3535,2994 3535,2995 3535,2995 3534,2995 3531,2998 3531,2999 3530,3000 3525,3000 3522,3003 3522,3004 3522,3004 3517,3004 3514,3002 3514,3001 3514,3000 3513,3000 3510,2998 3510,2959 3510,2958 3345,2958 3344,2959 3344,3019 3344,3019 3333,3019 3332,3019 3332,2959 3332,2958 2897,2958 2896,2959 2896,2962 2896,2962 2895,2962 2894,2963 2887,2963 2886,2962 2885,2962 2884,2962 2884,2959 2884,2958 2662,2958 2659,2961 2659,2962 2659,2962 2658,2962 2657,2963 2324,2963 2323,2964 2323,2966 2323,2966 2322,2966 2321,2967 2179,2967 2178,2968 2178,2974 2177,2975 2176,2975 2174,2977 2174,2982 2173,2983 2172,2983 2170,2985 2170,2986 2169,2987 2168,2987 2166,2989 2166,2990 2165,2991 2164,2991 2161,2994 2161,2995 2160,2996 2151,2996 2149,2998 2149,2999 2148,3000 2143,3000 2141,2999 2141,2998 2140,2996 2139,2996 2136,2994 2136,2968 2136,2967 2067,2967 2066,2968 2066,3027 2066,3027"/><TextEquiv index="1"><Unicode>“eſt bien jolie, vantez-vous-en; mais,</Unicode></TextEquiv></TextLine><TextLine id="r0_l010"><Coords points="1230,3225 1229,3225 1229,3159 1229,3158 1176,3158 1173,3156 1173,3155 1173,3154 1156,3154 1155,3153 967,3153 966,3154 966,3157 966,3157 965,3157 964,3158 959,3158 958,3159 958,3160 956,3162 951,3162 950,3163 950,3164 948,3166 889,3166 888,3166 888,3165 885,3161 884,3161 883,3161 883,3155 884,3154 885,3154 886,3153 887,3153 887,3153 887,3122 889,3120 890,3120 891,3119 891,3110 893,3108 935,3108 937,3106 937,3105 938,3104 1053,3104 1053,3104 1053,3085 1055,3083 1056,3083 1057,3082 1057,3077 1060,3074 1061,3074 1061,3074 1061,3073 1064,3070 1073,3070 1074,3069 1074,3068 1076,3066 1111,3066 1111,3066 1111,3027 1113,3025 1114,3025 1115,3024 1116,3023 1116,3022 1117,3021 1118,3021 1119,3020 1165,3020 1165,3020 1165,3019 1168,3016 1227,3016 1227,3016 1227,3015 1230,3012 1234,3012 1239,3017 1240,3017 1240,3018 1240,3074 1241,3074 1435,3074 1435,3074 1435,3027 1437,3025 1438,3025 1439,3024 1439,3023 1441,3021 1450,3021 1451,3020 1595,3020 1597,3022 1763,3022 1763,3023 1763,3024 1764,3024 1765,3024 1766,3025 1953,3025 1955,3027 2066,3027 2066,3028 2066,3032 2068,3033 2069,3033 2070,3035 2070,3083 2071,3083 2244,3083 2244,3084 2244,3086 2245,3087 2245,3145 2246,3145 2427,3145 2427,3145 2427,3089 2429,3087 2621,3087 2622,3086 2622,3085 2624,3083 2745,3083 2747,3081 2747,3080 2748,3079 2750,3079 2751,3081 2751,3082 2753,3083 2950,3083 2950,3083 2950,3035 2952,3033 2953,3033 2954,3032 2954,3031 2956,3029 2966,3029 2966,3030 2966,3031 2969,3033 2974,3033 2975,3035 2975,3036 2976,3036 2977,3037 2978,3037 2979,3039 2979,3083 2980,3083 3023,3083 3025,3081 3025,3080 3026,3079 3251,3079 3256,3074 3257,3074 3257,3074 3257,3073 3260,3070 3315,3070 3315,3070 3315,3052 3317,3050 3318,3050 3319,3049 3319,3048 3322,3045 3323,3045 3323,3045 3323,3040 3326,3037 3327,3037 3328,3036 3328,3022 3329,3021 3330,3021 3332,3019 3345,3019 3347,3021 3348,3021 3348,3022 3348,3023 3349,3024 3349,3037 3350,3037 3351,3037 3353,3040 3353,3049 3355,3050 3356,3050 3357,3052 3357,3053 3359,3054 3360,3054 3361,3056 3361,3074 3362,3074 3687,3074 3689,3077 3689,3078 3691,3079 3936,3079 3938,3077 3938,3076 3939,3075 3940,3075 3941,3074 4000,3074 4000,3074 4000,3072 4001,3071 4002,3071 4003,3070 4007,3070 4008,3072 4008,3073 4010,3074 4015,3074 4017,3077 4017,3078 4018,3078 4019,3079 4020,3079 4021,3081 4021,3128 4022,3128 4048,3128 4049,3129 4050,3129 4050,3130 4050,3136 4052,3137 4053,3137 4054,3139 4054,3148 4053,3149 4052,3149 4050,3151 4050,3152 4049,3153 4048,3153 4046,3155 4046,3156 4044,3158 4043,3158 4042,3159 4042,3160 4040,3162 4005,3162 4004,3163 4004,3221 4004,3221 3998,3221 3997,3221 3997,3163 3997,3162 3872,3162 3871,3163 3871,3219 3870,3220 3845,3220 3842,3218 3842,3217 3842,3216 3836,3216 3834,3215 3834,3163 3834,3162 3636,3162 3635,3163 3635,3164 3634,3165 3634,3166 3634,3166 2753,3166 2750,3169 2750,3170 2750,3170 2474,3170 2473,3171 2473,3173 2472,3174 2358,3174 2357,3175 2357,3180 2356,3181 2356,3182 2356,3182 2355,3182 2352,3185 2352,3194 2351,3195 2346,3195 2344,3197 2344,3198 2343,3199 2342,3199 2340,3201 2340,3202 2339,3203 2334,3203 2331,3206 2331,3207 2331,3207 2317,3207 2315,3206 2315,3171 2315,3170 1935,3170 1933,3169 1933,3168 1932,3166 1877,3166 1875,3165 1875,3163 1875,3162 1378,3162 1377,3163 1377,3215 1376,3216 1254,3216 1253,3217 1253,3223 1252,3224 1232,3224 1231,3225"/><TextEquiv index="1"><Unicode>“s'il plaît à Dieu, vous n'en tâterez pas.</Unicode></TextEquiv></TextLine><TextLine id="r0_l011"><Coords points="2352,3432 2351,3431 2350,3431 2348,3430 2348,3429 2348,3428 1147,3428 1146,3428 1146,3374 1146,3373 901,3373 900,3373 900,3372 898,3369 893,3369 891,3368 891,3363 890,3361 889,3361 887,3360 887,3318 892,3313 892,3312 893,3311 899,3311 899,3311 899,3310 902,3307 1062,3307 1062,3307 1062,3225 1063,3224 1081,3224 1082,3223 1082,3222 1084,3220 1127,3220 1127,3220 1127,3219 1128,3218 1128,3217 1129,3216 1132,3216 1132,3217 1132,3218 1135,3220 1152,3220 1153,3222 1153,3223 1155,3224 1252,3224 1252,3225 1252,3226 1253,3227 1253,3228 1254,3228 1675,3228 1675,3229 1675,3230 1679,3233 1680,3233 1680,3234 1680,3235 1682,3236 2002,3236 2004,3239 2004,3240 2005,3240 3987,3240 3988,3239 3988,3238 3990,3236 3991,3236 3992,3235 3992,3226 3994,3224 3995,3224 3996,3223 3996,3222 3997,3221 4004,3221 4004,3222 4004,3285 4006,3286 4007,3286 4008,3288 4008,3301 4011,3303 4012,3303 4012,3304 4012,3305 4013,3306 4013,3307 4014,3307 4058,3307 4058,3308 4058,3331 4057,3332 4052,3332 4050,3334 4050,3335 4049,3336 4013,3336 4012,3337 4012,3348 4011,3349 4010,3349 4008,3351 4008,3360 4007,3361 4006,3361 4004,3363 4004,3364 4003,3365 3849,3365 3846,3368 3846,3369 3846,3369 3704,3369 3701,3372 3701,3373 3701,3373 3379,3373 3378,3374 3378,3376 3377,3377 2961,3377 2960,3378 2387,3378 2386,3379 2386,3425 2385,3426 2385,3427 2385,3427 2376,3427 2375,3428 2374,3428 2373,3429 2373,3430 2371,3432"/><TextEquiv index="1"><Unicode>„D'abord, c'eſt qu'avec tout votre mé-</Unicode></TextEquiv></TextLine><TextLine id="r0_l012"><Coords points="2699,3639 2697,3638 2697,3637 2696,3635 2687,3635 2684,3633 2684,3632 2684,3631 2683,3631 2680,3629 2680,3628 2680,3627 2679,3627 2676,3625 2676,3616 2675,3614 2674,3614 2672,3613 2672,3582 2672,3581 2432,3581 2431,3582 2431,3638 2430,3639 2417,3639 2414,3637 2414,3636 2414,3635 2400,3635 2398,3634 2398,3582 2398,3581 2134,3581 2133,3582 2133,3583 2131,3585 2126,3585 2124,3584 2124,3582 2124,3581 1931,3581 1929,3580 1929,3579 1928,3577 1720,3577 1719,3576 1718,3576 1717,3576 1717,3574 1717,3573 1515,3573 1514,3574 1514,3576 1514,3576 1513,3576 1512,3577 1403,3577 1402,3578 1402,3588 1401,3589 1400,3589 1398,3591 1398,3592 1397,3593 1396,3593 1394,3595 1394,3596 1393,3597 1392,3597 1391,3598 1387,3598 1385,3600 1385,3601 1384,3602 1371,3602 1369,3601 1369,3574 1369,3573 1206,3573 1205,3572 1204,3572 1203,3572 1203,3571 1202,3569 984,3569 983,3570 983,3571 981,3573 976,3573 974,3575 974,3576 973,3577 972,3577 970,3579 970,3580 969,3581 960,3581 958,3580 958,3579 957,3577 898,3577 895,3575 895,3574 895,3573 894,3573 891,3571 891,3563 892,3562 892,3561 893,3560 895,3560 895,3560 895,3518 896,3517 896,3516 898,3514 903,3514 904,3513 904,3512 906,3510 1062,3510 1062,3510 1062,3499 1063,3498 1064,3498 1066,3496 1066,3491 1067,3490 1068,3490 1069,3489 1078,3489 1078,3489 1078,3488 1081,3485 1132,3485 1132,3485 1132,3442 1135,3439 1136,3439 1136,3439 1136,3438 1138,3436 1139,3436 1140,3435 1140,3434 1143,3431 1144,3431 1144,3431 1144,3430 1146,3428 1152,3428 1153,3430 1153,3431 1154,3431 1155,3431 1156,3432 1157,3432 1157,3433 1157,3481 1158,3481 1206,3481 1207,3483 1207,3484 1209,3485 1292,3485 1294,3488 1294,3489 1295,3489 1300,3489 1301,3490 1302,3490 1302,3491 1302,3492 1304,3493 1477,3493 1478,3494 1800,3494 1800,3495 1800,3496 1803,3498 1903,3498 1904,3500 1904,3502 1905,3502 1974,3502 1974,3502 1974,3481 1975,3480 1975,3450 1977,3448 1990,3448 1991,3450 1991,3451 1993,3452 1994,3452 1995,3454 1995,3459 1998,3461 1999,3461 2000,3463 2000,3502 2001,3502 2144,3502 2144,3502 2144,3501 2145,3500 2145,3499 2146,3498 2218,3498 2220,3496 2220,3495 2221,3494 2223,3494 2224,3493 2225,3494 2227,3494 2228,3496 2228,3497 2230,3498 2713,3498 2713,3498 2713,3496 2715,3494 3087,3494 3087,3494 3087,3483 3089,3481 3090,3481 3091,3480 3091,3463 3094,3460 3095,3460 3095,3460 3095,3455 3098,3452 3099,3452 3099,3452 3099,3442 3101,3440 3111,3440 3112,3442 3112,3443 3113,3444 3114,3444 3115,3444 3116,3446 3116,3490 3117,3490 3236,3490 3236,3491 3236,3492 3239,3494 3573,3494 3573,3494 3573,3441 3574,3440 3575,3440 3575,3440 3577,3438 3577,3437 3578,3436 3588,3436 3589,3435 3590,3436 3601,3436 3602,3438 3602,3476 3604,3477 3605,3477 3606,3479 3606,3489 3607,3489 3859,3489 3859,3489 3859,3475 3861,3473 3862,3473 3863,3472 3863,3471 3865,3469 3866,3469 3867,3468 3867,3450 3869,3448 3870,3448 3871,3447 3871,3438 3873,3436 3874,3436 3875,3435 3875,3434 3878,3431 3990,3431 3992,3434 3992,3435 3993,3435 3994,3435 3996,3438 3996,3481 3997,3481 4036,3481 4037,3483 4037,3484 4039,3485 4048,3485 4050,3488 4050,3489 4051,3489 4052,3489 4054,3492 4054,3559 4053,3560 4052,3560 4050,3562 4050,3567 4048,3569 4047,3569 4046,3570 4046,3571 4044,3573 4039,3573 4038,3574 4038,3575 4036,3577 3304,3577 3303,3578 3303,3579 3302,3580 3302,3581 3302,3581 3271,3581 3270,3582 3270,3608 3268,3610 3267,3610 3266,3611 3266,3612 3251,3627 3242,3627 3241,3628 3241,3629 3239,3631 3238,3631 3236,3633 3236,3634 3235,3635 3210,3635 3207,3633 3207,3632 3207,3631 3202,3631 3201,3630 3200,3630 3199,3630 3199,3629 3197,3626 3196,3626 3195,3626 3195,3625 3193,3622 3192,3622 3191,3622 3191,3582 3191,3581 2939,3581 2938,3582 2938,3600 2936,3602 2935,3602 2934,3603 2934,3615 2933,3616 2933,3618 2933,3618 2932,3618 2919,3631 2897,3631 2896,3632 2896,3634 2895,3635 2890,3635 2888,3637 2888,3638 2887,3639"/><TextEquiv index="1"><Unicode>“rite, vous n'avez pas gagné grand crédit</Unicode></TextEquiv></TextLine><TextLine id="r0_l013"><Coords points="892,3640 4059,3640 4059,3839 892,3839"/><TextEquiv index="1"><Unicode>“auprès d'elle; car il me ſemble qu'elle</Unicode></TextEquiv></TextLine><TextLine id="r0_l014"><Coords points="2457,4056 2456,4056 2456,3993 2456,3992 2192,3992 2191,3993 2191,3994 2190,3995 2190,3996 2190,3996 2188,3996 2186,3995 2186,3994 2185,3992 1973,3992 1970,3990 1970,3989 1970,3988 1939,3988 1781,3988 1780,3989 1780,3990 1778,3992 1761,3992 1759,3991 1759,3990 1758,3988 1496,3988 1493,3986 1493,3985 1493,3984 1185,3984 1184,3983 1183,3983 1182,3983 1182,3982 1180,3979 965,3979 964,3980 963,3980 962,3981 962,3982 960,3984 955,3984 954,3985 954,3986 952,3988 898,3988 896,3987 896,3986 895,3985 895,3933 896,3932 896,3931 897,3930 898,3930 900,3928 900,3927 902,3925 1057,3925 1057,3925 1057,3903 1060,3900 1061,3900 1061,3900 1061,3899 1064,3896 1115,3896 1115,3896 1115,3895 1118,3892 1135,3892 1136,3894 1136,3895 1138,3896 1355,3896 1356,3895 1356,3894 1358,3892 1359,3892 1361,3895 1361,3896 1362,3896 1363,3896 1365,3899 1365,3900 1366,3900 1388,3900 1389,3902 1389,3904 1390,3904 1713,3904 1713,3904 1713,3903 1716,3900 1904,3900 1904,3900 1904,3890 1906,3888 1907,3888 1908,3887 1908,3878 1911,3875 1912,3875 1912,3875 1912,3874 1915,3871 1916,3871 1916,3871 1916,3866 1919,3863 1920,3863 1920,3863 1920,3862 1921,3861 1921,3856 1922,3855 1928,3855 1929,3854 1929,3853 1931,3851 1936,3851 1937,3850 1937,3849 1940,3846 1960,3846 1961,3847 1962,3847 1962,3848 1962,3849 1965,3851 2074,3851 2074,3852 2074,3853 2081,3859 2082,3859 2082,3860 2082,3861 2083,3862 2083,3905 2084,3905 2278,3905 2278,3905 2278,3898 2280,3896 2285,3896 2286,3895 2286,3882 2289,3879 2290,3879 2290,3879 2290,3878 2293,3875 2294,3875 2294,3875 2294,3874 2297,3871 2298,3871 2298,3871 2298,3870 2301,3867 2306,3867 2307,3866 2307,3865 2309,3863 2318,3863 2319,3862 2319,3861 2321,3859 2344,3859 2344,3859 2344,3857 2346,3855 2364,3855 2365,3857 2365,3858 2367,3859 2385,3859 2385,3860 2385,3861 2386,3862 2386,3863 2387,3863 2393,3863 2394,3865 2394,3866 2397,3868 2398,3868 2398,3869 2398,3904 2399,3904 2466,3904 2467,3905 2468,3905 2468,3906 2468,3907 2471,3909 2730,3909 2730,3909 2730,3869 2732,3867 2734,3867 2734,3867 2734,3865 2736,3863 2737,3863 2739,3861 2739,3860 2740,3859 2750,3859 2750,3859 2750,3858 2753,3855 2791,3855 2792,3854 2792,3853 2794,3851 2804,3851 2805,3853 2805,3854 2807,3855 2866,3855 2867,3857 2867,3905 2868,3905 3016,3905 3017,3907 3017,3908 3019,3909 3285,3909 3286,3908 3286,3907 3288,3905 3289,3905 3290,3904 3294,3904 3294,3904 3294,3858 3295,3857 3295,3856 3296,3855 3297,3855 3299,3853 3299,3852 3300,3851 3310,3851 3311,3853 3311,3854 3312,3854 3313,3854 3315,3857 3315,3866 3317,3867 3318,3867 3319,3869 3319,3904 3320,3904 3391,3904 3392,3905 3393,3905 3394,3907 3394,3908 3396,3909 3625,3909 3626,3908 3626,3907 3628,3905 3875,3905 3875,3905 3875,3858 3876,3857 3876,3856 3877,3855 3878,3855 3880,3853 3880,3852 3881,3851 3882,3851 3884,3849 3884,3848 3885,3847 3886,3847 3887,3846 3890,3846 3891,3847 3892,3847 3892,3848 3892,3849 3895,3851 3896,3851 3896,3852 3896,3853 3899,3855 3900,3855 3900,3856 3900,3857 3901,3858 3901,3900 3902,3900 3969,3900 3978,3909 3979,3909 3979,3910 3979,3916 3981,3917 3982,3917 3984,3920 3984,3958 3985,3958 4043,3958 4044,3959 4045,3959 4046,3961 4046,3962 4048,3963 4049,3963 4050,3965 4050,4003 4049,4004 4048,4004 4046,4006 4046,4007 4045,4008 4044,4008 4042,4010 4042,4011 4041,4012 4040,4012 4037,4015 4037,4016 4036,4017 4028,4017 4027,4016 4026,4016 4025,4016 4025,3993 4025,3992 3633,3992 3629,3996 3537,3996 3535,3995 3535,3994 3534,3992 3367,3992 3365,3991 3365,3990 3364,3988 3151,3988 3149,3990 3149,3991 3148,3992 3101,3992 3100,3993 3100,3994 3099,3995 3099,3996 3099,3996 2984,3996 2983,3997 2983,3999 2982,4000 2981,4000 2979,4002 2979,4003 2978,4004 2977,4004 2975,4006 2975,4015 2973,4017 2972,4017 2971,4018 2971,4028 2970,4029 2969,4029 2967,4031 2967,4036 2966,4037 2965,4037 2962,4040 2962,4041 2961,4042 2956,4042 2954,4044 2954,4045 2953,4046 2948,4046 2946,4045 2946,4044 2945,4043 2944,4041 2943,4041 2942,4041 2942,4018 2942,4017 2931,4017 2929,4016 2929,3993 2929,3992 2719,3992 2718,3993 2718,3994 2716,3996 2644,3996 2643,3997 2643,4041 2643,4041 2642,4041 2641,4042 2640,4042 2639,4043 2639,4044 2637,4046 2632,4046 2631,4047 2631,4048 2629,4050 2595,4050 2593,4049 2593,3997 2593,3996 2462,3996 2461,3995 2460,3996 2460,4056 2460,4056"/><TextEquiv index="1"><Unicode>“veut vous fuir. Ce qu'il y a de certain,</Unicode></TextEquiv></TextLine><TextLine id="r0_l015"><Coords points="2487,4249 2485,4248 2485,4200 2485,4199 2081,4199 2078,4202 2078,4203 2078,4203 2077,4203 2076,4204 2074,4204 2073,4203 2072,4203 2070,4202 2070,4200 2070,4199 1715,4199 1713,4198 1713,4197 1712,4195 1707,4195 1532,4195 1531,4196 1531,4235 1529,4237 1528,4237 1526,4239 1526,4244 1525,4245 1503,4245 1502,4246 1502,4247 1501,4248 1501,4249 1501,4249 1495,4249 1493,4248 1493,4192 1493,4191 1474,4191 1473,4191 1473,4190 1472,4189 1472,4188 1472,4187 960,4187 957,4190 957,4191 957,4191 910,4191 908,4193 908,4194 907,4195 905,4195 904,4195 904,4194 903,4193 903,4192 903,4191 897,4191 896,4191 896,4190 895,4189 895,4140 898,4137 899,4137 899,4137 899,4136 906,4129 1070,4129 1070,4129 1070,4126 1071,4125 1072,4125 1073,4124 1074,4124 1074,4124 1074,4118 1075,4117 1076,4117 1078,4115 1078,4114 1080,4112 1086,4112 1086,4112 1086,4111 1087,4110 1087,4109 1088,4108 1094,4108 1094,4108 1094,4107 1097,4104 1140,4104 1140,4104 1140,4061 1141,4060 1141,4059 1142,4058 1143,4058 1149,4052 1149,4051 1150,4050 1318,4050 1319,4052 1319,4053 1321,4054 1326,4054 1327,4056 1327,4057 1329,4058 1330,4058 1331,4060 1331,4061 1333,4062 1334,4062 1335,4064 1335,4065 1336,4066 1336,4104 1337,4104 1501,4104 1501,4105 1501,4106 1504,4108 1647,4108 1647,4108 1647,4064 1649,4062 1650,4062 1651,4061 1651,4056 1653,4054 1787,4054 1787,4054 1787,4053 1788,4052 1788,4051 1789,4050 1854,4050 1854,4051 1854,4112 1855,4112 1928,4112 1929,4114 1929,4115 1931,4116 2352,4116 2352,4116 2352,4065 2355,4062 2356,4062 2356,4062 2356,4061 2359,4058 2364,4058 2365,4057 2365,4056 2367,4054 2372,4054 2374,4056 2461,4056 2461,4057 2461,4058 2462,4058 2575,4058 2576,4060 2576,4061 2577,4062 2577,4070 2579,4071 2580,4071 2581,4073 2581,4078 2583,4079 2584,4079 2585,4081 2585,4091 2586,4091 2587,4091 2592,4096 2593,4096 2593,4097 2593,4116 2594,4116 2776,4116 2776,4116 2776,4101 2777,4100 2778,4100 2780,4098 2780,4068 2781,4067 2782,4067 2784,4065 2784,4064 2786,4062 2795,4062 2796,4064 2796,4065 2797,4066 2798,4066 2799,4066 2801,4069 2801,4082 2803,4083 2804,4083 2804,4084 2804,4085 2805,4086 2805,4116 2806,4116 2845,4116 2847,4114 2847,4113 2848,4112 2920,4112 2921,4111 2921,4110 2923,4108 2924,4108 2925,4110 2925,4112 2926,4112 2962,4112 2962,4113 2962,4114 2963,4115 2963,4116 2964,4116 3166,4116 3166,4116 3166,4060 3168,4058 3173,4058 3174,4057 3174,4056 3176,4054 3239,4054 3241,4057 3241,4058 3242,4058 3243,4058 3245,4061 3245,4112 3246,4112 3552,4112 3552,4112 3552,4064 3554,4062 3555,4062 3555,4062 3556,4061 3556,4060 3558,4058 3568,4058 3568,4058 3568,4057 3569,4056 3569,4055 3570,4054 3576,4054 3576,4055 3576,4056 3580,4059 3581,4059 3581,4060 3581,4112 3582,4112 3855,4112 3855,4112 3855,4060 3857,4058 3862,4058 3863,4057 3863,4056 3865,4054 3875,4054 3875,4055 3875,4056 3876,4057 3876,4104 3877,4104 3978,4104 3980,4107 3980,4108 3981,4108 4049,4108 4050,4110 4050,4111 4052,4112 4057,4112 4057,4113 4058,4114 4058,4119 4061,4121 4062,4121 4062,4122 4062,4123 4064,4124 4065,4124 4066,4126 4066,4151 4067,4152 4067,4168 4066,4169 4066,4170 4066,4170 4065,4170 4062,4173 4062,4174 4062,4174 4061,4174 4058,4177 4058,4186 4057,4187 3985,4187 3984,4188 3984,4189 3982,4191 3981,4191 3980,4192 3980,4193 3978,4195 3815,4195 3814,4196 3814,4197 3813,4198 3813,4199 3813,4199 3658,4199 3656,4201 3656,4202 3655,4203 3654,4203 3653,4204 3647,4204 3646,4203 3632,4203 3631,4203 3631,4202 3629,4199 3089,4199 3087,4198 3087,4197 3086,4195 2873,4195 2871,4197 2871,4198 2870,4199 2741,4199 2738,4202 2738,4203 2738,4203 2736,4203 2734,4202 2734,4201 2733,4199 2719,4199 2718,4199 2718,4198 2716,4195 2515,4195 2514,4196 2514,4215 2513,4216 2512,4216 2510,4218 2510,4236 2510,4236 2509,4236 2508,4237 2503,4237 2502,4238 2502,4243 2501,4244 2501,4245 2501,4245 2500,4245 2497,4248 2497,4249 2497,4249"/><TextEquiv index="1"><Unicode>“c'eſt qu'elle va déjà s'en aller de chez</Unicode></TextEquiv></TextLine><TextLine id="r0_l016"><Coords points="897,4258 4063,4258 4063,4462 897,4462"/><TextEquiv index="1"><Unicode>“nous, &amp; je crois, Dieu me pardonne,</Unicode></TextEquiv></TextLine><TextLine id="r0_l017"><Coords points="888,4466 4068,4466 4068,4653 888,4653"/><TextEquiv index="1"><Unicode>“que c'eſt à cauſe de vous. Mon Dieu,</Unicode></TextEquiv></TextLine><TextLine id="r0_l018"><Coords points="3642,4872 3641,4871 3640,4871 3639,4871 3639,4870 3638,4868 3621,4868 3618,4866 3618,4865 3618,4864 3617,4864 3614,4862 3614,4861 3613,4860 3613,4859 3612,4859 3610,4858 3610,4823 3610,4822 3574,4822 3573,4822 3573,4821 3572,4820 3572,4819 3572,4818 3554,4818 3552,4817 3552,4816 3551,4814 2934,4814 2933,4815 2933,4842 2932,4843 2931,4843 2929,4845 2929,4846 2928,4847 2927,4847 2926,4848 2925,4849 2925,4850 2924,4851 2923,4851 2921,4853 2921,4858 2920,4859 2919,4859 2917,4861 2917,4862 2916,4863 2906,4863 2904,4862 2904,4815 2904,4814 2602,4814 2601,4815 2601,4867 2601,4867 2600,4867 2599,4868 2574,4868 2572,4870 2572,4871 2571,4872 2567,4872 2566,4871 2565,4871 2564,4871 2564,4870 2564,4869 2563,4868 2562,4868 2560,4867 2560,4815 2560,4814 2272,4814 2269,4812 2269,4811 2269,4810 1768,4810 1767,4811 1767,4858 1766,4859 1761,4859 1759,4861 1759,4862 1758,4863 1740,4863 1738,4862 1738,4861 1737,4859 1736,4859 1734,4858 1734,4857 1734,4856 1733,4856 1732,4855 1731,4855 1730,4855 1730,4806 1730,4805 1490,4805 1489,4806 1489,4808 1487,4810 1486,4810 1485,4811 1485,4829 1484,4830 1483,4830 1481,4832 1481,4833 1480,4834 1479,4834 1477,4836 1477,4837 1476,4838 1475,4838 1473,4840 1473,4844 1472,4845 1472,4846 1471,4847 1470,4847 1468,4849 1468,4850 1467,4851 1462,4851 1460,4850 1460,4802 1460,4801 1158,4801 1157,4802 1157,4858 1156,4859 1126,4859 1123,4857 1123,4856 1123,4855 1122,4855 1120,4854 1120,4853 1119,4852 1119,4802 1119,4801 906,4801 904,4800 904,4799 903,4798 903,4797 902,4797 900,4796 900,4757 902,4755 903,4755 904,4754 904,4753 906,4751 911,4751 912,4750 912,4749 914,4747 915,4747 917,4745 917,4744 918,4743 952,4743 954,4741 954,4740 955,4739 1082,4739 1082,4739 1082,4737 1084,4735 1085,4735 1085,4735 1086,4734 1086,4733 1088,4731 1089,4731 1089,4731 1091,4729 1091,4728 1093,4726 1098,4726 1099,4725 1099,4724 1101,4722 1106,4722 1107,4721 1107,4720 1109,4718 1218,4718 1219,4717 1219,4716 1221,4714 1464,4714 1464,4714 1464,4679 1466,4677 1467,4677 1468,4676 1482,4676 1483,4677 1484,4677 1485,4679 1485,4680 1486,4680 1487,4681 1488,4681 1489,4683 1489,4714 1490,4714 1559,4714 1559,4715 1559,4716 1560,4717 1560,4718 1561,4718 1750,4718 1750,4719 1750,4720 1751,4721 1751,4722 1752,4722 2020,4722 2020,4722 2020,4675 2023,4672 2028,4672 2029,4671 2029,4670 2031,4668 2048,4668 2049,4670 2049,4675 2052,4677 2053,4677 2053,4678 2053,4679 2054,4680 2054,4722 2055,4722 2373,4722 2373,4722 2373,4687 2375,4685 2380,4685 2382,4683 2382,4682 2383,4681 2393,4681 2394,4683 2394,4684 2396,4685 2397,4685 2398,4687 2398,4726 2399,4726 2738,4726 2738,4726 2738,4724 2740,4722 2741,4722 2743,4725 2743,4726 2744,4726 2917,4726 2917,4726 2917,4695 2919,4693 2920,4693 2921,4692 2921,4691 2923,4689 2936,4689 2938,4692 2938,4693 2939,4693 2940,4693 2942,4696 2942,4726 2943,4726 3174,4726 3174,4726 3174,4683 3177,4680 3178,4680 3178,4680 3178,4679 3180,4677 3181,4677 3182,4676 3186,4676 3187,4675 3187,4674 3189,4672 3201,4672 3202,4673 3203,4673 3203,4674 3203,4675 3206,4677 3207,4677 3207,4678 3207,4730 3208,4730 3477,4730 3477,4730 3477,4729 3480,4726 3488,4726 3490,4729 3490,4730 3491,4730 3867,4730 3867,4730 3867,4729 3870,4726 3871,4726 3871,4726 3871,4725 3874,4722 3995,4722 3996,4721 3996,4720 3997,4719 3998,4718 3999,4718 4000,4720 4000,4721 4002,4722 4007,4722 4008,4724 4008,4725 4010,4726 4011,4726 4013,4729 4013,4730 4015,4731 4016,4731 4017,4733 4017,4742 4019,4743 4020,4743 4021,4745 4021,4751 4022,4751 4069,4751 4071,4754 4071,4774 4070,4775 4070,4776 4070,4776 4069,4776 4066,4779 4066,4780 4066,4780 4018,4780 4017,4781 4017,4799 4016,4800 4016,4801 4016,4801 4015,4801 4012,4804 4012,4805 4012,4805 4011,4805 4008,4808 4008,4809 4008,4809 3984,4809 3983,4810 3948,4810 3946,4812 3946,4813 3946,4813 3945,4813 3944,4814 3836,4814 3834,4816 3834,4817 3833,4818 3694,4818 3693,4819 3693,4837 3691,4839 3690,4839 3689,4840 3689,4850 3689,4850 3688,4850 3684,4854 3684,4855 3684,4855 3683,4855 3681,4857 3681,4861 3680,4862 3680,4863 3680,4863 3675,4863 3672,4866 3672,4867 3672,4867 3671,4867 3670,4868 3657,4868 3656,4869 3656,4870 3654,4872"/><TextEquiv index="1"><Unicode>“que je perdons! queje la regrette-</Unicode></TextEquiv></TextLine><TextLine id="r0_l019"><Coords points="3935,5080 3935,5018 3935,5017 3919,5017 3917,5019 3917,5020 3916,5021 3375,5021 3374,5021 3374,5020 3372,5017 3175,5017 3174,5018 3174,5045 3173,5046 3172,5046 3170,5048 3170,5049 3169,5050 3151,5050 3149,5049 3149,5048 3148,5047 3148,5046 3147,5046 3145,5045 3145,5018 3145,5017 2977,5017 2975,5016 2975,5015 2974,5013 2732,5013 2730,5015 2730,5016 2729,5017 2719,5017 2718,5018 2718,5019 2717,5020 2717,5021 2717,5021 2703,5021 2701,5020 2701,5019 2700,5017 2027,5017 2024,5015 2024,5014 2024,5013 1765,5013 1763,5012 1763,5011 1762,5009 1476,5009 1470,5009 1468,5011 1468,5012 1467,5013 1466,5013 1464,5015 1464,5016 1463,5017 1458,5017 1456,5016 1456,5015 1455,5013 1450,5013 1447,5011 1447,5010 1447,5009 907,5009 906,5008 905,5008 904,5008 904,5007 902,5004 901,5004 900,5004 900,5003 898,5000 897,5000 896,5000 896,4997 897,4996 899,4996 899,4996 899,4959 900,4958 900,4956 901,4955 902,4955 904,4953 904,4952 905,4951 906,4951 908,4949 908,4948 909,4947 910,4947 911,4946 953,4946 954,4945 954,4944 956,4942 1074,4942 1074,4942 1074,4932 1076,4930 1077,4930 1078,4929 1078,4928 1081,4925 1082,4925 1082,4925 1082,4924 1085,4921 1252,4921 1252,4921 1252,4920 1255,4917 1259,4917 1261,4920 1261,4921 1262,4921 1447,4921 1447,4921 1447,4883 1450,4880 1451,4880 1451,4880 1451,4879 1452,4878 1452,4873 1453,4872 1579,4872 1580,4871 1580,4870 1583,4867 1653,4867 1658,4872 1659,4872 1659,4873 1659,4921 1660,4921 1661,4921 1662,4922 1663,4922 1663,4923 1663,4930 1664,4930 2289,4930 2290,4929 2290,4928 2292,4926 2293,4926 2294,4925 2295,4926 2381,4926 2381,4927 2381,4928 2384,4930 2389,4930 2390,4932 2390,4933 2392,4934 2576,4934 2576,4934 2576,4887 2579,4884 2580,4884 2580,4884 2580,4883 2583,4880 2630,4880 2630,4880 2630,4879 2631,4878 2631,4877 2632,4876 2633,4876 2634,4875 2635,4874 2635,4873 2636,4872 2646,4872 2647,4874 2647,4875 2649,4876 2650,4876 2651,4878 2651,4930 2652,4930 2933,4930 2933,4931 2933,4934 2934,4934 3564,4934 3564,4934 3564,4886 3565,4885 3566,4885 3566,4885 3569,4882 3569,4881 3570,4880 3580,4880 3580,4880 3580,4879 3581,4878 3581,4877 3582,4876 3584,4876 3585,4878 3585,4879 3587,4880 3638,4880 3639,4881 3639,4882 3639,4934 3640,4934 3987,4934 3988,4933 3988,4931 3989,4930 4003,4930 4004,4929 4004,4928 4006,4926 4040,4926 4041,4925 4047,4925 4048,4926 4049,4926 4050,4928 4050,4929 4052,4930 4062,4930 4062,4931 4062,4932 4071,4941 4071,4994 4070,4995 4070,4996 4070,4996 4069,4996 4067,4998 4067,5002 4066,5003 4066,5004 4066,5004 4065,5004 4064,5005 4060,5005 4058,5007 4058,5008 4058,5008 4057,5008 4054,5011 4054,5012 4053,5013 4014,5013 4013,5014 4013,5015 4011,5017 3937,5017 3936,5018 3936,5080 3936,5080"/><TextEquiv index="1"><Unicode>“rons! Si vous enrendiez comme elle nous</Unicode></TextEquiv></TextLine><TextLine id="r0_l020"><Coords points="1992,5283 1992,5221 1992,5220 1947,5220 1946,5220 1946,5219 1945,5218 1945,5217 1945,5216 1537,5216 1535,5218 1535,5219 1534,5220 1533,5220 1531,5222 1531,5227 1529,5229 1528,5229 1526,5231 1526,5232 1525,5233 1520,5233 1518,5235 1518,5236 1517,5237 1512,5237 1510,5239 1510,5240 1509,5241 1504,5241 1502,5243 1502,5244 1501,5245 1499,5245 1497,5244 1497,5243 1496,5241 1483,5241 1480,5239 1480,5238 1480,5237 1478,5237 1477,5237 1477,5222 1477,5221 1318,5221 1317,5220 1316,5220 1315,5220 1315,5213 1315,5212 1122,5212 1119,5215 1119,5216 1119,5216 1108,5216 1107,5217 1107,5274 1107,5274 1072,5274 1069,5272 1069,5271 1069,5270 1068,5270 1066,5269 1066,5268 1065,5267 1065,5213 1065,5212 906,5212 904,5211 904,5210 903,5209 903,5208 902,5208 900,5207 900,5197 902,5195 904,5195 904,5195 904,5156 906,5154 911,5154 912,5153 912,5152 914,5150 952,5150 954,5148 954,5147 955,5146 956,5146 957,5145 1070,5145 1070,5145 1070,5143 1071,5142 1072,5142 1074,5140 1074,5139 1076,5137 1086,5137 1086,5137 1086,5136 1089,5133 1189,5133 1190,5132 1190,5131 1192,5129 1260,5129 1260,5129 1260,5128 1261,5127 1261,5126 1262,5125 1323,5125 1323,5125 1323,5077 1325,5075 1326,5075 1327,5074 1327,5073 1329,5071 1335,5071 1335,5072 1335,5073 1340,5078 1340,5087 1341,5087 1342,5087 1344,5090 1344,5129 1345,5129 1413,5129 1415,5132 1415,5133 1416,5133 1426,5133 1427,5135 1427,5141 1428,5141 1429,5141 1431,5143 1622,5143 1623,5142 1624,5142 1626,5140 1626,5139 1628,5137 1638,5137 1638,5137 1638,5136 1641,5133 1646,5133 1647,5132 1647,5131 1649,5129 1812,5129 1813,5131 1813,5133 1814,5133 1965,5133 1966,5135 1966,5136 1968,5137 2307,5137 2307,5137 2307,5085 2309,5083 2318,5083 2319,5082 2319,5081 2321,5079 2384,5079 2386,5082 2386,5083 2387,5083 2388,5083 2390,5086 2390,5133 2391,5133 2459,5133 2460,5135 2460,5136 2462,5137 2862,5137 2863,5136 2863,5135 2865,5133 2866,5133 2867,5135 2867,5136 2869,5137 3236,5137 3236,5137 3236,5136 3239,5133 3243,5133 3245,5136 3245,5137 3246,5137 3473,5137 3473,5137 3473,5089 3474,5088 3475,5088 3480,5083 3496,5083 3498,5086 3498,5087 3499,5087 3500,5087 3502,5090 3502,5137 3503,5137 3646,5137 3647,5139 3647,5140 3649,5141 3734,5141 3734,5141 3734,5111 3737,5108 3738,5108 3738,5108 3738,5107 3741,5104 3742,5104 3742,5104 3742,5103 3745,5100 3880,5100 3880,5100 3880,5089 3881,5088 3882,5088 3882,5088 3884,5086 3884,5085 3886,5083 3891,5083 3892,5082 3892,5081 3894,5079 3937,5079 3938,5081 3938,5082 3940,5083 3945,5088 3946,5088 3946,5089 3946,5129 3947,5129 4057,5129 4058,5131 4058,5140 4061,5142 4062,5142 4062,5143 4062,5153 4061,5154 4060,5154 4059,5155 4059,5156 4058,5157 4058,5207 4057,5208 4056,5208 4054,5210 4054,5211 4053,5212 4052,5212 4050,5214 4050,5215 4049,5216 4002,5216 4000,5218 4000,5219 3999,5220 3994,5220 3992,5222 3992,5223 3991,5224 3887,5224 3886,5225 3752,5225 3751,5226 3751,5253 3751,5253 3750,5253 3749,5254 3748,5254 3747,5255 3747,5261 3747,5261 3746,5261 3743,5264 3743,5269 3742,5270 3741,5270 3738,5273 3738,5274 3738,5274 3737,5274 3734,5277 3734,5278 3734,5278 3723,5278 3722,5278 3722,5230 3722,5229 3181,5229 3178,5227 3178,5226 3178,5225 2872,5225 2860,5225 2859,5226 2859,5227 2857,5229 2679,5229 2678,5228 2677,5228 2676,5228 2676,5227 2675,5225 2128,5225 2127,5224 2126,5224 2124,5223 2124,5222 2124,5221 2123,5221 2122,5220 1994,5220 1993,5221 1993,5283 1993,5283"/><TextEquiv index="1"><Unicode>“parle, comme elle nous conte des jolies</Unicode></TextEquiv></TextLine><TextLine id="r0_l021"><Coords points="4031,5469 4029,5468 4029,5433 4029,5432 3703,5432 3701,5434 3701,5435 3700,5436 3691,5436 3689,5435 3689,5434 3688,5432 3243,5432 3239,5428 3022,5428 3021,5429 3021,5430 3019,5432 2944,5432 2941,5435 2941,5436 2941,5436 2931,5436 2929,5435 2929,5434 2928,5432 2915,5432 2912,5430 2912,5429 2912,5428 2595,5428 2593,5430 2593,5431 2592,5432 2275,5432 2274,5432 2274,5431 2272,5428 2051,5428 2050,5429 2050,5430 2049,5431 2049,5432 2049,5432 2047,5432 2045,5431 2045,5430 2044,5428 1906,5428 1904,5427 1904,5426 1903,5424 1708,5424 1631,5424 1630,5425 1630,5435 1629,5436 1628,5436 1626,5438 1626,5443 1624,5445 1623,5445 1622,5446 1622,5456 1621,5457 1615,5457 1614,5458 1614,5459 1605,5468 1605,5469 1605,5469 1594,5469 1593,5469 1593,5468 1591,5465 1590,5465 1589,5465 1589,5425 1589,5424 1429,5424 1427,5423 1427,5422 1426,5420 1229,5420 1228,5421 1228,5422 1226,5424 1222,5424 1219,5422 1219,5421 1219,5420 903,5420 902,5419 901,5419 900,5419 900,5414 898,5411 897,5411 896,5411 896,5408 897,5407 898,5407 900,5405 900,5375 901,5374 902,5374 903,5373 904,5373 904,5373 904,5359 906,5357 907,5357 908,5356 908,5355 910,5353 1070,5353 1070,5353 1070,5351 1072,5349 1073,5349 1074,5348 1074,5347 1076,5345 1081,5345 1082,5344 1082,5343 1084,5341 1089,5341 1091,5339 1091,5338 1092,5337 1093,5337 1094,5336 1102,5336 1103,5335 1103,5334 1105,5332 1145,5332 1145,5332 1145,5288 1146,5287 1147,5287 1148,5286 1152,5286 1153,5285 1153,5284 1154,5283 1155,5283 1157,5281 1157,5280 1158,5279 1159,5279 1160,5278 1164,5278 1165,5280 1165,5281 1168,5283 1169,5283 1169,5284 1169,5285 1170,5286 1170,5331 1171,5331 1352,5331 1352,5331 1352,5310 1355,5307 1356,5307 1356,5307 1356,5306 1359,5303 1360,5303 1360,5303 1360,5298 1361,5297 1361,5296 1362,5295 1363,5295 1365,5293 1365,5292 1366,5291 1367,5291 1369,5289 1369,5288 1370,5287 1371,5287 1373,5285 1373,5284 1374,5283 1375,5283 1376,5282 1381,5282 1381,5282 1381,5281 1384,5278 1408,5278 1409,5279 1410,5279 1410,5280 1410,5281 1413,5283 1414,5283 1414,5284 1414,5285 1417,5287 1418,5287 1418,5288 1418,5332 1419,5332 1608,5332 1609,5334 1609,5335 1612,5337 1613,5337 1613,5338 1613,5339 1616,5341 1979,5341 1979,5341 1979,5288 1980,5287 1981,5287 1986,5282 1992,5282 1993,5283 1995,5283 1995,5284 1995,5285 1998,5287 1999,5287 1999,5288 1999,5289 2002,5291 2003,5291 2004,5293 2004,5341 2005,5341 2065,5341 2066,5343 2066,5344 2068,5345 2253,5345 2253,5345 2253,5293 2259,5287 2281,5287 2282,5289 2282,5294 2284,5295 2285,5295 2286,5297 2286,5341 2287,5341 2422,5341 2423,5343 2423,5344 2425,5345 2643,5345 2643,5345 2643,5296 2644,5295 2650,5295 2651,5294 2651,5293 2653,5291 2658,5291 2660,5289 2660,5288 2661,5287 2668,5287 2669,5286 2670,5286 2671,5287 2672,5287 2672,5288 2672,5334 2673,5334 2851,5334 2853,5332 2854,5332 2854,5332 2854,5319 2855,5318 2855,5317 2856,5316 2857,5316 2859,5314 2859,5305 2861,5303 2862,5303 2863,5302 2863,5301 2865,5299 2866,5299 2867,5298 2867,5297 2869,5295 2870,5295 2871,5294 2871,5293 2873,5291 2874,5291 2875,5290 2875,5289 2877,5287 2878,5287 2879,5286 2879,5285 2881,5283 2882,5283 2883,5282 2910,5282 2911,5283 2912,5283 2913,5285 2913,5345 2914,5345 3240,5345 3240,5345 3240,5298 3241,5297 3241,5296 3242,5295 3248,5295 3249,5294 3249,5293 3251,5291 3265,5291 3265,5292 3265,5293 3266,5294 3266,5345 3267,5345 3514,5345 3514,5346 3514,5349 3515,5349 3830,5349 3830,5349 3830,5347 3832,5345 3833,5345 3834,5344 3834,5342 3835,5341 4040,5341 4042,5339 4042,5338 4043,5337 4044,5337 4045,5336 4048,5336 4050,5339 4050,5340 4051,5340 4052,5340 4054,5343 4054,5395 4055,5395 4058,5395 4058,5396 4058,5406 4060,5407 4061,5407 4062,5409 4062,5410 4064,5411 4065,5411 4066,5413 4066,5414 4067,5415 4067,5421 4066,5422 4066,5423 4065,5424 4064,5424 4062,5426 4062,5431 4061,5432 4060,5432 4058,5434 4058,5439 4056,5441 4055,5441 4054,5442 4054,5448 4054,5448 4053,5448 4052,5449 4051,5449 4050,5450 4050,5456 4049,5457 4048,5457 4046,5459 4046,5464 4045,5465 4044,5465 4043,5466 4041,5468 4041,5469 4041,5469"/><TextEquiv index="1"><Unicode>„choſes; mais des choſes charmantes;</Unicode></TextEquiv></TextLine><TextLine id="r0_l022"><Coords points="905,5487 4068,5487 4068,5657 905,5657"/><TextEquiv index="1"><Unicode>„comme toute la famille eſt enchantée,</Unicode></TextEquiv></TextLine><TextLine id="r0_l023"><Coords points="905,5686 4068,5686 4068,5877 905,5877"/><TextEquiv index="1"><Unicode>“en l'écoutant, &amp; reſte la bouche ou-</Unicode></TextEquiv></TextLine><TextLine id="r0_l024"><Coords points="2399,6110 2398,6110 2398,6052 2398,6051 2142,6051 2141,6052 2141,6074 2140,6075 2139,6075 2137,6077 2137,6081 2136,6082 2136,6083 2135,6084 2127,6084 2126,6083 2125,6083 2124,6083 2124,6048 2123,6046 1955,6046 1954,6046 1954,6045 1953,6044 1953,6043 1953,6042 1536,6042 1535,6043 1535,6053 1533,6055 1532,6055 1531,6056 1531,6061 1529,6063 1528,6063 1526,6065 1526,6071 1526,6071 1520,6071 1518,6073 1518,6074 1516,6076 1515,6076 1514,6077 1514,6078 1513,6079 1512,6079 1511,6080 1496,6080 1495,6079 1494,6079 1493,6079 1493,6043 1493,6042 1387,6042 1385,6041 1385,6040 1384,6038 1290,6038 1289,6039 1289,6101 1289,6101 1275,6101 1274,6101 1274,6039 1274,6038 1112,6038 1111,6039 1111,6042 1111,6042 1101,6042 1099,6041 1099,6035 1099,6034 910,6034 908,6033 908,6032 907,6030 902,6030 900,6029 900,6027 899,6026 900,6025 900,6023 902,6021 903,6021 904,6020 904,5977 905,5976 906,5976 911,5971 953,5971 954,5970 954,5969 956,5967 987,5967 987,5967 987,5965 989,5963 990,5963 991,5962 991,5961 993,5959 994,5959 995,5958 995,5957 997,5955 1181,5955 1182,5954 1182,5953 1184,5951 1310,5951 1310,5951 1310,5950 1311,5949 1311,5948 1312,5947 1313,5947 1315,5945 1315,5944 1316,5943 1317,5943 1318,5942 1321,5942 1330,5951 1663,5951 1663,5952 1663,5953 1666,5955 2311,5955 2311,5955 2311,5915 2312,5914 2313,5914 2315,5912 2315,5911 2316,5910 2317,5910 2319,5908 2319,5907 2321,5905 2327,5905 2327,5905 2327,5904 2328,5903 2328,5902 2329,5901 2335,5901 2335,5902 2335,5903 2338,5905 2384,5905 2386,5908 2386,5909 2387,5909 2388,5909 2390,5912 2390,5959 2391,5959 2647,5959 2647,5959 2647,5953 2649,5951 2650,5951 2651,5950 2651,5945 2654,5942 2655,5942 2655,5942 2655,5933 2656,5932 2656,5931 2657,5930 2658,5930 2660,5928 2660,5927 2661,5926 2662,5926 2664,5924 2664,5923 2665,5922 2666,5922 2668,5920 2668,5919 2669,5918 2670,5918 2671,5917 2676,5917 2676,5917 2676,5916 2679,5913 2684,5913 2684,5913 2684,5912 2687,5909 2879,5909 2879,5909 2879,5908 2882,5905 2891,5905 2892,5907 2892,5908 2893,5908 2894,5909 2895,5909 2896,5911 2896,5963 2897,5963 3227,5963 3228,5965 3228,5966 3230,5967 3235,5967 3236,5968 3419,5968 3419,5968 3419,5920 3422,5917 3423,5917 3423,5917 3423,5916 3426,5913 3431,5913 3431,5913 3431,5912 3434,5909 3438,5909 3440,5912 3440,5913 3441,5913 3442,5913 3444,5916 3444,5967 3445,5967 3629,5967 3631,5970 3631,5971 3632,5971 3813,5971 3813,5971 3813,5953 3815,5951 3816,5951 3817,5950 3817,5941 3820,5938 3821,5938 3821,5938 3821,5929 3822,5928 3822,5927 3823,5926 3824,5926 3826,5924 3826,5919 3827,5918 3828,5918 3830,5916 3830,5915 3832,5913 3833,5914 3834,5914 3834,5915 3834,5916 3837,5918 3838,5918 3838,5919 3838,5933 3840,5934 3841,5934 3842,5936 3842,5937 3844,5938 3845,5938 3847,5941 3847,5946 3849,5947 3850,5947 3851,5949 3851,5955 3852,5955 3892,5955 3892,5956 3892,5959 3893,5959 3966,5959 3967,5961 3967,5962 3970,5964 3971,5964 3971,5965 3971,5966 3973,5967 3974,5968 3975,5968 3975,5969 3975,5970 3978,5972 3979,5972 3979,5973 3979,6017 3980,6017 4044,6017 4046,6020 4046,6021 4047,6021 4048,6021 4050,6024 4050,6025 4051,6025 4052,6025 4053,6026 4054,6026 4054,6027 4054,6049 4052,6051 4051,6051 4050,6052 4050,6062 4050,6062 4049,6062 4045,6066 4045,6067 4045,6067 4044,6067 4041,6070 4041,6071 4041,6071 4040,6071 4037,6074 4037,6075 4037,6075 4036,6075 4033,6078 4033,6079 4033,6079 4032,6079 4031,6080 4028,6080 4023,6075 4022,6075 4021,6075 4021,6052 4021,6051 3836,6051 3834,6053 3834,6054 3834,6054 3833,6054 3832,6055 3558,6055 3556,6057 3556,6058 3555,6059 3554,6059 3552,6058 3552,6057 3551,6055 3345,6055 3344,6056 3344,6066 3343,6067 3342,6067 3340,6069 3340,6070 3339,6071 3338,6071 3336,6073 3336,6074 3335,6075 3334,6075 3332,6077 3332,6078 3331,6079 3330,6079 3329,6080 3325,6080 3324,6081 3324,6082 3322,6084 3317,6084 3315,6086 3315,6087 3314,6088 3301,6088 3299,6087 3299,6060 3299,6059 3218,6059 3215,6057 3215,6056 3215,6055 2953,6055 2950,6053 2950,6052 2950,6051 2850,6051 2849,6050 2848,6050 2847,6050 2846,6049 2846,6048 2845,6046 2654,6046 2650,6050 2649,6050 2648,6051 2647,6051 2646,6050 2639,6050 2454,6050 2453,6051 2403,6051 2402,6052 2402,6110 2402,6110"/><TextEquiv index="1"><Unicode>“verte; comme elle eſt douce, honnête,</Unicode></TextEquiv></TextLine><TextLine id="r0_l025"><Coords points="2446,6312 2444,6311 2444,6310 2443,6308 2442,6308 2439,6306 2439,6305 2439,6304 2438,6304 2435,6302 2435,6301 2434,6299 2429,6299 2427,6298 2427,6259 2427,6258 2026,6258 2025,6259 2025,6268 2024,6269 2024,6270 2024,6270 2023,6270 2022,6271 2020,6273 2020,6274 2020,6274 2019,6274 2016,6277 2016,6278 2015,6279 2009,6279 2008,6280 2008,6281 2007,6282 2007,6283 2007,6283 2001,6283 2000,6284 2000,6285 1998,6287 1989,6287 1987,6286 1987,6285 1987,6284 1986,6283 1985,6283 1983,6282 1983,6255 1983,6254 1861,6254 1858,6252 1858,6251 1858,6250 1782,6250 1780,6249 1780,6248 1779,6246 1345,6246 1344,6247 1344,6248 1342,6250 1339,6248 1339,6247 1338,6245 1337,6245 1335,6244 1335,6242 1335,6241 1108,6241 1107,6242 1107,6299 1107,6299 1105,6299 1104,6300 1070,6300 1069,6299 1067,6299 1066,6299 1066,6298 1064,6295 1063,6295 1062,6295 1062,6294 1061,6293 1061,6238 1061,6237 910,6237 908,6236 908,6235 907,6234 907,6233 906,6233 904,6232 904,6231 904,6230 903,6229 902,6229 900,6228 900,6227 899,6226 899,6159 899,6158 897,6158 895,6157 895,6156 894,6154 893,6154 892,6154 892,6153 890,6150 889,6150 887,6149 887,6148 886,6146 827,6146 825,6145 825,6144 824,6142 823,6142 821,6141 821,6140 821,6139 820,6138 819,6138 816,6136 819,6133 857,6133 861,6129 870,6129 870,6129 870,6125 871,6124 871,6122 872,6121 878,6121 879,6123 879,6124 881,6125 882,6125 883,6126 883,6127 883,6128 885,6129 890,6129 891,6131 891,6136 894,6138 895,6138 895,6139 895,6140 896,6141 896,6145 898,6146 899,6146 900,6148 900,6221 901,6221 902,6221 904,6219 904,6185 906,6183 907,6183 908,6182 908,6181 910,6179 915,6179 916,6178 916,6177 918,6175 957,6175 957,6175 957,6174 960,6171 1064,6171 1066,6169 1066,6168 1067,6167 1068,6167 1070,6165 1070,6164 1071,6163 1072,6163 1074,6161 1074,6160 1076,6158 1177,6158 1177,6158 1177,6157 1180,6154 1261,6154 1261,6154 1261,6135 1262,6134 1263,6134 1265,6132 1265,6123 1267,6121 1268,6121 1269,6120 1269,6106 1270,6105 1271,6105 1275,6101 1290,6101 1290,6102 1290,6158 1291,6158 1504,6158 1506,6161 1506,6162 1507,6162 1771,6162 1771,6162 1771,6161 1774,6158 1791,6158 1792,6160 1792,6162 1793,6162 1873,6162 1874,6163 1875,6163 1875,6164 1875,6165 1878,6167 1883,6167 1883,6168 1883,6169 1886,6171 1887,6171 1887,6172 1887,6173 1890,6175 1891,6175 1891,6176 1891,6177 1894,6179 1895,6179 1896,6181 1896,6187 1897,6187 1898,6187 1899,6188 1900,6188 1900,6189 1900,6221 1901,6221 2132,6221 2132,6221 2132,6207 2133,6206 2133,6205 2134,6204 2135,6204 2136,6203 2136,6190 2139,6187 2140,6187 2141,6186 2141,6185 2143,6183 2144,6183 2145,6182 2145,6181 2147,6179 2152,6179 2153,6178 2153,6177 2155,6175 2156,6175 2157,6174 2157,6173 2159,6171 2228,6171 2228,6171 2228,6118 2229,6117 2235,6117 2236,6116 2236,6115 2238,6113 2346,6113 2347,6112 2348,6112 2348,6112 2348,6110 2349,6109 2352,6109 2353,6110 2402,6110 2405,6113 2406,6113 2406,6114 2406,6115 2409,6117 2410,6117 2410,6118 2410,6119 2411,6120 2411,6166 2412,6166 2565,6166 2566,6167 2568,6167 2568,6168 2568,6169 2571,6171 2799,6171 2801,6169 2801,6168 2802,6167 2803,6167 2804,6166 2810,6166 2811,6167 2812,6167 2813,6169 2813,6170 2814,6170 2815,6170 2816,6171 3024,6171 3025,6173 3025,6174 3027,6175 3032,6175 3033,6177 3033,6178 3035,6179 3036,6179 3037,6181 3037,6184 3038,6184 3213,6184 3214,6183 3215,6183 3215,6183 3215,6182 3218,6179 3227,6179 3228,6178 3228,6177 3230,6175 3389,6175 3389,6175 3389,6174 3390,6173 3390,6172 3391,6171 3394,6171 3394,6172 3394,6173 3395,6174 3395,6175 3396,6175 3717,6175 3717,6175 3717,6174 3718,6173 3718,6172 3719,6171 3874,6171 3876,6169 3876,6168 3877,6167 3878,6167 3879,6166 3921,6166 3921,6166 3921,6119 3923,6117 3924,6117 3925,6116 3925,6115 3927,6113 3932,6113 3933,6112 3933,6111 3935,6109 3969,6109 3970,6108 3975,6108 3975,6108 3975,6107 3978,6104 3982,6104 3983,6106 3983,6107 3984,6108 3984,6158 3985,6158 4044,6158 4046,6161 4046,6162 4047,6162 4048,6162 4050,6165 4050,6166 4051,6166 4052,6166 4054,6169 4054,6170 4055,6170 4056,6170 4059,6174 4059,6175 4060,6175 4061,6175 4063,6178 4063,6179 4064,6179 4065,6179 4067,6182 4067,6183 4068,6183 4069,6183 4071,6186 4071,6194 4069,6196 4068,6196 4067,6197 4067,6231 4065,6233 4064,6233 4062,6235 4062,6241 4062,6241 4057,6241 4056,6242 4055,6242 4054,6243 4054,6244 4052,6246 4047,6246 4046,6247 4046,6248 4044,6250 4043,6250 4042,6251 4042,6252 4040,6254 3886,6254 3884,6256 3884,6257 3883,6258 3732,6258 3731,6259 3731,6260 3729,6262 3728,6262 3727,6263 3726,6264 3726,6265 3725,6266 3703,6266 3701,6265 3701,6264 3700,6262 3313,6262 3312,6263 3312,6264 3311,6265 3311,6266 3311,6266 3308,6266 3307,6266 3307,6265 3306,6264 3306,6263 3306,6262 3048,6262 3046,6264 3046,6276 3045,6277 3045,6278 3044,6279 3043,6279 3041,6281 3041,6286 3040,6287 3039,6287 3037,6289 3037,6294 3035,6296 3034,6296 3033,6297 3033,6298 3032,6299 3027,6299 3025,6301 3025,6302 3023,6304 3022,6304 3021,6305 3021,6306 3019,6308 3011,6308 3010,6307 3009,6307 3008,6307 3008,6263 3008,6262 2873,6262 2871,6261 2871,6260 2870,6258 2803,6258 2800,6256 2800,6255 2800,6254 2574,6254 2572,6256 2572,6257 2571,6258 2511,6258 2510,6259 2510,6286 2509,6287 2508,6287 2506,6289 2506,6290 2505,6291 2504,6291 2503,6292 2502,6293 2502,6294 2501,6295 2500,6295 2498,6297 2498,6298 2497,6299 2496,6299 2493,6302 2493,6303 2493,6303 2492,6303 2489,6306 2489,6307 2488,6308 2479,6308 2476,6311 2476,6312 2476,6312"/><TextEquiv index="1"><Unicode>“prévenante, obligeante; comme elle</Unicode></TextEquiv></TextLine><TextLine id="r0_l026"><Coords points="3426,6524 3423,6522 3423,6471 3423,6470 3268,6470 3265,6468 3265,6467 3265,6466 1793,6466 1792,6467 1792,6517 1792,6517 1789,6517 1788,6517 1788,6458 1788,6457 1607,6457 1605,6456 1605,6455 1604,6453 1587,6453 1584,6451 1584,6450 1584,6449 1072,6449 1070,6448 1070,6447 1069,6445 1068,6445 1066,6444 1066,6442 1066,6441 907,6441 906,6440 905,6440 904,6440 904,6430 906,6428 907,6428 908,6427 908,6389 911,6386 912,6386 912,6386 912,6385 915,6382 953,6382 954,6381 954,6380 956,6378 961,6378 962,6377 962,6376 964,6374 1070,6374 1070,6374 1070,6372 1072,6370 1081,6370 1082,6369 1082,6368 1084,6366 1160,6366 1161,6365 1161,6364 1163,6362 1364,6362 1364,6362 1364,6342 1364,6341 848,6341 846,6340 846,6339 846,6338 845,6337 844,6337 842,6336 842,6335 841,6334 841,6324 842,6323 842,6322 844,6320 1364,6320 1364,6320 1364,6315 1365,6314 1365,6313 1366,6312 1367,6312 1369,6310 1369,6309 1370,6308 1375,6308 1376,6307 1377,6307 1377,6307 1377,6306 1380,6303 1565,6303 1566,6304 1576,6304 1576,6305 1576,6306 1579,6308 1580,6308 1580,6309 1580,6310 1583,6312 2144,6312 2145,6314 2145,6315 2147,6316 2148,6316 2149,6318 2149,6320 2150,6320 3264,6320 3266,6323 3266,6324 3267,6324 3281,6324 3282,6326 3282,6362 3283,6362 4045,6362 4046,6364 4046,6365 4048,6366 4049,6366 4050,6368 4050,6369 4052,6370 4057,6370 4058,6372 4058,6373 4060,6374 4065,6374 4066,6376 4066,6377 4067,6378 4067,6394 4069,6395 4070,6395 4071,6397 4071,6398 4070,6399 4069,6399 4066,6402 4066,6428 4066,6428 4065,6428 4062,6431 4062,6440 4062,6440 4061,6440 4059,6442 4058,6443 4058,6444 4057,6445 4052,6445 4045,6452 4045,6453 4045,6453 3886,6453 3884,6455 3884,6456 3883,6457 3799,6457 3797,6459 3797,6460 3796,6461 3745,6461 3743,6463 3743,6464 3742,6465 3692,6465 3691,6466 3690,6466 3689,6467 3689,6468 3687,6470 3603,6470 3602,6471 3602,6472 3600,6474 3466,6474 3465,6475 3465,6476 3465,6476 3463,6478 3462,6478 3461,6479 3461,6488 3460,6489 3460,6490 3460,6490 3459,6490 3456,6493 3456,6498 3455,6499 3454,6499 3452,6501 3452,6506 3451,6507 3450,6507 3449,6508 3448,6509 3448,6510 3447,6511 3446,6511 3445,6512 3444,6513 3444,6514 3443,6515 3442,6515 3440,6517 3440,6518 3439,6519 3434,6519 3431,6522 3431,6523 3431,6523 3430,6523 3429,6524"/><TextEquiv index="1"><Unicode>“rend ſervice à tout le monde; comme</Unicode></TextEquiv></TextLine><TextLine id="r0_l027"><Coords points="2640,6735 2639,6735 2639,6734 2634,6729 2634,6728 2634,6727 2633,6727 2630,6725 2630,6674 2630,6673 2309,6673 2307,6675 2307,6676 2306,6677 2304,6677 2303,6677 2303,6676 2301,6673 2217,6673 2216,6673 2216,6672 2215,6671 2215,6670 2215,6669 1981,6669 1978,6672 1978,6673 1978,6673 1632,6673 1630,6672 1630,6666 1630,6665 1110,6665 1107,6663 1107,6662 1107,6661 1094,6661 1093,6660 1092,6660 1091,6660 1091,6659 1089,6656 1088,6656 1087,6656 1087,6655 1085,6652 922,6652 921,6652 921,6651 919,6648 906,6648 904,6647 904,6629 906,6627 907,6627 908,6626 908,6625 910,6623 911,6623 912,6622 912,6592 914,6590 915,6590 916,6589 916,6588 918,6586 919,6586 920,6585 920,6584 922,6582 923,6582 924,6581 953,6581 953,6581 953,6580 955,6578 1088,6578 1089,6577 1090,6577 1091,6576 1091,6575 1093,6573 1098,6573 1099,6572 1099,6571 1101,6569 1161,6569 1161,6569 1161,6522 1164,6519 1165,6519 1165,6519 1165,6518 1168,6515 1173,6515 1173,6515 1173,6514 1176,6511 1239,6511 1240,6513 1240,6569 1241,6569 1504,6569 1506,6572 1506,6573 1507,6573 1775,6573 1775,6573 1775,6530 1778,6527 1779,6527 1779,6527 1779,6523 1780,6522 1780,6521 1782,6519 1787,6519 1789,6517 1850,6517 1852,6515 1903,6515 1904,6517 1904,6518 1906,6519 1911,6519 1912,6521 1912,6573 1913,6573 1981,6573 1990,6582 2219,6582 2219,6582 2219,6531 2220,6530 2220,6529 2221,6528 2244,6528 2244,6529 2244,6531 2245,6532 2245,6582 2246,6582 2450,6582 2452,6580 2452,6579 2453,6578 2456,6578 2456,6579 2456,6580 2458,6581 2528,6581 2529,6582 2530,6582 2531,6584 2531,6586 2532,6586 2792,6586 2792,6586 2792,6538 2794,6536 2812,6536 2813,6538 2813,6539 2814,6540 2815,6540 2816,6540 2817,6542 2817,6547 2820,6549 2821,6549 2821,6550 2821,6552 2822,6553 2822,6586 2823,6586 2944,6586 2946,6584 2946,6583 2947,6582 3157,6582 3157,6582 3157,6539 3158,6538 3158,6537 3159,6536 3227,6536 3228,6535 3228,6534 3230,6532 3314,6532 3315,6534 3315,6590 3316,6590 3609,6590 3609,6590 3609,6589 3610,6588 3610,6587 3611,6586 3746,6586 3747,6585 3747,6584 3749,6582 3750,6582 3751,6581 3879,6581 3880,6580 3880,6579 3881,6578 3882,6578 3884,6576 3884,6575 3886,6573 4024,6573 4025,6572 4025,6571 4027,6569 4037,6569 4037,6569 4037,6568 4042,6563 4042,6562 4043,6561 4045,6561 4046,6563 4046,6564 4048,6565 4061,6565 4062,6567 4062,6568 4064,6569 4065,6569 4067,6572 4067,6573 4068,6573 4069,6573 4071,6576 4071,6577 4072,6577 4073,6577 4075,6580 4075,6581 4077,6582 4078,6582 4079,6584 4079,6619 4080,6619 4091,6619 4091,6620 4091,6621 4092,6622 4092,6625 4091,6626 4091,6627 4091,6627 4089,6627 4087,6629 4087,6639 4086,6640 4072,6640 4071,6641 4071,6646 4070,6647 4070,6648 4070,6648 4069,6648 4066,6651 4066,6652 4066,6652 4056,6652 4054,6654 4054,6655 4052,6657 4051,6657 4050,6658 4050,6659 4048,6661 3910,6661 3909,6662 3909,6664 3909,6664 3908,6664 3907,6665 3807,6665 3805,6667 3805,6668 3804,6669 3753,6669 3751,6671 3751,6672 3750,6673 3741,6673 3739,6675 3739,6676 3738,6677 3503,6677 3502,6678 3502,6693 3502,6693 3501,6693 3498,6696 3498,6705 3497,6706 3496,6706 3494,6708 3494,6713 3493,6714 3492,6714 3491,6715 3490,6716 3490,6717 3488,6719 3487,6719 3485,6721 3485,6722 3484,6723 3483,6723 3481,6725 3481,6726 3480,6727 3475,6727 3473,6729 3473,6730 3472,6731 3467,6731 3464,6729 3464,6728 3464,6727 3463,6727 3460,6725 3460,6682 3460,6681 3288,6681 3286,6680 3286,6679 3285,6677 3064,6677 3063,6678 3063,6679 3062,6680 3062,6681 3062,6681 3059,6681 3058,6681 3058,6680 3057,6679 3057,6678 3057,6677 2690,6677 2689,6678 2689,6721 2687,6723 2686,6723 2684,6725 2684,6726 2683,6727 2661,6727 2660,6728 2660,6729 2659,6730 2659,6731 2659,6731 2645,6731 2643,6733 2643,6734 2642,6735"/><TextEquiv index="1"><Unicode>“elle travaille mieux qu'une Fée; comme</Unicode></TextEquiv></TextLine></TextRegion></Page></PcGts>