4266 8351
2151 452 2775 671 .
861 712 4039 928 -C'eſt poſitivement ce qui me fe-
865 918 4031 1131 “roit fuir, lui répondis - je; vos deſ-
856 1128 4031 1340 “ſeins, ſi vous en avez, ne peuvent être
852 1326 4019 1550 “honnêtes, & je dois m'y ſouſtraire.“
852 1528 4027 1749 Il a cherché à juſtifier ſes deſſeins, d'un
856 1730 4023 1945 ton qui étoit bien loin d'être perſuaſif,
852 1945 4023 2155 & qui m'ennuyoit à l'excès. Tout-à-coup,
856 2147 4027 2362 un beau jeune homme eſt entrée, & il a
852 2349 4031 2571 fait diverſion à mon ennui. C'étoit le
857 2555 4027 2767 fils de la maiſon, Monſieur l'Abbé Guillau.
861 2757 4031 2980 Il m'a vue du premier coup-d'œil; & il
877 2967 4027 3182 couroit à moi pour m'embraſſer d'abord;
877 3177 4031 3380 mais il a ſenti qu'il devoit commencer par
877 3379 4027 3590 ſon père & ſa mère. Il s'eſt hâté de
869 3581 4031 3794 remplir ce devoir, vis-à-vis d'eux & de
865 3787 4031 3973 ſa ſœur. Enfuite il s'eſt écrié: „Quelle
873 3989 4031 4198 “eſt cette belle enfant que vous avez là?
869 4191 4039 4406 “Ce n'eſt pas une payſane, c'eſt un
873 4389 4039 4596 “Ange.“ -- „C'eſt une nouvelle fille
877 4591 4039 4806 “dont j'avons fait emplette, dit le
877 4806 4031 5008 “père, c'eſt une ſeconde ſœur que je
885 5012 4031 5215 „t'avons donné.“ -- „Oh! ma petite
873 5201 4035 5420 “ſœur, s'eſt - il écrié, en ſe précipitant
873 5412 4031 5618 “ſur moi, que je vous embraſſe de
869 5618 4023 5829 “tout mon cœur! Que je ſuis heureux,
877 5820 4023 6035 “que je ſuis glorieux, de faire une ſi
877 6022 4027 6238 „charmante acquiſition! ... Ah! Mon-
881 6224 4027 6418 „ſieur le Chevalier, votre ſerviteur très-
885 6424 4028 6638 “humble; félicitez-moi donc.“ Mon-
