4266 8061
1395 734 2280 965 r.
243 958 3263 1167 ſieur le Chevalier eſt ſorti en fronçant
170 1159 3263 1364 le ſourcil, & en diſant à demi-voix: „Je
168 1356 1965 1556 “ſuis compromis ici.“
412 1548 3271 1750 Le fils de la maiſon n'a pas paru fâché
231 1745 3271 1944 de ſon départ. Il a demandé, plus en
219 1938 3275 2138 détail, qui j'étois, & par quel bonheur
223 2130 3409 2331 j'étois tombée des nues, dans leur cabane.
235 2327 3267 2524 Avec ma permiſſion, on lui a raconté
247 2522 3255 2717 mon hiſtoire. „Mon Dieu, s'eſt-il écrié,
254 2712 3267 2909 “que je ſuis heureux d'être venu dans
247 2913 3267 3110 “cette circonſtance! mais regardez la
248 3105 3271 3304 “donc bien tous. Sentez - vous tout ſon
251 3299 3271 3491 “mérite comme moi?“ Le père ne pa-
239 3487 3263 3694 roiſſoit pas charmé qu'il le ſentît ſi fort.
239 3683 3275 3887 „Oh! reprenoit le fils, je dois me joindre
258 3872 3267 4079 “à vous, pour faire les honneurs du logis
239 4069 3271 4275 “à cette belle perſonne. Je dois vous
235 4267 3294 4464 “aider, pour lui procurer des agrémens
239 4458 3283 4660 “dans ce ſéjour. Je ne le quitte pas, tant
184 4655 3271 4852 “qu'elle y reſte.“ -- „Oui, oui, diſoit
258 4840 3275 5046 “le père, entre ſes dents, tu verras de-
270 5040 3275 5249 “main matin, ſi tu dois reſter ſi long-
279 5289 1023 5439 “temps.“
353 5429 3271 5634 On fit, pour l'arrivée du fils de la
270 5626 3275 5834 maiſon, les mêmes réjouiſſances que pour
278 5819 3283 6023 la mienne: on bût, on chanta, l'on
282 5992 3287 6211 danſa; & il ne me laiſſa danſer qu'avec
298 6200 3279 6411 lui. Il y alloit de toute ſon ame. Enfin
290 6393 3279 6629 l'heure de ſe retirer vint; il me quitta
