4266 8011
1122 733 1933 920 i
190 961 3167 1183 Il m'invitoit à l'imiter, & je ne riois pas
190 1160 2750 1356 tout-à-fait de ſi bon cœur que lui.
361 1355 3175 1523 Nous arrivâmes à la ville, & bientôt
195 1547 3172 1742 au logis de Monſieur Saget, le Philoſophe.
170 1741 3175 1934 Nous le demandâmes; on nous fit entrer.
178 1931 3183 2124 Je vis un homme entre deux âges, d'aſſez
186 2119 3186 2310 bonne mine; mais de la plus grande ſim-
205 2313 3186 2513 plicité, & d'une bonhommie unique.
221 2500 3194 2698 „Ah! bon jour, compère Guillau, s'é-
222 2699 3234 2891 “cria-t-il, en nous appercevant. Hé bon
226 2891 3191 3086 “Dieu! qu'eſt-ce que cette belle enfant?
140 3086 3195 3279 “où menez-vous cela?“ -- „Chez vous,
229 3278 3190 3471 “répondit Guillau.“ -- „Comment,
229 3463 3202 3658 “chez moi? je le vois bien; mais pour-
234 3663 3304 3850 “quoi?“ -- „Ne m'avez-vous pas dit
225 3849 3198 4045 “de vous amener un petit bout de fille,
225 4043 3206 4239 “pour faire votre ménage? hé bien! je
201 4235 3206 4436 “vous l'amenons.“ -- „Vous badinez
213 4422 3210 4609 “sûrement; vous m'amenez une Demoi-
217 4612 3210 4814 “ſelle. Cela eſt trop joli cent fois. Je vous
256 4811 3206 5002 “avois demandé une fille pour me ſervir;
265 5007 3211 5163 “mais cela...!“ -- „Oh! ne vous effa-
268 5201 3202 5397 “rouchez pas, c'eſt ce qu'il vous faut.“
252 5395 3210 5593 - „Mais je ne peux pas commander
283 5583 3214 5783 “mille choſes à une Demoiſelle comme
264 5777 3209 5978 “cela.“ -- „Allons, reprit Guillau,
295 5968 3222 6175 “c'eſt ce qu'il vous faut; je vous l'ai
307 6163 3210 6374 “amenée pour ça, & il ne faut pas que
279 6358 3222 6534 “vous me la laiſſiez ſur les bras.“ --
