4266 7916
1053 724 1804 950 i
160 945 3075 1194 ſpect. „O! mon oncle, dit-il, qu'eſt-
160 1182 3071 1382 “ce que cette jolie payſanne que vous
179 1382 3074 1571 “avez là?“ -- „Mon neveu, ce n'eſt
187 1565 3067 1765 “point une payſanne; vous la verrez
313 1757 3071 1951 demain en habit de ville.“ -- „Elle eſt
187 1944 3262 2138 “charmante ſous celui-ci. Elle ſera di-
198 2136 3094 2329 “vine ſous l'autre.“ -- „Je ſuis de votre
198 2327 3071 2496 “avis, mon neveu.“ -- „Mon oncle,
198 2519 3078 2711 “on vient de m'apprendre que vous avez
194 2707 3071 2903 “une gouvernante; ce n'eſt pas, ſans
198 2894 3442 3067 “doute, Mademoiſelle.“ -- „Pardon-
195 3095 3079 3263 “nez - moi, mon neveu. C'eſt elle-
199 3275 3076 3440 “même.“ -- „Mon oncle, elle eſt faite
202 3461 3075 3661 “pour être une Reine. Oſez-vous vous
225 3653 3067 3844 faire ſervir par de ſi belles mains.?“
397 3840 3079 4038 „Mon neveu, vous voudrez bien
317 4032 3075 4228 nous faire grace de tous vos jolis pro-
259 4223 3067 4416 pos; je n'aurois pas autant de plaiſir
248 4407 3071 4600 à les écouter, que vous à les débiter.“
298 4595 3075 4791 eci n'empêcha pas le neveu de m'ac-
267 4775 3071 4981 bler d'un tas de complimens ou de
271 4963 3078 5174 deurs, qui ne me plaiſoient pas tant
301 5158 2512 5362 ue la bonhommie de ſon oncle.
317 5346 3078 5556 Une nouvelle viſite vint rendre la
298 5537 3079 5742 verſation plus piquante. Nous vîmes
397 5740 3324 5932 ter un beau jeune - homme, c'étoit
367 5912 3079 6124 l'Abbé Guillau. „Ah, cruelle! me
367 6093 3078 6312 dit-il tout bas, je vous ai donc enfin
386 6276 3090 6508 écouverte!“ Alors il tira ſa révérence,
2190 6506 2500 6686 Gii
