4266 8976
2344 825 2888 1028 r
912 1079 4266 1306 d'abord très - cordialement à l'oncle, en-
912 1303 4267 1527 ſuite beaucoup plus froidement au neveu.
916 1522 4267 1740 Les deux perſonnages le ſaluèrent comme
916 1737 4267 1958 il les avoit ſalués. Il dit à l'oncle qu'ily
916 1952 4268 2176 avoit long-temps qu'il deſiroit de venir lui
925 2172 4268 2391 rendre ſes reſpects: „Cruelle! ajoutont-
921 2389 4269 2611 “il tout bas, en me preſſant le genou,
925 2606 4269 2831 “avez-vous pu m'abandonner ſi bruſque-
925 2821 4270 3036 “ment?“ Il s'étoit aſſis à mon côté
938 3036 4270 3266 droit; le neveu de M. Saget s'aſſit à mon
943 3254 4271 3476 côté gauche, & il l'obſervoit d'un l
943 3469 4271 3695 perçant & courroucé. Les deux rivau
946 3685 4272 3915 commençoient à ſe toiſer des yeux.
947 3913 4272 4125 troiſième entre, & regarde les deux autr,
955 4116 4273 4351 d'un air preſque menaçant; c'étoit M.
965 4330 4273 4570 Chevalier de Poupincour. Il fut obl
965 4561 4274 4786 de ſaluer l'oncle, & de lui dire qu
956 4775 4274 4999 deſiroit de le voir depuis long-temps.
965 4987 4275 5209 bon-homme ne ſavoit ce qui lui attir
965 5196 4275 5437 tant de viſites; mais il ne doit pas tar
966 5431 2147 5594 à le découvrir.
1197 5620 4276 5871 Je vois que ces trois rivaux v
973 5822 4276 6087 troubler ma vie, & m'empêcher de teſt
960 6065 4277 6302 chez cet honnête-homme, juſqu'à cequ
969 6275 4277 6513 je me délivre de mon fardeau. Et qua
969 6490 4278 6733 même je pourrois reſter chez lui juiqu
973 6708 4278 6956 ce moment, comment faire alors? cor
965 6915 4279 7135 ment lui dévoiler mon funeſte ſecret
960 7134 4279 7409 comment m'expoſer à perdre ſon eſtim
