4266 8185
718 102 959 188 V
1377 650 1866 852 i
-47 825 3183 1105 fortune, ne leur plaira peut-être pas,
-46 1078 3183 1305 mais ils aiment leur fils unique, il ne
-44 1277 3187 1498 voudront pas le mettre au tombeau. Mais
-43 1477 3187 1699 d'ici à ce temps-là comment faire? L'a-
-42 1677 3179 1896 mour me dévore. Je mourrai ſi l'on me
-40 1868 3183 2094 refuſe Aurore, je mourrai ſi on me la
-39 2088 1705 2321 fait trop attendre.
1413 2790 1818 2929 Suite.
-32 3134 3179 3415 on Dieu! qu'eſt-ce que j'apprends,
-31 3367 3199 3568 mon cher ami? Mon pere & ma mère
-29 3546 3195 3763 ſont de retour à Breſt; ils vont paſſer
-28 3750 3195 3962 par Paris. Je vole au - devant d'eux,
-27 3945 3199 4156 & je reviens avec eux & leur conſente-
-26 4146 3195 4356 ment pour mon mariage. Je prends la
-24 4349 3195 4573 poſte dans le moment, & je pars pour
-23 4546 487 4773 Breſt.
-18 5161 2996 5409 Céſar de Perlencour, à Dumoulin.
-17 5437 269 5644 t
-16 5645 3195 5874 J'at rejoint, mon cher ami, les chers
-14 5862 3203 6076 auteurs de mes jours; je dis chers, malgré
-13 6039 3195 6271 les chagrins qu'ils ne craignent pas de
-12 6250 3195 6479 e donner. J'avois bien beſoin d'accourir
-11 6449 3203 6675 u-devant d'eux! Ils mont reçu, à la
2176 6675 2576 6819 G iv
