4266 8241
242 913 3377 1120 n'aurai jamais d'autre épouſe que ma
242 1119 3373 1324 chère Belle-en-Deuil; mais comment la
234 1318 3377 1530 poſſéder? Il faut que j'attende l'âge de
23 1517 3373 1737 trente ans. Encore douze ſiècles juſques-
226 1716 3381 1922 là. Non, je ne pourrai attendre ſi long-
226 1919 3377 2122 temps. Je mourrai, ou je poſſéderai cette
218 2122 1635 2322 incomparable fille.
223 2317 3373 2525 Je ſuis revenu à Paris, ſeul, accablé,
40 2520 3369 2715 déſeſpéré. Je n'ai pas encore dit, à ma
43 2691 3373 2914 belle Aurore, qui je ſuis; elle me croit
272 2919 2432 3126 toujours un ſimple graveur.
1656 3731 2071 3877 Suite.
248 4011 714 4140 L
230 4140 3519 4371 e Chevalier Marqué eſt venu me voir;
84 4355 3357 4566 il eſt parvenu à ſe faire ſupporter dans
84 4555 3356 4762 mon appartement. Je l'ai reçu, & ne
230 4753 3446 4960 l'ai pas mis à la porte. Il m'a demandé
56 4932 3352 5161 le ſujet de mon chagrin. Je le lui ai
242 5155 3348 5372 confeſſé. „Hé bien, m'a-t-il dit, en quoi
242 5358 3348 5566 “vos affaires ſont-elles déſeſpérées? On
238 5561 3336 5765 “ne veut pas vous laiſſer contracter un
247 5764 3344 5963 “mariage réel. Hé bien, il faut en con-
242 5962 3344 6167 “tracter un faux.“ -- „Comment mal-
251 6161 3356 6367 “heureux! un faux? Voilà bien un conſeil
247 6364 3344 6564 “du Chevalier Marqué.“ -- „Oui,
157 6563 3361 6766 “ſans doute, je m'en vante; car c'eſt
2415 6775 2968 6986 Gv
