4266 8170
1475 596 1976 792 5.
-47 826 3306 1065 “roient nuls, tant que cette fauſſeté
-46 1031 3576 1263 “ſeroit ignorée? Vous n'avez donc pas
-45 1233 3306 1461 “d'autre parti à prendre. Regardez bien;
-43 1435 3318 1660 “tournez - vous de tous les côtés, &
-42 1636 3314 1861 “retirez-vous de ce pas-là. Vous ferez
-41 1834 3318 2058 “tout ce qui dépendra de vous; le ma-
-39 2040 3314 2253 “riage ſera vrai de votre côté; vous
-38 2237 3310 2453 “donnerez votre conſentement réel à
-37 2439 3314 2650 “une liaiſon légitime; tout ce qui man-
-35 2636 3359 2855 “quera à cette union, ſera la faute de
-34 2842 3310 3056 “vos parens; & il n'y manquera plus rien,
-33 3044 3310 3254 “quand vous aurez le pouvoir d'y ajou-
-31 3253 3278 3465 “ter tout ce qui pourra y manquer.“
317 3443 3302 3661 Qu'en dis-tu, mon ami? Ces raiſon-
-29 3638 3298 3881 nemens ſont ſpécieux, ce me ſemble.
-27 3846 3298 4062 Je ne ſais qu'y répondre, &, s'ils ne
-26 4040 3294 4247 me venoient pas de la part du Chevalier
-25 4235 3298 4454 Marqué, je crois que je les admettrois
-24 4431 3431 4656 ſans difficulté. En effet, Aurore ſera ma
-22 4645 3286 4851 véritable épouſe, quand je pourrai l'é-
-21 4847 3290 5049 pouſer; mais il ne faut pas que je meure
-20 5044 3290 5254 en attendant. Je puis me répondre de la
-18 5245 3282 5456 légitimité de mes vues. „Mais, ai-je dit
-17 5451 3282 5654 “au Chevalier Marqué, quand même
-16 5645 3290 5859 “je voudrois contracter un faux ma-
-15 5846 3289 6062 riage, comment m'y prendre? où
-13 6047 3290 6258 “trouver des Miniſtres pour cette ſcé-
-12 6246 3294 6460 “lérateſſe?“ -- „Les Miniſtres ſont
-11 6446 3298 6685 “bien aiſés à trouver. On fait un plan;
2023 6646 2689 6867 Gvv
