4266 8075
1437 634 1931 825 L.
353 859 3230 1075 Je ne répondis rien au fourbe. „Vous
182 1067 3230 1271 “vous faites des monſtres de tout, pour-
186 1258 3230 1453 “ſuivit - il. Vous êtes encore ſans expé-
174 1457 3214 1665 “rience; vous avez, ſous vos mains,
166 1652 3230 1856 “un homme qui en a; &, au lieu de
150 1855 3254 2056 “lui donner votreconfiance, vous vous
39 2043 3226 2253 “amuſez à le quereller. Morbleu! dans
158 2234 3234 2441 “ce monde - ci, pour tirer parti de ſa
162 2433 3230 2644 “ſituation, il faut s'entendre. Il faut
170 2628 3222 2833 “qu'ily ait de l'harmonie entre les
170 2833 3226 3035 “hommes, & alors tout va. Vous avez
166 3027 3230 3233 “encore les préjugés de la province, & du
162 3230 3258 3426 “cinq cents; „mais cela n'eſt pas juſte,
170 3421 3202 3622 “dites - vous; cela n'eſt pas honnête.“
78 3612 3222 3820 „Ces prétendus honnêtes - gens ſont ſi
162 3811 3246 4015 “bornés!.... Ils n'ont qu'un côté pour
10 4007 3219 4211 “voir les choſes, il n'ont qu'un chemin
11 4205 3218 4405 “pour procéder. Si on les écoutoit, on
11 4401 3214 4600 “ne feroit jamais rien, & le monde
10 4592 2831 4780 “entier feroit un cul-de-ſac.“
10 4784 3210 4987 Je ſuis ſorti, ſans répondre un mot
10 4980 3214 5186 au Chevalier. Je ne ſavois ſi je devois
10 5186 3202 5391 admettre ſon projet, qui me paroiſſoit
10 5381 3206 5591 répugner. à ma délicateſſe. Je l'aurois
11 5577 3194 5782 peut-être rejeté; mais je rencontrai, le
11 5771 3298 5981 ſoir, le Comte de Rouéville. Je m'aviſai
10 5967 3238 6178 de lui parler de mon projet; il m'offrit,
11 6158 3194 6377 ſur-le-champ, ſon château. „Tous mes
11 6365 3278 6567 “gens vous ſerviront, me dit-il. Ils ſont
