4266 8123
1185 639 1844 882 r5o
119 871 3390 1087 “ce comble de généroſité!“ -- „C'eſt
119 1076 3390 1281 “moi, leur ai-je répondu, qui ſerai au
111 1276 3193 1453 “comble du bonheur.“ -- „Ah, ciel!
109 1474 3190 1679 “mon cher fils, a repris le père, je
104 1678 3193 1880 “vous l'accorde de tout mon cœur. Mon
91 1873 3193 2076 “Dieu! bénis ce bon jeune-homme, qui
99 2072 3197 2278 “daigne faire la conſolation de ma
99 2265 3197 2472 “vieilleſſe, qui veut bien être mon fils,
115 2470 3197 2668 “quand il eſt un Dieu pour moi.“ --
135 2662 3201 2875 „Oh! mon cher fils, s'eſt écrié la mère,
123 2863 3201 3044 “ô! notre bien-aimé, notre ſauveur, ô
11 3064 3205 3268 “rendez heureuſe ma fille, & ſoyez-le
135 3265 3205 3463 “par elle. Ma fille, aime bien cet hon-
132 3454 3205 3659 “nête garçon, qui a tiré de priſon ton
123 3656 3209 3861 “père & ta mère & toi - même, qui
119 3856 3209 4005 “nous ſoutient & nous donne de beaux
123 4057 3209 4255 “jours, ſur le bord de notre tombeau.“
115 4250 3213 4456 Elle n'en a pu dire davantage, elle étoit
119 4446 3217 4654 ſuffoquée par l'excès de la joie. Pour
131 4647 3213 4854 moi je rougiſſois intérieurement de tant
131 4844 3213 5054 d'éloges & de bénédictions, que je mé-
140 5045 3209 5255 ritois ſi peu. Quanr à ma chère Aurore,
148 5242 3209 5457 elle ne pouvoit parler. Elle verſoit de
152 5439 3213 5653 douces larmes, des larmes de joie, qui
11 5644 3209 5856 couloient juſques dans mon cœur, & qui
11 5838 3213 6054 y portoient le remords. Elle ſe laiſſa
11 6049 3213 6250 tomber dans mes bras, puis, à genoux,
11 6230 3205 6415 les mains élevées au ciel: „O mon Dieu!
16 6444 3210 6673 “tu le permets, dit-elle, tu veux bien
