4266 7960
2152 522 2772 753 (66
1005 731 3977 949 vérité eût jamais produit d'auſſi heureux
1009 943 3973 1146 effets que ce menſonge? Cependant je
1005 1141 3443 1346 me le reprochois intérieurement.
1278 1332 3966 1537 ſoute la famille s'eſt remiſe entre
1001 1526 3965 1723 mes mains. Nous allons partir au pre-
1001 1719 3962 1919 mier moment, &, ſous peu de jours,
997 1914 3942 2113 je me verrai l'époux de la belle Autore;
1005 2109 3958 2309 oui je dis ſon épeux; car ce ſera un
997 2301 3962 2503 véritable mariage, que je contracterai
1001 2499 3033 2647 dans le fond de mon cœur.
1310 3143 3537 3366 Le Comte de Rouéville,
1973 3503 3034 3713 à Frédégonde.
982 3770 3973 4280 vuv le eau e ai
986 4273 3965 4473 noiſſance d'un petit Ceſar de Perlencour,
986 4445 3966 4658 qui eſt fort gentil. Je m'intéreſſe à lui;
974 4648 3969 4843 mais il a beſoin d'une leçon. Il eſt d'une
646 4839 3969 5047 ſuffiſance & d'une fatuité ſingulières. Je
993 5030 3969 5240 lui prête mon château de Rouéville pour
989 5233 3969 5436 une rouerie. Il va bientôt partir pour s'y
970 5424 3962 5624 rendre avec une de ſes victimes; mais,
982 5619 3966 5827 avant ſon départ, je veux qu'il ſoit
705 5810 3965 6017 myſtifié. Charge toi de cette beſogne,
974 6005 3977 6407 ſute iei eppeie, pouo ee ſeeoudi,
