4266 8046
-15 662 3337 891 ton agent ordinaire, le Chevalier Mar-
-15 869 3340 1085 qué, ce frippon ſubalterne, dont la figure
-14 1063 3340 1279 m'ennuie, & que tu fais ſauver quand
-14 1260 3337 1486 je paroîs. Il a, dis-tu, peu d'eſprit; mais
-14 1458 3344 1676 on en a toujours aſſez pour faire du
-13 1655 3344 1874 mal. Votre petit bon-homme ſe croit un
-13 1849 3348 2249 on ee aliſes oreeppaa l ddeſa oon
-12 2223 3333 2447 lui des tours, & tendez lui des pièges
-11 2439 3340 2641 relatifs à ces trois qualités. Faites - lui
-11 2628 3340 2835 faire des bévues des trois genres. Prenez
-11 2830 3340 3218 aee le iile qa entita saiiees ieeu
-10 3200 3329 3418 les, ſoyez de miſérables copiſtes, ſi vous
-9 3411 3337 3614 n'avez pas le génie de l'invention. La
-9 3601 3333 3811 récompenſe eſt au bout. Gagnez votre
-8 3803 3325 4002 vie, malheureux, en tourmentant celle
-8 4000 1044 4219 des autres.
458 4703 3131 4901 Frédégonde, au Chevalier Marqué.
-5 5151 3329 5374 Je t'envoie la lettre du Comte de Roué-
-5 5368 3329 5571 ville. Tu vois qu'il faut myſtifier le petit
-5 5521 3328 5766 bon-homme, avant ſon départ. C'eſt un
-4 5754 3325 5962 nouveau petit Poinſinet; il faut le trai-
-4 5956 3321 6167 ter comme cet ancien Poëtereau. Je vais
-3 6160 1656 6419 imaginer, exécute.
