4266 7971
377 826 3391 1037 nible génie, pour l'exécuter. Mérite d'être
171 1029 2107 1250 appelé mon bras droit.
362 1213 3391 1421 Sur - tout ne paroiſſons pas là dedans,
135 1401 3395 1618 ni toi, ni moi. Le petit Monſieur ſe
381 1603 3395 1801 méfieroit de nous. Trouve des frippons
385 1798 3110 1994 ſubalternes, qui travaillent ſous toi.
484 2510 3310 2701 Le Chevalier Marqué, à Frédégonde.
401 3001 3419 3213 J'ai travaillé ſur-le-champ d'après ton
378 3192 3419 3398 plan, & je te ferai voir que j'ai plus
409 3391 3419 3592 d'eſprit qu'on ne croit. J'ai trouvé deux
405 3582 3419 3783 inſtrumens ſubalternes; j'ai fabriqué des
405 3770 3423 3978 lettres, des patentes, que ſais-je moi? &
417 3969 3423 4177 le petit bon-homme eſt déjà, en idée,
417 4160 3430 4357 Patriarche de Babylone, & Miniſtre-Gé-
417 4352 2181 4496 néral du Roi de Pruſſe.
636 5032 3240 5212 Céſar de Perlencour, à Dumoulin.
465 5340 906 5467 L
409 5457 3442 5691 Je ſuis ſur le point de quitter Paris,
448 5673 3442 6076 omes aeamrs ſ puitiine aau
338 6069 3450 6276 mon départ. Je vais te raconter du nou-
