4266 7834
1313 797 4175 1018 “cette marque de mon eſtime pour
1332 1010 4163 1202 “lui. Ce jeune-homme, fait pour la
1333 1196 4159 1435 “galanterie & pour le plaiſir, ſera peut-
1325 1388 4148 1580 “être effarouché de ſe voir devenu tout-
1294 1572 4140 1770 “à-coup Eccléſiaſtique, & même Evêque.
1321 1769 4133 1956 “Un jeune conquérant, commeélui
1321 1952 4125 2146 “ne voudra pas quitter l'épée & le
1325 2142 4121 2332 “plumet. Il ne les quittera pas pout
1321 2332 4114 2522 “cela; vous le ſavez bien vous-même,
1321 2510 4110 2712 “& vous pouvez l'en aſſurer. Un Evêque
1325 2696 4102 2900 “in partibus n'eſt obligé à aucune fonc-
1314 2868 4099 3090 “tlon pontificale, que dans ſon Diocèſt
1291 3084 4114 3273 “Il n'eſt Eccléſiaſtique que là, & encore
1306 3270 4091 3464 “ne l'eſt-il qu'en ſecret; par-tout ail-
1283 3456 4091 3653 “leurs, il eſt parfaitement Laïc, &
1306 3645 4091 3840 “il en a toute la liberté. Notre petit
1310 3836 4091 4029 “Céſar continuera donc, quoique mon
1268 4003 4087 4219 “Coadjuteur, d'être le plus aimibl
1222 4197 4091 4402 “des Militaires, l'idole du beau ſexe
1275 4380 4083 4587 “& le héros du-jour; & il ſera libre
1268 4581 4076 4773 “d'ailleurs, de ſuivre-toutes les autres
1306 4763 4072 4968 “carrières qu'il ſe propoſoit d'embraſſet.
1306 4965 4076 5156 “Il pourra, tout au plus, quand il n'auna
1302 5143 4080 5341 “rien de mieux à faire, venir dans
1272 5329 4083 5529 quelques années, faire une apparition
1264 5514 4083 5719 chez nous, & diſtribuer des bénédie-
1272 5697 4076 5905 “tions à nos pauvres Babyloniens, qu
1287 5884 4034 6101 “le prendront pour-un Ange habillée
1291 6078 4007 6283 “Evêque. Il faut lui fixer un petit h
3555 6264 4049 6416 “norail
