4266 7847
2188 598 2673 786 i
1066 830 4271 1038 u ſens, mon cher ami, combien j'ai
937 1017 4268 1220 dû être émerveillé de cette lettre. Rien
903 1214 4209 1407 de plus flatteur aſſurément; mais, quoi-
929 1406 3900 1612 qu'elle chatouillât mon amour - propre,
922 1595 3896 1794 j'ai cru y reconnoître une exagération qui
929 1786 4266 1982 m'a inſpiré des doutes, & m'a fait craindre
937 1978 3900 2169 que ce ne fût un tour qu'on vouloit me
922 2172 3892 2363 jouer. „Se peut-il, me diſois-je, qu'on
735 2359 3892 2555 “ait, ſur mon compte, des idées ſi
666 2552 3892 2748 “exaltées: moi qui n'ai encore produit,
929 2740 3884 2934 “au grand jour, rien d'eſſentiel?“
922 2924 3892 3134 Mais l'Abbé, qui me préſentoit cet écrit,
929 3118 3904 3317 avoit l'air ſi honnête, ſi ſimple, quoi-
929 3309 3896 3509 qu'Italien..... D'ailleurs, quel intérêt
933 3499 3896 3695 auroit-il de me tromper? Enfin, il m'a
929 3694 3896 3896 fait voir les patentes & tous les papiers
929 3884 3892 4080 néceſſaires, munis du ſceau des armoiries
933 4071 3892 4269 de l'Evêque. Tout eſt en forme. On m'a
937 4266 3888 4459 nommé le Banquier qui doit me payer, &
941 4451 3896 4647 qui va m'avancer une année, c'eſt-à-dire,
929 4638 3896 4832 cent mille francs. Je crois ce que je
628 4826 3881 5026 touche. Cette affaire eſt extraordinaire;
925 5017 3884 5212 mais j'ai peine à la croire ſujette à au-
918 5207 3884 5407 cun doute. J'ai demandé du temps pour
914 5396 3869 5599 réfléchir. Moi Evêque, moi Patriarche,
918 5588 3869 5783 Cardinal & Pontife, & toujours Cava-
906 5779 3862 5979 lier ſur le pavé de Paris! En vérité, je
903 5966 3850 6161 n'en reviens pas. Qu'en dis-tu, mon
906 6157 3839 6359 ami? Mande-moi ce que tu en penſes,
902 6351 2420 6565 pour me déterminer,
