4266 8068
2228 744 2720 921 r.
1236 1169 3621 1366 Monſieur le Baron de L**,
941 1511 3976 1697 à Monſieur le Baron de , Ambaſ-
1094 1751 3987 1948 ſadeur Extraordinaire de Sa Majeſté
1141 1991 1929 2148 Pruſſienne.
3235 2271 3676 2397 Berlin.
1268 2683 3476 2881 MMonsieurle Baron,
1144 3124 3982 3324 „La réputation extraordinaire du jeune
940 3321 3975 3520 “Céſar eſt venue juſqu'à nous. Nous
943 3518 3974 3715 “avons appris, avec étonnement, qu'il
944 3711 3971 3912 “y avoit en France un jeune-homme
940 3907 3971 4110 “parfaitement beau, qui, dans l'âge des
940 4100 3959 4303 “plaiſirs, cultivoit, à la fois, la Politique,
940 4297 3971 4496 “les Armes, la Philoſophie, les Arts, &
943 4494 3959 4691 “tout ce qui eſt du reſſort de l'eſprit
940 4683 3955 4887 “humain. Sa Majeſté a conçu le deſir
947 4880 3955 5078 “d'acquérir ce prodige du ſiècle „Voilà
943 5076 3947 5266 “ce qu'il me faut, a dit le Roi, &
936 5269 3947 5470 “ce que je cherche depuis long-temps en
940 5462 3935 5664 “vain. J'ai beſoin de quelqu'un qui
943 5651 3931 5856 “réuniſſe les talens aux graces; qui me
940 5852 3935 6055 “faſſe des partiſans, d'abord par les agré-
951 6049 3931 6248 “mens de ſon extérieur, & qui enſuite les
940 6241 3931 6466 “enchaîne par tout le charme de ſon
940 6427 3935 6655 “eſprit. Ce jeune Céſar ſeul eſt fait
