4266 8039
265 853 3294 1066 “pour réunir tous ces avantages. J'ai
261 1057 3306 1259 “lu avec ſurpriſe, avec extaſe, les plans
250 1253 3588 1454 “de Gouvernement qu'il a tracés. Je
261 1449 3302 1647 “ne puis concevoir comment on néglige
250 1644 3310 1837 “d'en profiter dans le Royaume qui les
250 1836 3314 2029 “a vu naître. Quoi qu'il en ſoit, ce jeune-
246 2028 3310 2228 “homme peut m'être utile ou plutôt
101 2223 3306 2422 “eſſentiel, pour établir & pour étendre
112 2416 3302 2613 “l'empire ſecret univerſel, que je veux
265 2612 3302 2810 “me faire dans l'Europe, & même dans
269 2804 3314 3004 “le monde entier, s'il eſt poſſible. Cet
269 3000 3318 3196 “Empire paiſible, & utile aux hommes
277 3196 3306 3390 “qu'il doit tendre à réunir, ne ſera
234 3384 3310 3584 “point le prix du ſang; mais celui des
277 3581 3310 3780 “talens, du génie & des graces. Notre
269 3772 3306 3976 “petit héros Céſar en ſera le plus grand
269 3968 3306 4215 “propagateur. Sa beauté, ſes talens, ſon
269 4156 3314 4356 “eloquence perſuaſive gagneront & en-
257 4360 3310 4552 “chanteront tous les cœurs. Gagnez-
273 4544 3310 4744 “moi ce jeune-homme, à quelque prix
285 4740 3314 4932 “que ce ſoit. Je le fais mon Miniſtre
294 4933 3311 5131 “univerſel du monde qu'il doit me con-
199 5130 3314 5326 “quérir, & mon Général d'armée; car
301 5323 3306 5520 “je ſais qu'il a une prodigieuſe valeur,
308 5519 3306 5714 “& que Mars, dans lui, s'unit avec
312 5707 3310 5910 “Vénus. De Paris, qui eſt le rendez-
320 5907 3310 6108 “vous de tous les perſonnages les plus
324 6096 3314 6302 “célèbres, il pourra me ſoumettre l'Uni-
261 6299 3306 6476 “vers. Traitez avec lui, comme avec
2433 6496 2813 6684 Hii
