4266 7993
1400 426 1885 606 r3.
152 648 3179 852 paſſé le Cordon de l'Ordre du Roi de
159 848 3171 1050 Pruſſe. Il y avoit en haut une Tribune,
159 1043 3179 1243 d'où pluſieurs Dames ont vu les deux
97 1235 3186 1435 réceptions. J'entendois rire, je crois, de
151 1426 3179 1630 temps en temps; mais on étouffoit les
140 1618 3179 1818 ris, ſans doute par reſpect; ou bien tout
136 1821 3186 2014 cela ne ſeroit qu'un tour qu'on me joue-
136 2010 3183 2205 roit, ce qui ſeroit très - mortifiant pour
141 2209 466 2343 moi.
324 2397 3187 2589 Au milieu de toutes mes grandeurs,
144 2592 3183 2790 je ne ſuis pas très - content. J'avois plus
151 2783 3190 2985 de mille écus, & je n'ai pas le ſou à
148 2975 3202 3175 préſent. Il a fallu que je faſſe mes géné-
151 3170 3190 3362 roſités aux gens des deux Miniſtres, &
148 3358 3190 3605 l'on ne ſe preſſe pas de me compter les
151 3558 3198 3750 cent mille ecus, qu'on m'avoit promis.
151 3745 3186 3949 Cependant je ſuis reçu avec de grands
151 3941 3194 4143 reſpects, dans les maiſons où l'on eſt inſ-
140 4133 3182 4324 truit de la double fortune qui m'eſt arrivée.
159 4332 3186 4525 Tout le monde ſe lève, & l'on attend,
151 4520 3198 4727 pour ſe raſſeoir, que j'en donne la per-
155 4718 3194 4916 miſſion; mais je crois toujours entrevoir
155 4911 3198 5107 un ſourire imperceptible; & pluſieurs
155 5102 3206 5303 jeunes perſonnes, qui ſe ſauvent en pa-
159 5298 3210 5498 roiſſant étouffer, ne s'éclipſent peut-être
159 5482 2330 5689 que pour aller rire à leur aiſe.
328 5819 2691 5952 Suis-je, ſans le ſavoir, la fable de l'armée?
325 6089 3160 6289 On me parle de m'initier dans de grands
