4266 7969
947 795 4279 1006 doute, je me ſuit dit: „Je ne riſque
955 994 4278 1205 “rien de leur donner des coups de
959 1184 4278 1401 “canne. Ils en ont aſſez mérité de ma
963 1381 4278 1583 “part.“ En conſéquence, je me ſuis
955 1579 4277 1782 jeté à corps perdu ſur eux, &, à grands
955 1775 4271 1973 coups de canne, je leur ai fait reprendre
951 1969 4269 2162 le chemin par où ils étoient venus. Je
947 2158 4276 2362 les ai entendu tomber ſous la trappe. Ils
951 2354 3947 2548 ſe ſont ſans doute démis quelques mem-
959 2548 3939 2747 bres. Pendant cette exécution, j'ai en-
955 2742 4272 2941 tendu de grands éclats de rire, qui ne
951 2937 4274 3135 venoient plus d'eux; mais de quelques
951 3127 4273 3331 autres ſpectateurs cachés. Pour eux, ils
951 3317 3920 3520 pouſſoient des cris, qui paroiſſoient beau-
959 3519 4273 3724 coup amuſer tout le monde, juſqu'au
947 3706 4273 3920 Docteur lui - même. Je ne ſuis pas du
955 3904 3166 4122 moins aujourd'hui leur dupe.
1053 4591 3867 4799 Le Comte e Rouéville, à Frédégonde.
943 5109 3932 5310 a dernière myſtification du petit jeune-
951 5304 4269 5500 homme m'a vraiment amuſé. Elle ne
943 5495 4269 5700 me promettoit pas grand-choſe. Le petit
947 5683 4268 5889 Monſieur faiſoit l'incrédule; mais, quand
947 5887 4268 6080 tu as paru avec le Chevalier Marqué,
951 6067 4267 6275 c'eſt-là le plaiſant. Vous faiſiez tous deux
955 6257 4267 6477 une grimace ſi comique ſous les coups de
