4266 7831
2101 499 2562 679 i
868 727 3816 923 tiner & de le tourmenter pour me venger
655 918 3808 1112 de lui. Procurons lui auſſi un copieux
651 1105 3808 1323 relâchement qui le faſſe courir, & ter-
880 1295 3267 1444 mine la fête comme il le mérite.
1132 1994 3653 2173 Céſar de Perlencour, à Dumoulin.
887 2321 1181 2445 L
887 2430 3820 2646 n a voulu me rendre inviſible. Je
887 2634 3823 2825 n'avois pas grande foi à cette inviſibilité.
887 2820 3835 3011 Je n'étois pas fort tenté de recevoir cet
892 3012 3836 3195 avantage qu'on m'offroit avec tant d'inſ-
895 3198 3835 3393 tances & de bonne volonté. C'eſt toujours
883 3385 3823 3582 le même Docteur qui fait les miracles:
895 3575 3839 3755 „Mais, Monſieur, lui ai-je dit, com-
891 3770 3839 3958 “ment pouvez - vous me rendre invi-
883 3953 3843 4153 “ſible?“ -- „En détournant de vous,
891 4147 3839 4339 “a-t-il répondu, les rayons de lumière
891 4330 3846 4517 “qui vous frappent.“ -- „Je ſens bien,
887 4516 3846 4707 “ai-je repris, que ſi les rayons ceſſent
891 4700 3843 4896 “de frapper ſur moi, l'on ne me verra
891 4891 3843 5085 “plus; mais alors je ſerai comme une
891 5078 3842 5272 “ombre, je cacherai toujours ce qui
895 5268 3835 5464 “ſera derrière moi, & l'on verra, comme
887 5455 3850 5654 “un corps noir, qui ſe promènera dans
887 5642 3835 5846 “la chambre.“ -- „Pardonnez - moi,
891 5835 3839 6027 “m'a répliqué le Docteur. J'empêcherai
895 6019 3835 6222 “la lumière de vous frapper; mais je
