4266 8139
1462 638 1957 840 i
-2 878 3274 1094 “la ferai ftapper les objets qui ſeront
-2 1091 3277 1291 “derrière vous. Pour qu'on voie un objet,
-2 1287 3277 1492 “il faut qu'il y ait un rayon de commu-
-3 1486 3426 1696 “nication qui aille de cet objet à l'œil,
-3 1684 3277 1894 “& qui affecte cet organe. Or, je ferai
-4 1881 3281 2088 “enſorte que les rayons, qui partiront des
-4 2079 3290 2277 “objets que vous cacherez, ſe courbent
-5 2273 3290 2487 “& ſe ſéparent en paſſant auprès de
-5 2473 3298 2680 “vous, des deux côtés, ſans vous tou-
-5 2674 3290 2880 “cher, & viennent frapper les yeux des
-6 2867 3298 3080 “ſpectateurs; par ce moyen, il y aura
-6 3072 3298 3270 “communication de lumière entre ces
-7 3269 3302 3469 “objets qui ſeront derrière vous, & nos
-7 3466 3302 3667 “yeux. Nous verrons donc tous ces
-8 3667 3298 3868 “corps, & nous ne verrons pas le
-8 3865 947 4077 “vôtre.“
377 4057 3301 4267 Ce raiſonnement me paroiſſoit aſſez
-9 4238 3306 4489 plauſible. Il annonçoit un homme qui
-9 4455 3306 4660 avoit, du moins, quelqu'idée de phy-
-10 4651 3310 4854 ſique. Reſtoit à ſavoir comment cet homme
-10 4852 3310 5054 pourroit courber les rayons, pour les
-11 5049 3310 5251 faire paſſer auprès de moi ſans me tou-
-11 5250 3318 5454 cher. „C'eſt l'affaire des verres, me dit-
-11 5447 3306 5653 “il. Ne connoiſſez-vous pas les ſecrets
-12 5643 3302 5853 “de la dioptrique & de la catoptrique?
-12 5845 3302 6050 “Ne ſavez-vous pas qu'avec des verres,
-13 6038 3302 6242 “on peut rendre les rayons convergens
-13 6236 3297 6448 “ou divergens, comme on veut?“ Le
-14 6432 3305 6662 drôle ſait rendre ſon hypothèſe vraiſem-
