4266 7939
1616 527 2094 706 (
185 747 3378 992 poings impatiens de travailler ſur ſon
-2 946 3378 1141 odieuſe face. Elle fut bientôt imitée par
208 1139 3378 1351 pluſieurs autres femmes, &, brûlé d'un
-10 1332 3378 1543 côté, conſpué de l'autre, je ſentois bouillir
-13 1528 3385 1748 mon ſang, naturellement très - combuſ-
-9 1733 721 1911 tible.
542 1907 3374 2117 Cependant on rioit beaucoup, & je
-12 2113 3374 2311 n'en voyois pas trop le ſujet, à moins
0 2303 3374 2511 que ce ne fût de moi, quoiqu'on parût
224 2497 3370 2694 ignorer que j'êtois - là. Bientôt l'infâme
-6 2662 3362 2890 Frédégonde, après ſa ſalive, fit tomber,
-10 2845 3482 3080 ſur moi, des coups de poings. Elle ba-
-10 3071 3475 3270 dinoit avec tout le monde, & frappoit
-10 3261 3366 3474 autour d'elle; mais toujours de façon
-6 3451 3374 3654 que les coups tomboient ſur moi. Je ron-
-9 3645 3370 3887 geois, en ſecret, mon frein, & je ſentois
-8 3842 3362 4039 que la patience alloit m'échapper. „Ne
-8 4033 3366 4232 “ſerois-je point, me diſois-je, le jouet de
-7 4227 3358 4436 “toute cette canaille?“ Enfin je reçus,
-7 4414 3362 4627 de l'imprudente, un ſoufflet éclatant, qui
-7 4611 3362 4815 me fit voir mille lumières. Alors je n'y
-6 4801 3370 5003 puis - plus tenir. Je ſaute ſur la malheu-
-6 4995 3374 5201 reuſe, &, à coups de pieds, à coups de
-1 5189 3366 5402 poings, avec la rapidité d'un éclair,
348 5379 3378 5573 je me venge ſur elle de tous les affronts,
-3 5577 3378 5767 volontaires ou non, que je viens de re-
-4 5767 3374 5982 cevoir. Elle hurloit, & tout le monde
-4 5957 3378 6168 éclatoit de rire plus fortement à ſes dé-
-3 6151 3389 6403 pens, qu'on n'avoit fait peut - être aux
689 6352 1469 6499 Tome Ii.
