<PcGts xmlns="http://schema.primaresearch.org/PAGE/gts/pagecontent/2017-07-15" xmlns:xsi="http://www.w3.org/2001/XMLSchema-instance" xsi:schemaLocation="http://schema.primaresearch.org/PAGE/gts/pagecontent/2017-07-15 http://schema.primaresearch.org/PAGE/gts/pagecontent/2017-07-15/pagecontent.xsd"><Metadata><Creator>User123</Creator><Created>2020-10-17T17:12:52</Created><LastChange>2020-10-17T17:12:52</LastChange></Metadata><Page imageFilename="0206.png" imageHeight="7913" imageWidth="4266"><TextRegion id="r0" type="paragraph" orientation="0.375"><Coords points="1,1 4264,1 4264,7911 1,7911"/><TextLine id="r0_l001"><Coords points="1628,481 2229,477 2230,666 1629,670"/><TextEquiv index="1"><Unicode>i.</Unicode></TextEquiv></TextLine><TextLine id="r0_l002"><Coords points="525,1317 3222,1299 3224,1521 527,1539"/><TextEquiv index="1"><Unicode>Dumoulin, à Céſar de Perlencour.</Unicode></TextEquiv></TextLine><TextLine id="r0_l003"><Coords points="1076,1567 1232,1566 1233,1718 1077,1719"/><TextEquiv index="1"><Unicode></Unicode></TextEquiv></TextLine><TextLine id="r0_l004"><Coords points="2726,1663 3079,1660 3081,1827 2727,1830"/><TextEquiv index="1"><Unicode>Lyon.</Unicode></TextEquiv></TextLine><TextLine id="r0_l005"><Coords points="457,2062 457,2061 457,2060 455,2059 454,2059 453,2057 452,1975 452,1975 418,1975 416,1974 415,1974 415,1974 415,1973 412,1970 411,1970 411,1970 411,1953 411,1952 412,1952 415,1950 415,1949 415,1948 416,1948 417,1947 433,1947 434,1947 434,1946 435,1944 572,1943 573,1943 573,1941 573,1940 579,1940 580,1941 580,1942 582,1944 587,1944 588,1945 588,1946 589,1947 639,1947 640,1948 641,1948 642,1948 642,1953 640,1955 632,1955 630,1957 630,1958 629,1959 628,1959 626,1961 626,1962 625,1963 588,1963 588,1964 588,1974 587,1974 586,1974 584,1977 584,1978 584,1978 555,1978 554,1979 554,1980 553,1981 553,1982 553,1982 552,1982 549,1985 549,1986 549,1986 548,1986 546,1988 546,1989 545,1990 520,1991 519,1991 519,1995 520,1996 749,1994 750,1996 750,1997 751,1997 752,1997 754,1999 754,2015 753,2017 516,2019 515,2019 515,2038 514,2039 515,2060 514,2061 473,2061 472,2062"/><TextEquiv index="1"><Unicode>L</Unicode></TextEquiv></TextLine><TextLine id="r0_l006"><Coords points="1053,2065 1052,2064 1051,2064 1051,2064 1052,2063 1051,1957 1051,1956 1229,1955 1231,1956 1231,1967 1231,1968 1345,1967 1347,1969 1347,1981 1349,1982 1353,1982 1355,1985 1355,2020 1357,2021 1358,2021 1358,2022 1358,2032 1358,2032 1160,2033 1159,2034 1160,2063 1159,2063 1158,2063 1157,2064"/><TextEquiv index="1"><Unicode></Unicode></TextEquiv></TextLine><TextLine id="r0_l007"><Coords points="1588,2276 1588,2275 1588,2221 1587,2221 1456,2221 1455,2220 1288,2221 1287,2220 1282,2221 1282,2220 1282,2219 1279,2217 1271,2217 1270,2216 927,2218 927,2218 927,2250 925,2252 924,2252 923,2253 923,2254 922,2255 921,2255 919,2257 919,2258 918,2259 917,2259 916,2260 912,2260 912,2260 912,2261 910,2263 901,2263 901,2264 901,2265 900,2266 900,2267 899,2267 897,2267 896,2266 896,2265 894,2263 889,2263 889,2263 889,2262 888,2261 888,2218 887,2217 829,2217 828,2216 824,2217 823,2215 823,2214 821,2213 731,2213 730,2212 473,2214 473,2214 473,2215 471,2217 466,2217 465,2218 465,2219 463,2221 462,2221 461,2222 461,2223 459,2225 454,2225 453,2226 453,2227 451,2229 446,2229 446,2229 446,2230 443,2233 402,2233 401,2232 400,2232 399,2231 399,2230 398,2229 397,2229 396,2228 396,2223 394,2221 393,2221 392,2220 392,2212 389,2209 388,2209 388,2209 387,2203 388,2202 388,2180 389,2179 390,2179 392,2177 392,2176 393,2175 394,2175 396,2173 396,2172 397,2171 402,2171 404,2169 404,2168 405,2167 406,2167 407,2166 407,2150 409,2148 410,2148 410,2148 411,2147 411,2146 413,2144 453,2144 453,2143 453,2103 455,2101 456,2101 457,2100 457,2062 457,2062 472,2062 473,2061 514,2061 515,2061 515,2128 516,2129 746,2127 747,2125 828,2124 829,2125 1034,2124 1035,2124 1035,2095 1035,2094 1036,2094 1039,2092 1039,2084 1040,2082 1041,2082 1042,2082 1042,2078 1043,2077 1043,2076 1043,2075 1044,2075 1047,2073 1047,2072 1047,2071 1048,2071 1050,2070 1050,2065 1050,2064 1052,2064 1053,2065 1054,2065 1055,2066 1055,2067 1055,2067 1056,2067 1058,2068 1058,2069 1059,2071 1060,2071 1062,2072 1062,2073 1062,2074 1063,2074 1066,2076 1066,2131 1067,2132 1270,2131 1270,2130 1270,2129 1271,2129 1272,2129 1273,2128 1458,2126 1458,2126 1458,2120 1459,2119 1459,2118 1459,2117 1460,2117 1461,2117 1462,2116 1462,2115 1463,2113 1464,2113 1467,2116 1467,2117 1467,2117 1580,2117 1581,2118 1603,2117 1605,2119 1605,2128 1606,2128 1611,2128 1612,2130 1612,2132 1613,2132 1809,2131 1809,2131 1809,2130 1810,2129 1811,2129 1813,2127 1813,2126 1814,2125 1815,2125 1817,2123 1817,2122 1817,2121 1818,2121 1820,2120 1820,2116 1826,2109 1830,2109 1832,2110 1832,2127 1833,2128 1891,2128 1892,2129 2117,2127 2117,2127 2117,2080 2117,2079 2118,2079 2119,2078 2123,2078 2125,2077 2125,2076 2125,2075 2130,2075 2132,2073 2132,2072 2133,2071 2134,2071 2136,2069 2136,2064 2137,2063 2138,2063 2140,2061 2140,2056 2140,2056 2141,2056 2144,2053 2144,2052 2144,2052 2145,2052 2146,2051 2149,2051 2152,2053 2152,2117 2152,2118 2323,2117 2325,2118 2325,2121 2326,2122 2466,2121 2468,2122 2540,2121 2541,2122 2675,2121 2675,2121 2675,2069 2676,2067 2677,2067 2678,2066 2679,2066 2679,2065 2680,2063 2820,2062 2823,2059 2835,2059 2837,2058 2837,2057 2838,2055 2839,2055 2841,2057 2841,2113 2841,2113 3036,2112 3037,2112 3037,2100 3038,2098 3039,2098 3041,2097 3041,2088 3042,2086 3043,2086 3045,2084 3045,2079 3045,2079 3046,2079 3049,2076 3049,2071 3049,2071 3050,2071 3066,2055 3194,2054 3197,2051 3201,2051 3203,2049 3202,2038 3205,2036 3213,2036 3214,2037 3215,2101 3215,2102 3263,2102 3264,2103 3282,2102 3284,2104 3284,2105 3284,2105 3285,2105 3288,2108 3288,2109 3288,2109 3289,2109 3291,2111 3291,2115 3293,2117 3294,2117 3295,2118 3295,2159 3296,2159 3375,2159 3376,2160 3376,2161 3378,2163 3398,2163 3399,2164 3399,2173 3398,2174 3398,2175 3389,2175 3388,2175 3388,2188 3387,2190 3385,2190 3383,2191 3384,2203 3381,2206 3380,2206 3380,2206 3380,2211 3378,2213 3377,2213 3376,2214 3376,2215 3374,2217 3373,2217 3373,2217 3373,2218 3370,2221 3369,2221 3369,2221 3369,2222 3366,2225 3361,2225 3361,2225 3361,2226 3358,2229 3355,2229 3354,2228 3353,2228 3353,2227 3353,2226 3351,2225 3339,2225 3338,2224 3337,2194 3337,2193 3121,2194 3120,2193 2876,2195 2873,2198 2710,2199 2710,2200 2710,2201 2708,2202 2537,2203 2534,2206 2463,2207 2463,2207 2463,2208 2462,2209 2449,2209 2448,2208 2202,2210 2202,2210 2202,2211 2200,2213 2126,2213 2125,2215 2125,2216 2123,2217 2121,2217 2121,2217 2121,2216 2117,2212 1906,2213 1905,2215 1905,2216 1903,2217 1899,2217 1898,2216 1887,2217 1886,2215 1886,2214 1884,2213 1667,2214 1666,2216 1666,2217 1665,2217 1652,2217 1651,2219 1651,2220 1649,2221 1593,2221 1593,2222 1593,2275 1592,2275"/><TextEquiv index="1"><Unicode>Je reçois toutes tes lettres à la fois,</Unicode></TextEquiv></TextLine><TextLine id="r0_l008"><Coords points="1230,2468 1229,2467 1229,2458 1229,2458 831,2460 830,2459 814,2460 812,2458 612,2459 611,2458 611,2406 610,2406 574,2406 573,2405 573,2404 571,2402 555,2402 554,2401 389,2402 388,2401 388,2400 386,2398 385,2398 384,2397 384,2392 383,2391 382,2391 380,2389 380,2388 380,2387 381,2387 382,2386 383,2386 384,2386 384,2385 385,2384 384,2327 386,2325 387,2325 387,2325 388,2324 388,2323 390,2321 395,2321 395,2321 395,2320 398,2317 406,2317 410,2313 453,2313 453,2312 453,2311 456,2309 1582,2302 1582,2301 1582,2279 1583,2279 1584,2279 1586,2276 1586,2275 1586,2275 2673,2267 2681,2259 3006,2257 3007,2256 3008,2256 3009,2255 3022,2255 3023,2256 3161,2255 3162,2256 3163,2256 3164,2257 3164,2259 3165,2260 3165,2303 3166,2303 3302,2302 3303,2304 3303,2305 3304,2305 3305,2305 3307,2308 3307,2309 3308,2309 3309,2309 3311,2312 3311,2321 3312,2321 3368,2321 3368,2321 3368,2322 3375,2329 3387,2329 3388,2330 3388,2331 3390,2333 3391,2333 3392,2334 3392,2341 3390,2344 3389,2344 3387,2345 3388,2349 3381,2356 3373,2356 3372,2357 3372,2358 3370,2360 3299,2360 3299,2361 3299,2382 3297,2383 3296,2383 3295,2385 3295,2386 3294,2386 3293,2386 3292,2387 2814,2391 2814,2391 2814,2392 2812,2394 2548,2395 2548,2396 2548,2401 2546,2402 2317,2404 2317,2404 2317,2427 2316,2429 1246,2436 1245,2436 1245,2442 1246,2443 3425,2429 3427,2431 3427,2432 3431,2436 3431,2436 1246,2451 1245,2451 1245,2467 1245,2468"/><TextEquiv index="1"><Unicode>mon pauvre ami. Ton Chevalier Mar-</Unicode></TextEquiv></TextLine><TextLine id="r0_l009"><Coords points="400,2691 400,2691 400,2690 399,2689 399,2684 398,2683 397,2683 396,2682 396,2678 393,2675 392,2675 392,2675 391,2576 390,2575 389,2575 388,2574 388,2566 385,2563 384,2563 384,2563 384,2558 385,2556 386,2556 388,2555 388,2531 389,2529 390,2529 391,2529 392,2528 392,2527 393,2525 398,2525 399,2525 399,2524 401,2521 402,2521 403,2521 403,2520 405,2517 406,2517 407,2517 407,2516 408,2514 409,2514 410,2513 425,2513 426,2513 426,2512 427,2510 592,2509 592,2509 592,2496 593,2495 594,2495 596,2493 596,2488 597,2487 598,2487 600,2484 600,2476 602,2475 603,2475 603,2474 603,2466 604,2465 604,2464 605,2464 606,2464 607,2462 607,2461 609,2460 610,2460 611,2459 3424,2441 3424,2440 3422,2438 3422,2437 3423,2437 3432,2436 3434,2439 3434,2443 3433,2444 755,2462 754,2462 755,2463 756,2463 758,2465 758,2466 759,2467 760,2467 761,2468 761,2469 763,2471 1870,2464 1871,2465 1871,2466 1872,2467 1873,2467 1874,2468 1874,2469 1876,2471 1877,2471 1878,2472 1878,2488 1879,2489 3383,2479 3384,2480 3384,2481 3385,2482 3386,2483 3387,2483 3388,2484 3388,2485 3390,2487 3391,2487 3392,2488 3392,2495 3391,2496 3392,2507 3389,2510 3388,2510 3388,2510 3388,2511 3385,2514 3384,2514 3384,2514 3384,2573 3382,2575 3343,2575 3342,2577 3342,2578 3341,2579 3104,2581 3103,2581 3103,2635 3103,2636 3102,2636 3099,2638 3099,2639 3099,2640 3098,2640 3097,2641 1729,2650 1728,2650 1728,2655 1727,2656 1727,2657 1727,2658 438,2666 436,2668 435,2668 434,2670 434,2671 433,2671 432,2671 431,2672 427,2672 427,2673 427,2674 425,2675 413,2675 412,2676 411,2676 411,2677 411,2678 409,2679 408,2679 407,2681 407,2686 405,2687 404,2687 404,2688 404,2689 401,2691"/><TextEquiv index="1"><Unicode>qué les avoit ſans doute retenues, pour</Unicode></TextEquiv></TextLine><TextLine id="r0_l010"><Coords points="1860,3038 1860,3037 1860,3036 1859,3036 1136,3040 1135,3039 1135,3034 1134,3034 1133,3034 1131,3031 1131,3027 1127,3023 1127,2983 1126,2983 985,2983 984,2982 858,2983 857,2982 681,2983 681,2983 681,2982 680,2981 680,2980 679,2979 527,2980 526,2979 448,2980 447,2979 446,2979 446,2979 446,2978 444,2976 374,2976 374,2976 374,2975 372,2973 372,2972 371,2972 370,2972 369,2970 368,2967 369,2966 369,2961 371,2960 380,2959 380,2959 380,2851 381,2850 380,2755 383,2752 384,2752 384,2752 384,2720 386,2717 387,2717 388,2717 388,2716 393,2710 394,2710 395,2710 395,2709 397,2706 409,2706 411,2705 411,2704 412,2702 529,2701 530,2701 530,2693 531,2691 532,2691 534,2690 533,2662 535,2660 599,2660 599,2660 599,2659 602,2656 610,2656 612,2658 612,2659 614,2661 721,2660 723,2662 723,2663 724,2664 2398,2653 2399,2652 2722,2650 2724,2648 2790,2648 2791,2646 2791,2645 2792,2645 2793,2645 2794,2644 2806,2644 2806,2643 2806,2642 2808,2641 2810,2641 2810,2641 2810,2642 2813,2645 2820,2644 2822,2647 2822,2648 2823,2648 2824,2648 2825,2650 2826,2690 2826,2690 3363,2687 3364,2687 3364,2688 3366,2691 3378,2691 3380,2692 3380,2693 3380,2694 3381,2694 3384,2696 3384,2697 3384,2698 3385,2698 3388,2700 3388,2750 3387,2751 3388,2916 3387,2918 3386,2918 3380,2923 3380,2931 3379,2933 3307,2933 3306,2934 3307,2963 3305,2964 3245,2965 3245,2965 3245,2966 3243,2968 3130,2968 3130,2969 3130,3017 3128,3018 3127,3018 3126,3020 3126,3021 3124,3022 3123,3021 3100,3022 3099,3020 3099,3019 3097,3018 3096,3018 3095,3016 3095,2992 3094,2992 1952,2999 1951,3001 1951,3002 1949,3003 1948,3003 1948,3004 1948,3005 1946,3006 1945,3006 1944,3007 1936,3007 1936,3008 1936,3009 1934,3010 1882,3011 1882,3011 1882,3028 1880,3030 1875,3030 1874,3031 1874,3032 1873,3033 1872,3033 1870,3035 1870,3037 1869,3038"/><TextEquiv index="1"><Unicode>es ſeuns lant jeiesa, e a eait laite ſit</Unicode></TextEquiv></TextLine><TextLine id="r0_l011"><Coords points="2994,3215 2991,3213 2991,3212 2991,3211 2990,3211 2987,3209 2987,3164 2986,3163 2853,3164 2852,3163 2597,3165 2596,3164 2514,3164 2513,3163 2445,3164 2444,3163 2283,3164 2282,3163 2106,3164 2105,3163 1907,3164 1903,3168 1902,3167 1894,3168 1894,3167 1894,3166 1891,3164 1535,3166 1535,3166 1535,3167 1534,3168 1444,3168 1443,3167 1409,3168 1408,3166 1408,3165 1406,3164 1236,3165 1235,3166 1235,3167 1234,3168 1147,3168 1146,3167 904,3169 904,3170 904,3171 902,3172 897,3172 896,3171 896,3170 894,3168 700,3169 700,3170 700,3171 698,3172 681,3172 681,3172 681,3168 680,3167 511,3169 511,3169 511,3170 509,3172 416,3172 415,3174 415,3175 413,3176 408,3176 407,3175 407,3174 405,3172 404,3172 404,3172 404,3171 403,3170 401,3168 400,3168 400,3168 400,3167 399,3166 399,3162 397,3160 396,3160 396,3160 396,3151 394,3149 393,3149 392,3148 392,3140 389,3137 388,3137 388,3137 388,3132 385,3129 384,3129 384,3129 383,3115 383,3114 382,3114 380,3113 380,3108 380,3107 375,3107 374,3107 374,3106 372,3104 372,3103 372,3103 371,3103 369,3101 369,3096 371,3095 372,3095 372,3094 372,3089 374,3087 387,3087 388,3086 388,3085 389,3084 390,3084 391,3083 401,3083 402,3084 499,3084 500,3085 500,3086 501,3087 506,3087 507,3088 611,3087 611,3086 611,3054 613,3053 634,3053 634,3052 634,3043 640,3037 655,3037 658,3039 658,3047 660,3049 661,3049 661,3049 661,3091 662,3092 831,3090 831,3090 831,3049 832,3048 834,3048 840,3041 844,3041 847,3039 847,3038 847,3037 859,3037 862,3040 862,3044 864,3045 865,3045 865,3046 865,3054 866,3054 1023,3053 1023,3054 1023,3055 1024,3055 1026,3057 1027,3057 1027,3058 1027,3059 1029,3060 1030,3060 1031,3062 1031,3068 1032,3068 1138,3067 1138,3067 1138,3041 1138,3040 1142,3040 1143,3041 1143,3067 1144,3067 1227,3067 1227,3066 1227,3050 1229,3049 1238,3049 1239,3050 1239,3051 1240,3052 1241,3052 1243,3054 1243,3059 1244,3060 1245,3060 1247,3062 1247,3063 1248,3064 1253,3064 1254,3065 1254,3086 1255,3087 1276,3087 1278,3089 1278,3090 1279,3091 1280,3091 1281,3092 1481,3090 1481,3090 1481,3048 1486,3043 1486,3042 1487,3041 1615,3040 1618,3037 1622,3037 1624,3036 1624,3035 1624,3034 1625,3034 1626,3033 1641,3033 1643,3035 1643,3036 1644,3037 1645,3037 1647,3039 1647,3040 1649,3041 1650,3041 1651,3043 1651,3080 1652,3080 1764,3079 1765,3080 1766,3080 1766,3081 1766,3082 1769,3084 1770,3084 1770,3085 1770,3087 1771,3087 1859,3087 1859,3086 1859,3038 1859,3038 1869,3038 1870,3038 1870,3050 1871,3051 1871,3086 1872,3087 1902,3086 1903,3087 1919,3087 1921,3090 1921,3091 1922,3091 1923,3091 1924,3093 1924,3097 1929,3101 2098,3100 2098,3100 2098,3055 2097,3053 2085,3053 2082,3051 2082,3047 2084,3045 2085,3045 2085,3045 2086,3044 2086,3043 2088,3041 2116,3041 2117,3040 2117,3039 2118,3037 2130,3037 2132,3038 2132,3039 2134,3041 2154,3041 2156,3043 2156,3044 2157,3045 2158,3045 2160,3047 2160,3048 2161,3049 2166,3049 2167,3050 2167,3059 2168,3060 2173,3060 2175,3062 2175,3083 2176,3084 2440,3082 2440,3081 2440,3043 2441,3042 2441,3041 2442,3041 2447,3041 2448,3039 2448,3038 2449,3037 2473,3037 2475,3035 2475,3034 2475,3034 2476,3034 2477,3033 2593,3032 2595,3030 2596,3030 2597,3029 2603,3029 2610,3035 2610,3079 2611,3080 2613,3080 2614,3081 2845,3079 2845,3079 2845,3043 2847,3041 2867,3041 2868,3043 2868,3060 2869,3060 2870,3060 2872,3063 2872,3080 2873,3080 3130,3078 3130,3078 3130,3039 3132,3037 3137,3037 3137,3037 3137,3036 3139,3033 3140,3033 3141,3033 3141,3032 3143,3029 3144,3029 3145,3029 3145,3028 3146,3026 3148,3026 3149,3027 3286,3026 3288,3028 3288,3029 3288,3029 3292,3029 3293,3030 3294,3030 3295,3031 3295,3032 3296,3033 3308,3033 3311,3036 3311,3037 3312,3037 3313,3037 3315,3040 3315,3044 3318,3047 3318,3080 3319,3080 3326,3080 3326,3081 3326,3082 3328,3083 3336,3083 3338,3086 3338,3099 3339,3099 3395,3099 3395,3099 3395,3106 3394,3107 3395,3117 3394,3118 3393,3118 3392,3119 3392,3123 3381,3134 3342,3134 3342,3135 3342,3155 3339,3157 3327,3157 3326,3159 3326,3160 3325,3160 3324,3160 3323,3161 3313,3161 3312,3160 3037,3162 3037,3163 3037,3210 3036,3211 3000,3211 2999,3212 2999,3213 2998,3214 2997,3214 2996,3215"/><TextEquiv index="1"><Unicode>venir la connoiſſance. Bon Dieu! qu'eſt-</Unicode></TextEquiv></TextLine><TextLine id="r0_l012"><Coords points="3224,3407 3223,3406 2746,3409 2745,3408 2745,3407 2745,3407 1992,3412 1991,3411 1991,3408 1991,3408 1476,3411 1474,3410 1474,3407 1474,3406 682,3411 681,3410 667,3411 665,3409 665,3408 664,3407 663,3407 661,3405 661,3368 661,3368 1,3372 0,3371 -1,3272 0,3271 0,3267 1,3267 1,3267 1,3273 1,3274 1354,3265 1354,3265 1354,3237 1355,3236 1355,3235 1356,3234 1357,3234 1358,3233 1358,3232 1360,3230 1919,3226 1923,3222 2570,3218 2572,3221 2572,3222 2573,3222 2655,3222 2656,3223 2656,3224 2658,3226 2659,3226 2659,3226 2660,3227 2660,3228 2662,3230 2663,3230 2664,3231 2664,3232 2665,3232 2666,3232 2666,3233 2666,3234 2668,3236 2668,3265 2669,3265 3367,3261 3368,3262 3369,3267 3369,3268 3370,3268 3372,3269 3372,3324 3373,3326 3382,3326 3384,3327 3384,3328 3382,3330 3381,3330 3380,3331 3380,3343 3375,3349 3363,3349 3361,3350 3361,3351 3360,3353 3239,3354 3238,3354 3238,3400 3237,3401 3237,3402 3237,3403 3236,3403 3233,3405 3233,3406 3233,3407"/><TextEquiv index="1"><Unicode>ce que tu m'apprends? Quoi! tu as pu</Unicode></TextEquiv></TextLine><TextLine id="r0_l013"><Coords points="3037,3603 3037,3603 3037,3600 3036,3599 1817,3607 1817,3607 1817,3606 1814,3603 1806,3603 1805,3602 1804,3551 1804,3550 442,3559 441,3560 442,3591 440,3592 435,3592 434,3594 434,3595 432,3596 424,3596 423,3595 423,3594 422,3593 422,3583 421,3582 0,3585 0,3584 0,3582 -1,3581 -2,3580 -3,3579 -3,3578 -4,3577 -4,3575 -5,3574 -5,3571 -6,3570 -6,3567 -7,3566 -7,3562 -8,3562 -9,3420 -8,3418 -8,3414 -7,3413 -7,3410 -6,3409 -6,3406 -5,3405 -5,3403 -4,3402 -4,3401 -3,3400 -3,3399 -2,3398 -2,3396 0,3394 0,3393 1,3393 1,3393 1,3416 1,3417 942,3411 942,3411 942,3412 945,3415 946,3415 946,3415 946,3416 947,3417 1277,3415 1279,3417 1997,3412 1999,3414 2749,3409 2751,3411 2755,3411 2759,3415 3295,3411 3295,3412 3295,3414 3297,3415 3298,3415 3298,3416 3299,3445 3299,3445 3362,3445 3365,3447 3365,3448 3365,3449 3366,3449 3369,3451 3369,3452 3369,3453 3370,3453 3372,3454 3372,3462 3374,3465 3375,3465 3376,3465 3376,3489 3376,3490 3621,3488 3622,3489 3622,3490 3624,3492 3624,3492 3625,3492 3626,3493 3626,3495 3625,3496 3377,3498 3376,3498 3376,3505 3378,3507 3379,3507 3380,3508 3380,3513 3379,3515 3378,3515 3376,3516 3376,3529 3376,3530 3371,3530 3359,3542 3305,3542 3303,3544 3303,3545 3303,3545 3302,3545 3301,3546 3045,3548 3044,3549 3045,3602 3044,3602 3039,3602 3038,3603"/><TextEquiv index="1"><Unicode>être imbécille à ce point, toi qui te crois</Unicode></TextEquiv></TextLine><TextLine id="r0_l014"><Coords points="2745,3794 2745,3793 2745,3789 2744,3789 2283,3792 2283,3792 2283,3791 2280,3788 657,3799 657,3798 657,3797 656,3797 469,3798 469,3797 469,3746 468,3746 385,3746 384,3745 384,3744 382,3742 378,3742 377,3741 377,3740 375,3738 374,3738 373,3738 373,3737 373,3736 370,3734 369,3734 369,3733 368,3732 367,3731 367,3730 367,3730 1,3732 0,3731 0,3644 0,3644 780,3639 781,3638 781,3615 781,3615 782,3615 786,3611 794,3611 796,3609 796,3608 797,3607 806,3607 807,3607 807,3608 807,3609 1013,3607 1016,3610 1598,3606 1599,3607 1603,3607 1604,3608 3105,3599 3107,3597 3107,3596 3107,3596 3126,3595 3127,3596 3132,3596 3134,3598 3134,3599 3135,3600 3136,3600 3137,3601 3137,3602 3138,3603 3138,3631 3138,3631 3355,3630 3357,3631 3357,3632 3358,3634 3359,3634 3361,3635 3361,3717 3360,3718 3361,3740 3359,3742 3358,3742 3357,3743 3357,3744 3355,3746 3350,3746 3349,3748 3349,3749 3347,3750 2748,3754 2748,3754 2748,3793 2747,3794"/><TextEquiv index="1"><Unicode>tant d'eſprit! Ah! mon pauvre Céſar!</Unicode></TextEquiv></TextLine><TextLine id="r0_l015"><Coords points="2081,3989 2080,3989 2080,3935 2079,3934 1926,3935 1925,3934 1838,3935 1837,3934 1797,3934 1797,3935 1797,3965 1797,3965 1796,3965 1794,3967 1794,3971 1793,3972 1793,3973 1793,3973 1792,3973 1784,3981 1780,3981 1778,3983 1778,3984 1778,3984 1777,3984 1776,3985 1769,3985 1766,3983 1766,3982 1766,3981 1765,3981 1763,3980 1763,3979 1762,3977 1761,3977 1759,3976 1759,3935 1758,3934 1535,3936 1535,3936 1535,3937 1534,3938 1533,3938 1532,3939 1531,3939 1530,3938 1528,3938 1528,3937 1528,3936 1526,3935 1453,3935 1452,3934 1451,3934 1450,3933 1142,3935 1141,3934 1060,3935 1059,3934 890,3935 889,3934 771,3935 769,3932 769,3931 768,3931 588,3932 588,3933 588,3934 587,3934 540,3934 539,3935 511,3936 511,3936 511,3989 511,3990 377,3990 376,3990 376,3904 375,3903 374,3904 372,3901 372,3896 371,3896 370,3896 369,3894 368,3881 368,3881 367,3881 365,3879 365,3874 364,3873 363,3873 361,3871 361,3870 361,3870 360,3869 359,3869 357,3867 357,3855 359,3854 367,3854 369,3851 369,3850 370,3850 371,3850 372,3848 372,3844 375,3841 376,3841 376,3841 376,3840 377,3839 378,3839 379,3838 387,3838 388,3837 388,3836 390,3834 394,3834 399,3840 399,3843 400,3843 469,3843 469,3842 469,3798 469,3798 483,3798 484,3798 484,3800 484,3801 655,3800 656,3799 666,3799 669,3801 669,3805 672,3808 673,3808 673,3808 673,3817 675,3819 676,3819 677,3820 677,3821 679,3823 680,3823 681,3824 681,3837 682,3837 683,3837 683,3838 683,3839 684,3840 684,3841 685,3842 685,3846 686,3846 807,3846 808,3847 808,3848 810,3850 811,3850 811,3850 811,3851 814,3854 815,3854 816,3855 1061,3853 1064,3850 1069,3850 1069,3850 1069,3851 1071,3853 1090,3853 1091,3854 1320,3852 1320,3852 1320,3805 1320,3804 1321,3804 1324,3802 1324,3801 1324,3800 1371,3800 1375,3796 1380,3796 1381,3796 1381,3797 1383,3800 1384,3800 1385,3801 1472,3800 1473,3801 1642,3800 1643,3801 1643,3806 1645,3807 1646,3807 1647,3809 1647,3851 1648,3851 1793,3850 1793,3851 1793,3852 1796,3854 1801,3854 1801,3855 1801,3856 1803,3857 1865,3857 1866,3858 2075,3856 2075,3856 2075,3855 2076,3854 2082,3854 2082,3854 2082,3806 2085,3803 2086,3803 2086,3803 2086,3802 2087,3800 2188,3800 2194,3805 2194,3850 2195,3851 2278,3850 2279,3852 2279,3853 2281,3854 2328,3854 2329,3855 2498,3854 2498,3853 2498,3805 2501,3803 2502,3803 2502,3802 2502,3801 2503,3800 2558,3799 2561,3796 2566,3796 2567,3797 2567,3798 2568,3799 2740,3798 2744,3794 2748,3794 2750,3796 2751,3796 2752,3797 2932,3796 2933,3796 2933,3797 2935,3800 2947,3800 2949,3801 2949,3802 2951,3804 3257,3802 3257,3801 3257,3800 3258,3800 3268,3800 3268,3800 3268,3801 3270,3803 3277,3803 3278,3803 3279,3803 3280,3805 3280,3807 3281,3807 3282,3807 3284,3810 3284,3818 3286,3819 3287,3819 3287,3820 3287,3821 3288,3822 3288,3854 3289,3854 3306,3854 3307,3856 3307,3857 3308,3857 3309,3857 3311,3860 3311,3873 3312,3873 3371,3873 3371,3873 3372,3887 3371,3888 3362,3888 3361,3889 3361,3898 3359,3900 3350,3900 3349,3902 3349,3903 3347,3904 3307,3904 3307,3905 3307,3930 3306,3930 3305,3930 3303,3933 3303,3934 3302,3934 3301,3934 3300,3935 3286,3935 3285,3934 3166,3935 3164,3933 3164,3932 3163,3931 3154,3931 3153,3930 3076,3931 3076,3931 3076,3948 3074,3950 3073,3950 3072,3951 3072,3963 3070,3966 3069,3966 3068,3966 3068,3967 3067,3969 2976,3969 2975,3968 2970,3969 2968,3967 2968,3966 2967,3965 2954,3965 2953,3964 2953,3963 2952,3962 2944,3962 2943,3961 2942,3961 2941,3960 2941,3959 2940,3958 2932,3958 2929,3955 2929,3954 2929,3954 2928,3954 2925,3951 2925,3950 2924,3950 2923,3950 2922,3948 2922,3947 2920,3946 2919,3946 2918,3944 2918,3939 2917,3939 2916,3939 2914,3936 2914,3935 2913,3935 2912,3935 2910,3933 2739,3934 2738,3935 2695,3935 2695,3936 2695,3937 2693,3938 2692,3938 2691,3940 2691,3941 2689,3942 2684,3942 2683,3941 2683,3936 2682,3935 2670,3935 2669,3934 2619,3935 2618,3934 2286,3936 2286,3936 2286,3937 2285,3938 2284,3938 2283,3939 2281,3939 2280,3938 2279,3938 2279,3938 2279,3937 2276,3934 2121,3935 2121,3936 2121,3961 2121,3961 2120,3961 2119,3962 2118,3962 2117,3963 2117,3964 2116,3965 2103,3965 2102,3966 2102,3989 2102,3989"/><TextEquiv index="1"><Unicode>voilà une terrible leçon d'humilité. Qu'eſt-</Unicode></TextEquiv></TextLine><TextLine id="r0_l016"><Coords points="3341,4181 3340,4180 3334,4180 3333,4180 3333,4132 3333,4131 3328,4131 3326,4129 3035,4131 3034,4131 3034,4130 3031,4126 1394,4137 1393,4137 1393,4171 1391,4174 1390,4174 1389,4174 1389,4175 1388,4177 1125,4179 1124,4180 1123,4179 1113,4179 1112,4178 584,4181 583,4181 583,4157 583,4156 -9,4160 -11,4159 -11,4157 -12,4156 -12,4155 -13,4154 -13,4153 -14,4152 -14,4150 -15,4149 -15,4146 -16,4145 -16,4142 -17,4141 -17,4137 -18,4136 -18,4042 -17,4041 -18,4037 -17,4036 -17,4033 -16,4032 -16,4029 -15,4028 -15,4026 -14,4025 -14,4024 -13,4023 -13,4022 -12,4021 -12,4019 -10,4017 -10,4016 -9,4015 -9,4014 -8,4013 -8,4012 -6,4009 -6,4008 -3,4005 -3,4004 1,4001 377,3998 377,3998 377,3991 378,3990 511,3990 511,3990 511,3998 512,3999 989,3995 990,3996 2102,3989 2102,3990 2102,3992 2103,3992 2812,3988 2813,3989 2814,3989 2814,3989 2814,3990 2815,3991 3232,3988 3234,3990 3234,3991 3235,3992 3244,3992 3245,3993 3246,4041 3246,4042 3280,4041 3281,4042 3339,4042 3342,4045 3342,4050 3342,4050 3343,4050 3345,4052 3345,4064 3347,4066 3348,4066 3349,4067 3349,4087 3351,4089 3352,4089 3353,4090 3353,4095 3354,4096 3359,4096 3361,4097 3361,4121 3360,4123 3359,4123 3357,4124 3357,4125 3356,4127 3355,4127 3353,4129 3353,4130 3352,4131 3343,4131 3342,4132 3342,4181 3342,4181"/><TextEquiv index="1"><Unicode>ce que c'eſt que ce Prince - Miniſtre du</Unicode></TextEquiv></TextLine><TextLine id="r0_l017"><Coords points="2611,4370 2610,4368 2610,4367 2608,4366 2607,4366 2606,4364 2606,4361 2605,4361 1818,4366 1817,4365 1817,4364 1816,4363 1816,4349 1815,4348 1416,4351 1415,4350 1409,4350 1408,4348 1407,4320 1407,4320 1,4329 1,4329 1,4342 0,4343 1,4361 0,4362 -1,4360 -1,4359 -2,4358 -2,4357 -3,4356 -3,4355 -5,4354 -5,4352 -6,4351 -6,4350 -7,4349 -7,4348 -8,4347 -8,4345 -10,4344 -10,4341 -11,4340 -11,4337 -12,4336 -12,4332 -13,4331 -14,4175 -13,4174 -13,4170 -12,4169 -12,4166 -11,4165 -11,4162 -9,4160 -8,4160 -7,4159 1,4159 1,4159 1,4184 1,4185 595,4181 596,4182 1123,4179 1124,4180 1125,4180 1126,4181 1127,4181 1128,4182 1295,4180 1296,4181 1307,4181 1310,4185 1310,4186 1312,4187 1730,4185 1732,4186 1732,4190 1732,4191 3340,4180 3341,4181 3343,4181 3345,4183 3345,4250 3346,4251 3346,4292 3348,4293 3349,4293 3349,4294 3349,4295 3352,4297 3353,4297 3353,4298 3353,4299 3356,4301 3357,4301 3357,4301 3357,4306 3356,4308 3355,4308 3353,4310 3353,4315 3352,4316 3351,4316 3349,4318 3349,4319 3348,4320 3192,4321 3191,4322 3191,4323 3191,4323 3190,4323 3189,4324 3061,4325 3060,4325 3060,4326 3060,4327 2642,4330 2641,4330 2641,4331 2640,4332 2640,4333 2639,4335 2638,4335 2637,4336 2637,4344 2634,4347 2633,4347 2633,4347 2633,4352 2631,4354 2630,4354 2629,4355 2629,4364 2627,4366 2622,4366 2621,4367 2621,4368 2619,4370"/><TextEquiv index="1"><Unicode>Roi de Pruſſe, Evêque de Babylone? toi</Unicode></TextEquiv></TextLine><TextLine id="r0_l018"><Coords points="2850,4566 2849,4566 2849,4564 2848,4563 2848,4512 2847,4511 2587,4513 2587,4514 2587,4515 2585,4516 2519,4516 2518,4515 2518,4514 2515,4512 2302,4513 2302,4513 2302,4514 2300,4516 2298,4516 2298,4515 2298,4513 2296,4512 2237,4512 2236,4511 2098,4512 2097,4511 1917,4512 1917,4512 1917,4511 1916,4510 1914,4508 1913,4508 1912,4507 1667,4509 1666,4511 1666,4512 1665,4512 1582,4513 1582,4513 1582,4556 1580,4558 1579,4558 1578,4559 1578,4559 1578,4560 1576,4562 1540,4562 1539,4560 1539,4559 1537,4558 1536,4558 1535,4556 1535,4538 1534,4538 1390,4539 1389,4537 1389,4505 1388,4505 1166,4506 1164,4508 1162,4508 1161,4507 1020,4508 1019,4507 935,4508 935,4507 935,4506 933,4505 839,4505 838,4504 695,4505 694,4504 373,4507 373,4507 373,4521 370,4524 369,4524 369,4524 369,4529 367,4531 366,4531 365,4532 365,4537 363,4539 362,4539 361,4540 361,4541 359,4543 354,4543 353,4544 353,4545 351,4547 347,4547 345,4544 345,4543 344,4543 343,4543 342,4541 342,4528 343,4527 342,4432 344,4431 345,4431 346,4429 346,4428 348,4427 349,4427 349,4426 349,4394 350,4393 351,4393 353,4391 353,4390 354,4389 355,4389 356,4388 357,4387 357,4386 358,4385 363,4385 365,4383 365,4382 366,4381 370,4381 373,4383 373,4384 373,4385 378,4384 380,4386 380,4423 381,4423 665,4422 665,4421 665,4420 666,4420 811,4419 811,4418 811,4379 813,4377 818,4377 819,4376 819,4375 821,4373 829,4373 831,4371 831,4370 831,4370 833,4370 835,4371 835,4372 835,4372 836,4372 837,4373 928,4373 929,4374 930,4374 931,4374 931,4420 932,4421 1034,4420 1035,4421 1197,4420 1197,4420 1197,4386 1197,4385 1198,4385 1200,4384 1200,4380 1202,4377 1221,4377 1224,4379 1224,4412 1224,4413 1314,4412 1316,4414 1316,4415 1317,4416 1318,4416 1320,4418 1320,4477 1321,4477 1539,4476 1539,4475 1539,4437 1540,4436 1540,4435 1541,4435 1542,4435 1544,4432 1544,4431 1545,4431 1550,4431 1551,4429 1551,4428 1553,4427 1659,4426 1659,4426 1659,4425 1660,4424 1661,4424 1662,4423 1809,4422 1809,4422 1809,4375 1809,4374 1810,4374 1811,4373 1814,4373 1817,4376 1817,4377 1817,4377 1833,4377 1840,4383 1840,4399 1840,4400 1841,4400 1844,4402 1844,4426 1845,4427 1908,4426 1909,4427 2090,4426 2090,4426 2090,4379 2090,4378 2091,4378 2094,4376 2094,4375 2094,4374 2095,4374 2096,4373 2110,4373 2111,4374 2112,4374 2113,4375 2113,4376 2115,4378 2116,4378 2117,4379 2117,4428 2118,4428 2440,4426 2440,4425 2440,4383 2442,4381 2450,4381 2452,4382 2452,4383 2453,4385 2458,4385 2459,4385 2459,4386 2460,4387 2460,4391 2461,4393 2462,4393 2463,4393 2463,4394 2464,4395 2464,4430 2465,4431 2691,4429 2693,4427 2748,4427 2748,4426 2748,4425 2750,4424 2806,4424 2806,4423 2806,4382 2807,4381 2812,4381 2814,4379 2814,4378 2815,4377 2816,4377 2817,4378 2969,4377 2976,4383 2976,4387 2977,4388 2977,4389 2977,4389 2978,4389 2979,4390 2979,4391 2980,4392 2980,4400 2980,4400 2981,4400 2983,4402 2983,4407 2984,4408 2985,4408 2987,4410 2987,4411 2989,4412 2990,4412 2991,4414 2991,4427 2992,4427 3043,4427 3044,4428 3045,4428 3045,4429 3045,4431 3046,4431 3226,4430 3226,4429 3226,4409 3227,4408 3228,4408 3230,4406 3230,4401 3230,4401 3231,4401 3234,4398 3234,4397 3234,4397 3239,4397 3241,4395 3241,4394 3242,4393 3271,4393 3272,4393 3272,4394 3280,4402 3280,4406 3284,4410 3284,4416 3285,4416 3349,4416 3349,4417 3349,4430 3351,4431 3352,4431 3353,4433 3354,4489 3354,4489 3355,4489 3357,4490 3357,4499 3356,4500 3355,4500 3353,4503 3353,4508 3352,4508 3347,4508 3345,4511 3345,4512 3344,4512 3323,4512 3322,4514 3322,4515 3320,4516 3308,4516 3307,4515 3307,4514 3305,4512 3118,4514 3116,4516 2883,4517 2883,4518 2883,4565 2882,4566"/><TextEquiv index="1"><Unicode>jeune libertin, perdu dans les tripôts &amp;</Unicode></TextEquiv></TextLine><TextLine id="r0_l019"><Coords points="2994,4763 2993,4762 2971,4763 2970,4762 2969,4762 2968,4761 2968,4760 2966,4758 2965,4758 2964,4757 2964,4711 2963,4711 2703,4712 2702,4711 2702,4710 2701,4709 2700,4709 2699,4708 2616,4709 2615,4708 2415,4709 2413,4707 2413,4705 2412,4704 2261,4705 2259,4703 2259,4702 2258,4701 2215,4701 2214,4700 2114,4701 2113,4700 1999,4701 1998,4700 1818,4701 1817,4700 1729,4701 1728,4700 1487,4701 1485,4699 1485,4698 1484,4697 1,4707 1,4707 1,4751 1,4752 -4,4752 -6,4751 -6,4750 -9,4747 -9,4746 -11,4744 -11,4743 -12,4742 -12,4741 -13,4740 -13,4739 -15,4737 -15,4735 -16,4734 -16,4733 -17,4732 -17,4731 -18,4730 -18,4728 -19,4727 -19,4724 -20,4723 -21,4604 -20,4603 -20,4600 -19,4599 -19,4597 -18,4596 -18,4595 -17,4594 -17,4593 -16,4592 -16,4590 -14,4588 -14,4587 -13,4586 -13,4585 -12,4584 -12,4583 -10,4581 -10,4580 -7,4577 -7,4576 0,4568 347,4566 351,4562 363,4562 365,4560 365,4559 366,4558 370,4558 373,4560 373,4561 373,4562 374,4562 375,4562 376,4563 376,4567 376,4568 1296,4561 1297,4562 1298,4562 1301,4565 1768,4562 1771,4565 1771,4566 1771,4566 1807,4566 1809,4568 1809,4573 1810,4573 2259,4570 2259,4571 2259,4572 2262,4574 2263,4574 2263,4575 2263,4576 2264,4576 2644,4574 2645,4575 2786,4574 2787,4575 2787,4618 2788,4619 3252,4616 3253,4617 3253,4622 3255,4624 3260,4624 3261,4625 3261,4626 3263,4628 3268,4628 3268,4628 3269,4651 3269,4652 3351,4651 3353,4653 3353,4716 3354,4716 3356,4716 3357,4717 3357,4718 3359,4720 3360,4720 3361,4721 3361,4726 3361,4727 3360,4727 3357,4729 3357,4734 3357,4735 3356,4735 3355,4736 3008,4738 3007,4739 3007,4757 3005,4759 3004,4759 3003,4760 3003,4761 3002,4762 3001,4762 3000,4763"/><TextEquiv index="1"><Unicode>les mauvais lieux de Paris? Cela peut-</Unicode></TextEquiv></TextLine><TextLine id="r0_l020"><Coords points="-2,4940 -6,4937 -6,4936 -8,4934 -8,4933 -9,4932 -9,4931 -10,4930 -10,4929 -12,4927 -12,4925 -13,4924 -13,4923 -14,4922 -14,4921 -15,4920 -15,4918 -16,4917 -16,4914 -17,4913 -17,4910 -18,4909 -18,4905 -19,4904 -20,4789 -19,4788 -19,4784 -18,4783 -18,4780 -17,4779 -17,4776 -16,4775 -16,4773 -15,4772 -15,4771 -14,4770 -14,4769 -13,4768 -13,4766 -11,4764 -11,4763 -10,4762 -10,4761 -9,4760 -9,4759 -7,4757 -7,4756 -3,4752 1,4752 1,4753 364,4751 365,4752 414,4751 415,4752 1180,4747 1181,4749 1181,4750 1183,4751 1184,4751 1185,4753 1185,4754 1187,4755 1812,4751 1813,4753 1813,4754 1815,4755 1820,4755 1820,4756 1820,4757 1823,4759 1824,4759 1824,4760 1824,4765 1825,4765 2335,4762 2336,4763 2336,4764 2338,4766 2339,4766 2340,4767 2340,4768 2342,4770 2936,4766 2938,4768 3175,4766 3176,4768 3176,4769 3178,4770 3179,4770 3180,4772 3181,4824 3181,4824 3243,4824 3245,4825 3245,4830 3245,4831 3246,4831 3249,4833 3249,4837 3251,4840 3252,4840 3253,4840 3253,4847 3253,4848 3339,4847 3342,4850 3342,4851 3342,4851 3351,4851 3353,4853 3353,4858 3354,4859 3355,4859 3357,4861 3357,4873 3356,4874 3351,4874 3349,4876 3349,4877 3348,4878 3339,4878 3338,4879 3338,4880 3336,4882 3269,4883 3268,4883 3268,4896 3268,4897 3267,4897 3264,4899 3264,4900 3264,4901 3259,4901 3257,4902 3257,4903 3256,4905 3166,4905 3165,4905 3165,4904 3163,4901 3147,4901 3146,4900 3012,4901 3011,4900 2839,4901 2838,4900 2674,4901 2671,4899 2671,4898 2670,4897 2535,4897 2531,4893 2527,4893 2526,4892 2373,4893 2372,4892 2257,4893 2256,4892 1994,4894 1993,4893 1991,4893 1990,4892 1841,4893 1840,4892 1840,4891 1839,4890 1762,4890 1761,4889 1605,4890 1604,4889 1527,4890 1526,4889 1319,4890 1318,4889 1288,4890 1285,4887 1,4895 1,4895 1,4939 1,4940"/><TextEquiv index="1"><Unicode>il tomber ſous le ſens? Et tes Charla-</Unicode></TextEquiv></TextLine><TextLine id="r0_l021"><Coords points="2981,5121 2980,5120 2980,5119 2979,5118 2979,5117 2978,5116 2977,5116 2976,5115 2976,5102 2975,5102 923,5115 923,5115 923,5133 922,5134 919,5134 918,5133 816,5134 816,5133 815,5104 815,5104 655,5105 654,5104 654,5103 654,5103 -5,5107 -6,5106 -17,5106 -18,5106 -18,4965 -17,4964 -17,4963 -16,4962 -16,4960 -14,4958 -14,4957 -14,4956 -14,4955 -13,4954 -13,4953 -11,4951 -11,4950 -8,4947 -8,4946 -2,4940 1,4940 1,4940 1,4953 1,4954 1045,4947 1047,4950 1047,4951 1048,4951 1064,4951 1064,4952 1065,4953 1067,4955 1071,4955 1074,4958 2215,4950 2216,4951 2234,4951 2235,4952 2454,4951 2455,4952 2550,4951 2551,4952 2739,4951 2741,4953 2741,4954 2742,4955 2778,4955 2779,4955 2779,4956 2780,4957 2780,4958 2780,4959 2789,4959 2790,4960 2924,4959 2926,4960 2926,5009 2926,5010 3128,5009 3130,5010 3130,5011 3132,5013 3274,5013 3275,5014 3328,5013 3330,5015 3330,5016 3330,5016 3331,5016 3334,5019 3334,5020 3334,5020 3335,5020 3338,5023 3338,5051 3339,5051 3340,5051 3341,5053 3341,5076 3342,5077 3342,5082 3343,5082 3344,5082 3345,5084 3345,5085 3346,5086 3346,5087 3345,5088 3345,5089 3344,5090 3343,5090 3342,5091 3342,5092 3341,5093 3340,5093 3339,5094 3338,5094 3337,5095 3337,5096 3336,5097 3335,5097 3334,5098 3021,5100 3019,5102 3018,5102 3018,5103 3018,5104 3016,5105 3015,5105 3014,5107 3014,5108 3012,5109 3011,5109 3011,5110 3011,5111 3008,5113 3003,5113 3003,5114 3003,5115 3000,5117 2996,5117 2992,5121"/><TextEquiv index="1"><Unicode>tans, tes Revenans, ton Invifibilité, ton</Unicode></TextEquiv></TextLine><TextLine id="r0_l022"><Coords points="2191,5338 2190,5337 2190,5329 2189,5329 1429,5334 1428,5333 1428,5327 1427,5327 0,5336 -8,5328 -8,5327 -11,5324 -11,5323 -13,5321 -13,5320 -14,5319 -14,5318 -15,5317 -15,5316 -16,5315 -18,5107 -17,5106 -6,5106 -5,5107 0,5107 0,5107 1,5137 1,5138 363,5136 364,5137 1014,5132 1015,5133 1015,5134 1017,5136 1022,5136 1023,5137 1023,5142 1023,5142 1403,5140 1404,5140 1404,5141 1406,5144 1407,5144 1408,5144 1408,5148 1408,5149 2215,5143 2216,5144 2216,5145 2221,5150 2221,5156 2221,5156 3127,5151 3129,5152 3316,5151 3318,5153 3318,5203 3319,5204 3319,5205 3320,5205 3325,5205 3326,5207 3326,5208 3328,5209 3329,5209 3330,5211 3330,5231 3329,5232 3330,5274 3329,5274 3328,5274 3327,5275 3323,5275 3322,5277 3322,5278 3321,5278 3320,5278 3319,5279 3315,5279 3314,5281 3314,5282 3313,5282 3293,5282 3291,5285 3291,5286 3290,5286 2201,5294 2201,5294 2201,5337 2201,5338"/><TextEquiv index="1"><Unicode>Magnétiſine, le tout noblement terminé</Unicode></TextEquiv></TextLine><TextLine id="r0_l023"><Coords points="894,5513 892,5512 892,5460 891,5459 677,5461 650,5461 648,5463 620,5463 619,5464 618,5463 616,5463 615,5462 373,5464 373,5464 373,5507 371,5510 370,5510 369,5510 369,5511 368,5513 367,5513 365,5514 365,5515 364,5517 351,5517 350,5516 350,5515 348,5513 336,5513 334,5511 334,5510 334,5510 333,5510 330,5507 330,5503 331,5502 330,5387 331,5387 332,5387 334,5384 334,5383 335,5383 336,5383 337,5382 345,5382 346,5380 346,5379 347,5379 348,5379 349,5378 353,5378 353,5377 353,5376 355,5375 360,5375 361,5376 361,5378 362,5379 455,5378 456,5379 646,5378 646,5377 646,5333 647,5332 652,5332 654,5330 654,5329 654,5329 655,5329 656,5328 660,5328 661,5327 661,5326 662,5325 663,5325 664,5324 665,5324 666,5325 667,5325 673,5330 673,5378 674,5379 732,5378 733,5379 911,5378 912,5377 912,5376 913,5375 923,5375 923,5375 923,5377 924,5378 952,5378 954,5380 1116,5379 1116,5378 1116,5340 1117,5340 1119,5340 1119,5339 1119,5338 1120,5337 1120,5333 1121,5332 1133,5332 1135,5333 1135,5334 1136,5335 1137,5336 1138,5336 1139,5337 1139,5378 1140,5379 1183,5378 1184,5379 1185,5379 1185,5380 1185,5381 1191,5386 1420,5385 1420,5384 1420,5341 1422,5340 1423,5340 1424,5338 1424,5337 1426,5336 1427,5336 1429,5334 1439,5334 1441,5336 1442,5336 1442,5336 1443,5337 1443,5338 1445,5340 1446,5340 1447,5341 1447,5345 1448,5346 1616,5344 1616,5345 1616,5386 1617,5386 1738,5386 1740,5388 1740,5389 1741,5390 1759,5389 1760,5390 1911,5389 1912,5390 2132,5389 2132,5389 2132,5346 2134,5344 2135,5344 2136,5343 2136,5343 2136,5342 2138,5340 2189,5340 2191,5338 2202,5338 2205,5341 2343,5340 2344,5341 2344,5398 2345,5399 2533,5397 2533,5397 2533,5346 2535,5344 2536,5344 2536,5344 2536,5343 2539,5340 2547,5340 2549,5338 2549,5337 2550,5336 2555,5336 2556,5338 2556,5339 2557,5339 2558,5340 2559,5340 2560,5342 2560,5394 2561,5394 2768,5393 2768,5392 2768,5391 2770,5390 2775,5390 2775,5389 2775,5388 2776,5387 2776,5386 2777,5386 2778,5386 2780,5388 2780,5389 2781,5390 2782,5390 2783,5391 2959,5390 2960,5391 2960,5392 2962,5394 2963,5394 2964,5395 3203,5393 3203,5393 3203,5392 3205,5390 3213,5390 3215,5392 3215,5393 3216,5394 3217,5394 3218,5395 3314,5394 3314,5395 3314,5396 3317,5399 3317,5400 3320,5402 3321,5402 3321,5403 3322,5404 3323,5405 3327,5405 3328,5406 3329,5406 3330,5407 3330,5458 3322,5466 3322,5470 3320,5471 3315,5471 3315,5472 3315,5473 3308,5479 3292,5479 3291,5481 3291,5482 3290,5483 3288,5483 3287,5482 3217,5483 3214,5480 3214,5479 3213,5479 3204,5479 3203,5478 3019,5479 3018,5478 2954,5479 2953,5478 2781,5479 2779,5476 2779,5475 2778,5475 2564,5476 2561,5479 2549,5479 2548,5481 2548,5482 2547,5483 2544,5481 2544,5480 2543,5479 2542,5479 2540,5477 2540,5472 2539,5471 2523,5471 2522,5470 2344,5472 2344,5472 2344,5473 2342,5475 2326,5475 2325,5476 2325,5477 2324,5478 2323,5478 2322,5479 2253,5479 2252,5478 2252,5477 2250,5475 2245,5475 2244,5474 2118,5475 2117,5474 2030,5475 2026,5471 1912,5471 1911,5470 1864,5471 1863,5469 1863,5467 1862,5467 1674,5468 1674,5469 1674,5470 1672,5471 1663,5471 1663,5471 1663,5470 1660,5467 1648,5467 1647,5466 1490,5467 1489,5466 1262,5468 1262,5468 1262,5469 1260,5471 1240,5471 1239,5469 1239,5468 1237,5467 1178,5467 1177,5466 935,5468 935,5468 935,5507 933,5510 932,5510 931,5510 931,5511 930,5513"/><TextEquiv index="1"><Unicode>par la petite incommodité dont tu te</Unicode></TextEquiv></TextLine><TextLine id="r0_l024"><Coords points="2710,5737 2710,5737 2710,5723 2709,5722 2107,5726 2106,5725 2101,5725 2101,5725 2100,5710 2100,5709 1352,5714 1350,5713 1350,5711 1350,5710 1349,5710 1347,5709 1347,5703 1347,5702 1,5711 0,5710 -1,5710 -2,5709 -3,5709 -5,5708 -6,5561 -5,5560 -5,5556 -4,5555 -4,5552 -3,5551 -3,5548 -2,5547 -2,5545 -1,5543 -1,5542 0,5541 0,5540 1,5540 422,5537 422,5537 422,5529 423,5528 423,5526 424,5525 425,5525 427,5523 427,5522 428,5521 437,5521 438,5520 438,5519 440,5517 448,5517 449,5518 556,5517 558,5520 558,5521 559,5521 564,5521 565,5523 565,5524 567,5525 568,5525 570,5527 907,5525 908,5526 1049,5525 1053,5529 1054,5529 1054,5530 1054,5539 1055,5539 2149,5532 2150,5533 2151,5533 2152,5534 2434,5532 2435,5533 2436,5533 2437,5535 2437,5536 2438,5536 2439,5536 2440,5538 2440,5539 2441,5540 2441,5542 2442,5542 2689,5540 2698,5550 2698,5551 2699,5552 2700,5586 2700,5586 2776,5586 2777,5587 2778,5587 2779,5588 3111,5586 3112,5587 3113,5587 3114,5588 3312,5586 3315,5589 3315,5590 3315,5590 3316,5590 3318,5592 3318,5597 3319,5598 3320,5598 3321,5599 3322,5600 3322,5601 3322,5601 3323,5601 3324,5602 3325,5602 3326,5603 3326,5605 3324,5606 3323,5606 3322,5608 3322,5659 3321,5660 3320,5660 3318,5662 3318,5663 3318,5663 3317,5663 3316,5664 3315,5665 3315,5666 3314,5667 3313,5667 3311,5669 3311,5670 3310,5671 3297,5671 3296,5672 3296,5673 3294,5675 3149,5676 3148,5677 3149,5717 3148,5717 3143,5717 3141,5720 3141,5721 3140,5721 3122,5722 3122,5722 3122,5723 3120,5725 2745,5727 2745,5728 2745,5735 2742,5737"/><TextEquiv index="1"><Unicode>plains! Mon pauvre ami, il n'y a que</Unicode></TextEquiv></TextLine><TextLine id="r0_l025"><Coords points="2472,5902 2471,5900 2471,5899 2470,5899 2443,5899 2442,5898 2441,5898 2440,5897 2440,5896 2439,5895 2438,5895 2437,5894 2436,5893 2436,5892 2435,5891 2434,5891 2433,5890 2433,5889 2431,5887 2426,5887 2425,5886 2425,5881 2423,5879 2422,5879 2421,5878 2421,5877 2420,5876 2419,5875 2418,5875 2417,5874 2417,5868 2416,5867 2269,5868 2268,5867 2161,5868 2159,5865 2158,5864 2158,5864 2153,5864 2151,5862 2151,5860 2151,5860 2080,5860 2079,5859 2000,5860 1999,5859 1880,5860 1878,5858 1878,5857 1877,5856 1780,5856 1779,5855 1622,5856 1621,5855 1557,5856 1554,5853 1554,5852 1554,5852 1456,5852 1455,5851 1329,5852 1328,5851 1,5860 1,5860 1,5870 0,5871 1,5907 0,5908 -2,5906 -3,5906 -6,5903 -7,5903 -12,5898 -14,5716 -8,5710 -7,5710 -5,5708 -4,5708 -3,5709 -2,5709 -1,5710 0,5710 1,5711 1,5717 1,5718 744,5713 745,5714 746,5714 746,5715 746,5717 748,5718 749,5718 750,5719 750,5721 750,5721 1452,5716 1455,5719 1455,5721 1455,5721 1502,5721 1503,5722 1641,5721 1642,5722 1818,5721 1821,5724 1821,5725 1821,5725 1822,5725 1824,5727 2106,5725 2107,5726 2231,5725 2232,5726 2232,5727 2235,5730 2446,5729 2448,5731 2709,5729 2710,5730 2710,5737 2710,5737 2717,5737 2718,5738 2718,5741 2718,5741 2816,5741 2818,5742 2818,5743 2818,5744 2819,5744 2822,5746 2822,5779 2822,5780 2954,5779 2957,5782 3313,5779 3314,5780 3314,5781 3315,5782 3315,5794 3316,5794 3317,5794 3318,5796 3318,5831 3319,5832 3319,5833 3320,5833 3321,5833 3322,5835 3322,5840 3321,5841 3320,5841 3318,5843 3318,5844 3318,5844 3317,5844 3315,5846 3315,5854 3314,5855 3314,5856 3314,5856 3313,5856 3312,5857 3311,5857 3309,5859 3309,5860 3309,5860 3304,5860 3303,5862 3303,5863 3301,5864 3296,5864 3295,5866 3295,5867 3293,5868 3238,5869 3236,5871 3235,5871 3234,5872 2506,5877 2506,5877 2506,5889 2505,5890 2504,5890 2502,5892 2502,5893 2501,5894 2500,5894 2498,5896 2498,5897 2497,5898 2496,5898 2495,5899 2491,5899 2490,5900 2490,5901 2489,5902"/><TextEquiv index="1"><Unicode>cette incommodité de réel. Quoi! tu as</Unicode></TextEquiv></TextLine><TextLine id="r0_l026"><Coords points="2461,6110 2460,6109 2460,6108 2458,6106 2457,6106 2456,6105 2456,6086 2455,6086 2360,6087 2359,6085 2359,6076 2358,6076 2357,6076 2356,6074 2356,6073 2354,6072 2353,6072 2352,6070 2352,6060 2351,6060 2349,6060 2348,6059 2172,6060 2168,6056 2071,6056 2070,6055 1929,6056 1928,6055 1928,6054 1927,6053 1926,6053 1925,6052 1807,6053 1803,6049 1762,6049 1761,6048 1610,6049 1609,6048 1510,6049 1509,6048 1344,6049 1343,6048 1151,6049 1150,6048 998,6049 997,6048 940,6049 939,6047 939,6046 937,6045 928,6045 927,6043 927,6042 925,6041 866,6041 865,6040 793,6041 792,6039 792,6038 790,6037 782,6037 781,6036 685,6037 685,6037 685,6093 684,6094 683,6094 682,6093 665,6093 665,6092 665,6037 664,6037 600,6037 599,6036 376,6038 376,6038 376,6078 374,6080 373,6080 372,6081 372,6082 371,6083 370,6083 369,6084 369,6085 367,6087 331,6087 330,6085 330,6084 328,6083 327,6083 326,6081 326,6073 327,6072 330,6072 331,6071 330,5965 332,5964 333,5964 334,5962 334,5961 336,5960 337,5960 338,5958 338,5957 340,5956 345,5956 345,5955 345,5954 348,5952 353,5952 353,5951 353,5950 356,5948 359,5948 360,5949 361,5949 361,5949 361,5950 363,5952 386,5951 387,5952 588,5951 591,5948 707,5947 707,5947 707,5872 708,5871 707,5859 708,5858 708,5857 709,5856 734,5856 734,5857 734,5858 737,5860 745,5860 746,5862 746,5863 748,5864 749,5864 750,5866 750,5867 752,5868 768,5868 768,5868 769,5873 770,5875 783,5875 784,5875 784,5876 785,5877 785,5878 785,5879 802,5879 804,5880 804,5889 805,5891 806,5891 808,5892 808,5897 808,5898 820,5898 821,5899 822,5899 823,5899 823,5900 825,5903 826,5903 827,5903 827,5904 828,5906 829,5906 831,5907 831,5911 831,5912 1018,5910 1019,5911 1019,5912 1021,5914 1022,5914 1023,5915 1023,5964 1024,5964 1150,5963 1151,5964 1285,5964 1285,5963 1285,5915 1286,5914 1299,5913 1300,5914 1300,5915 1304,5919 1304,5920 1305,5921 1305,5929 1305,5929 1507,5928 1508,5928 1508,5917 1509,5916 1509,5915 1509,5914 1603,5914 1605,5912 1605,5911 1606,5909 1608,5909 1609,5910 1757,5909 1759,5911 1759,5912 1763,5916 1763,5926 1763,5926 1941,5925 1944,5928 1944,5932 1948,5936 1948,5969 1949,5969 2078,5968 2078,5969 2078,5970 2081,5972 2082,5972 2082,5973 2082,5974 2084,5975 2181,5975 2182,5976 2344,5975 2344,5974 2344,5964 2345,5964 2347,5964 2348,5962 2348,5957 2350,5956 2351,5956 2352,5954 2352,5953 2354,5952 2359,5952 2360,5950 2360,5949 2362,5948 2367,5948 2367,5947 2367,5946 2369,5944 2375,5944 2375,5944 2375,5943 2377,5941 2424,5941 2425,5943 2425,5944 2426,5944 2427,5944 2428,5945 2432,5945 2433,5947 2433,5948 2434,5948 2442,5948 2443,5949 2444,5949 2444,5950 2444,5951 2446,5952 2450,5952 2451,5953 2452,5953 2452,5953 2452,5954 2454,5956 2466,5956 2467,5957 2467,5958 2468,5959 2468,5974 2469,5975 2481,5975 2482,5976 2714,5974 2714,5974 2714,5973 2715,5972 2720,5972 2721,5971 2721,5970 2723,5968 2725,5968 2725,5969 2725,5970 2728,5972 2729,5972 2729,5973 2729,5974 2731,5975 2914,5974 2914,5973 2914,5930 2915,5929 2916,5929 2917,5928 2918,5927 2918,5926 2919,5925 2935,5925 2936,5926 3183,5924 3184,5924 3184,5923 3184,5922 3185,5922 3186,5921 3192,5921 3193,5922 3194,5922 3195,5923 3195,5924 3196,5925 3204,5925 3207,5928 3207,5929 3207,5929 3208,5929 3211,5931 3211,5971 3212,5972 3316,5971 3317,5972 3318,5972 3318,5973 3318,5974 3321,5976 3322,5976 3322,5977 3322,5982 3318,5986 3318,5990 3317,5991 3316,5991 3315,5992 3315,5993 3313,5995 3312,5995 3311,5996 3311,5997 3310,5998 3311,6047 3308,6049 3307,6049 3307,6050 3307,6055 3305,6056 3301,6056 3300,6057 3299,6057 3299,6058 3299,6059 3297,6060 3165,6061 3162,6064 3158,6064 3156,6062 3156,6061 3155,6060 3138,6060 3137,6059 3003,6060 3002,6059 2969,6060 2968,6059 2792,6060 2788,6056 2726,6056 2725,6055 2502,6057 2502,6057 2502,6108 2501,6110"/><TextEquiv index="1"><Unicode>pu te troire inviſible! tu as pu te laiſſer</Unicode></TextEquiv></TextLine><TextLine id="r0_l027"><Coords points="3282,6334 3281,6333 3280,6333 3280,6332 3280,6331 3278,6330 3274,6330 3270,6326 3269,6326 3268,6324 3267,6307 3267,6307 2651,6311 2650,6310 2650,6303 2650,6303 1938,6307 1936,6306 1936,6296 1936,6295 1318,6299 1316,6298 1316,6297 1315,6295 1310,6295 1308,6294 1308,6292 1308,6291 1,6300 0,6299 -1,6299 -4,6296 -5,6296 -10,6292 -11,6089 -7,6084 -6,6084 -3,6081 -2,6081 0,6079 1,6080 1,6094 1,6095 594,6091 596,6093 682,6093 683,6094 685,6094 686,6095 687,6095 688,6095 760,6095 761,6096 761,6097 763,6099 771,6099 777,6104 1017,6102 1018,6103 1019,6103 1019,6104 1019,6105 1021,6106 1022,6106 1023,6108 1023,6110 1024,6110 1753,6106 1754,6107 1755,6107 1755,6107 1755,6108 1757,6110 1758,6109 1759,6111 1759,6116 1760,6116 2185,6114 2186,6115 2186,6116 2187,6117 2566,6114 2567,6115 2751,6114 2753,6116 2753,6117 2754,6118 2759,6118 2761,6120 3064,6118 3064,6118 3064,6119 3072,6127 3072,6139 3074,6141 3075,6141 3076,6142 3077,6168 3077,6169 3289,6167 3290,6168 3305,6168 3307,6170 3307,6171 3308,6172 3309,6172 3311,6174 3311,6233 3311,6233 3312,6233 3315,6236 3315,6237 3315,6237 3316,6237 3318,6239 3318,6243 3319,6244 3319,6245 3320,6245 3321,6245 3322,6247 3322,6256 3322,6256 3321,6256 3318,6259 3318,6260 3318,6260 3317,6260 3316,6261 3293,6261 3291,6263 3292,6327 3289,6329 3288,6329 3288,6330 3288,6331 3285,6334"/><TextEquiv index="1"><Unicode>myſtifier, comme le petit Poinſinet! tu</Unicode></TextEquiv></TextLine><TextLine id="r0_l028"><Coords points="2688,6503 2686,6501 2686,6500 2685,6499 2684,6499 2683,6498 2682,6445 2682,6444 2438,6446 2436,6448 2436,6449 2436,6449 2427,6449 2425,6448 2425,6443 2425,6442 2424,6442 2421,6440 2421,6436 2424,6433 2425,6433 2425,6433 2424,6320 2425,6319 2425,6316 2427,6314 2432,6314 2432,6314 2432,6313 2435,6310 2473,6310 2474,6311 2612,6310 2613,6311 2659,6311 2664,6316 2665,6325 2665,6326 2666,6326 2667,6327 2724,6326 2725,6327 2725,6332 2727,6334 2728,6334 2729,6335 2729,6394 2725,6398 2725,6452 2724,6453 2723,6453 2722,6454 2722,6470 2722,6470 2721,6470 2720,6471 2720,6472 2720,6472 2719,6472 2717,6474 2718,6478 2717,6479 2717,6480 2716,6480 2715,6480 2713,6483 2713,6484 2712,6484 2707,6484 2706,6486 2706,6491 2705,6491 2704,6491 2702,6494 2702,6495 2701,6495 2696,6495 2694,6498 2694,6499 2693,6499 2692,6499 2691,6501 2691,6502 2689,6503"/><TextEquiv index="1"><Unicode>liij</Unicode></TextEquiv></TextLine></TextRegion></Page></PcGts>