<PcGts xmlns="http://schema.primaresearch.org/PAGE/gts/pagecontent/2017-07-15" xmlns:xsi="http://www.w3.org/2001/XMLSchema-instance" xsi:schemaLocation="http://schema.primaresearch.org/PAGE/gts/pagecontent/2017-07-15 http://schema.primaresearch.org/PAGE/gts/pagecontent/2017-07-15/pagecontent.xsd"><Metadata><Creator>User123</Creator><Created>2020-10-17T17:12:57</Created><LastChange>2020-10-17T17:12:57</LastChange></Metadata><Page imageFilename="0209.png" imageHeight="8060" imageWidth="4266"><TextRegion id="r0" type="paragraph" orientation="-0.0"><Coords points="1,1 4264,1 4264,8058 1,8058"/><TextLine id="r0_l001"><Coords points="1308,252 1611,252 1611,331 1308,331"/><TextEquiv index="1"><Unicode>-</Unicode></TextEquiv></TextLine><TextLine id="r0_l002"><Coords points="2320,524 2817,524 2817,717 2320,717"/><TextEquiv index="1"><Unicode>o)</Unicode></TextEquiv></TextLine><TextLine id="r0_l003"><Coords points="2218,960 2217,960 2217,958 2216,956 2211,956 2209,955 2209,906 2209,905 2203,905 2201,904 2201,903 2200,901 2191,901 2190,901 2190,900 2188,897 2183,897 2182,897 2182,896 2182,895 2180,893 2179,893 2178,893 2178,888 2176,885 2035,885 2034,886 2033,886 2032,887 2032,892 2031,893 2026,893 2024,895 2024,896 2022,898 2021,898 2020,899 2020,900 2019,901 2018,901 2016,903 2016,904 2015,905 2006,905 2005,906 2005,907 2004,908 2004,909 2004,909 2002,909 2000,908 2000,907 1999,905 1912,905 1909,903 1909,902 1909,901 1904,901 1898,896 1898,895 1898,894 1897,894 1894,892 1894,887 1894,886 1893,886 1890,884 1890,879 1890,878 1889,878 1886,876 1886,871 1886,870 1639,870 1638,871 1638,892 1636,894 1635,894 1634,895 1634,896 1633,897 1632,897 1630,899 1630,900 1629,901 1577,901 1575,903 1575,904 1574,905 1561,905 1559,907 1559,908 1558,909 1553,909 1551,908 1551,907 1550,905 1320,905 1319,906 1319,951 1317,953 1316,953 1315,954 1315,955 1314,956 1281,956 1279,955 1279,954 1279,953 1274,953 1272,952 1272,906 1272,905 1261,905 1260,905 1260,904 1258,901 1250,901 1248,900 1248,899 1248,898 1247,898 1244,896 1244,895 1244,894 1243,894 1240,892 1240,891 1240,890 1239,890 1236,888 1236,883 1236,882 1096,882 1094,884 1094,885 1094,885 1093,885 1092,886 1088,886 1086,888 1086,889 1086,889 1042,889 1041,890 1040,890 1039,891 1039,892 1038,893 1033,893 1031,892 1031,891 1030,889 1025,889 1023,888 1023,883 1023,882 987,882 986,881 985,881 984,881 984,876 982,873 981,873 980,873 980,868 979,866 978,866 976,865 976,856 975,854 974,854 972,853 972,848 974,846 1023,846 1023,846 1023,837 1026,834 1038,834 1039,833 1039,832 1041,830 1074,830 1074,830 1074,829 1077,826 1089,826 1090,828 1090,829 1092,830 1097,830 1098,832 1098,833 1100,834 1212,834 1212,834 1212,797 1214,795 1216,795 1216,796 1216,797 1219,799 1224,799 1224,800 1224,801 1230,807 1231,807 1232,807 1232,808 1232,814 1233,814 1417,814 1417,814 1417,778 1418,777 1418,776 1419,775 1420,775 1421,774 1421,769 1422,768 1423,768 1428,763 1432,763 1433,765 1433,766 1435,767 1601,767 1603,770 1603,771 1604,771 1605,771 1607,774 1607,775 1608,775 1609,775 1611,778 1611,779 1612,779 1613,779 1614,781 1614,782 1616,783 1617,783 1618,785 1618,786 1619,786 1620,786 1622,789 1622,819 1623,819 1630,819 1630,820 1630,821 1632,822 1636,822 1637,823 1638,823 1638,824 1638,846 1639,846 1890,846 1890,846 1890,844 1892,842 1893,842 1894,841 1894,836 1896,834 1897,834 1898,833 1898,832 1900,830 1901,830 1902,829 1902,828 1903,827 1904,827 1906,825 1906,824 1907,823 1908,823 1910,821 1910,820 1911,819 1912,819 1913,818 1925,818 1926,817 1926,816 1927,815 1928,815 1929,814 2000,814 2000,814 2000,813 2002,811 2003,811 2004,810 2006,810 2007,811 2008,811 2008,812 2008,813 2010,814 2014,814 2015,815 2016,815 2016,816 2016,817 2019,819 2020,819 2020,820 2020,821 2023,823 2024,823 2024,824 2024,825 2027,827 2028,827 2028,828 2028,829 2031,831 2032,831 2032,832 2032,837 2034,838 2177,838 2178,837 2178,832 2180,830 2181,830 2182,829 2182,828 2184,826 2185,826 2185,826 2185,825 2188,822 2205,822 2205,822 2205,821 2208,818 2359,818 2359,818 2359,773 2361,771 2362,771 2363,770 2363,769 2365,767 2366,767 2367,766 2367,765 2369,763 2377,763 2378,764 2518,764 2519,763 2535,763 2536,765 2536,770 2538,771 2578,771 2580,774 2580,775 2581,775 2582,775 2584,778 2584,779 2585,779 2586,779 2587,781 2587,818 2588,818 2901,818 2902,819 3042,819 3043,818 3052,818 3052,818 3052,817 3055,814 3056,814 3056,814 3056,813 3058,811 3059,811 3060,810 3062,810 3063,811 3064,811 3064,812 3064,813 3066,814 3249,814 3249,814 3249,766 3256,759 3264,759 3265,758 3265,757 3267,755 3268,756 3269,756 3269,757 3269,758 3271,759 3417,759 3419,762 3419,763 3420,763 3421,763 3423,766 3423,814 3424,814 3576,814 3576,814 3576,781 3578,779 3579,779 3580,778 3580,773 3582,771 3595,771 3596,773 3596,774 3598,775 3603,775 3604,777 3604,778 3606,779 3607,779 3607,780 3607,781 3610,783 3611,783 3611,784 3611,785 3614,787 3615,787 3615,788 3615,789 3616,790 3616,794 3618,795 3619,795 3619,796 3619,797 3620,798 3620,806 3622,807 3623,807 3623,808 3623,809 3624,810 3624,830 3625,830 3772,830 3773,832 3773,833 3775,834 3776,834 3777,836 3777,837 3779,838 3780,838 3781,840 3781,841 3783,842 3784,842 3785,844 3785,846 3786,846 3914,846 3915,848 3915,849 3917,850 4072,850 4073,852 4073,853 4075,854 4076,854 4076,855 4076,856 4077,857 4077,880 4075,882 4074,882 4073,883 4073,884 4072,885 4071,885 4070,886 3974,886 3973,885 3972,885 3971,885 3970,884 3970,883 3970,882 3778,882 3777,883 3777,885 3777,885 3776,885 3775,886 3771,886 3769,888 3769,889 3769,889 3764,889 3761,892 3761,893 3761,893 3759,893 3758,894 3757,893 3605,893 3604,894 3604,904 3603,905 3464,905 3462,904 3462,903 3461,901 3408,901 3216,901 3214,903 3214,904 3213,905 3137,905 3135,904 3135,903 3134,901 3129,901 3127,900 3127,899 3126,897 2944,897 2917,897 2914,900 2914,901 2914,901 2641,901 2638,904 2638,905 2638,905 2625,905 2621,901 2480,901 2334,901 2331,904 2331,905 2331,905 2254,905 2253,906 2253,954 2252,955 2252,956 2252,956 2243,956 2241,958 2241,959 2240,960"/><TextEquiv index="1"><Unicode>“qu'eſt - ce qui l'en a retirée?“ --</Unicode></TextEquiv></TextLine><TextLine id="r0_l004"><Coords points="2797,1160 2796,1160 2796,1103 2796,1102 2596,1102 2595,1103 2595,1160 2595,1160 2588,1160 2587,1160 2587,1103 2587,1102 2257,1102 2256,1103 2256,1153 2256,1153 2255,1153 2252,1156 2252,1157 2252,1157 2231,1157 2227,1153 2219,1153 2217,1152 2217,1151 2217,1150 2216,1150 2213,1148 2213,1103 2213,1102 1912,1102 1910,1104 1910,1105 1909,1106 1746,1106 1744,1105 1744,1104 1743,1102 1526,1102 1523,1105 1523,1106 1523,1106 1510,1106 1508,1105 1508,1104 1507,1102 1289,1102 1287,1101 1287,1100 1286,1098 1277,1098 1276,1098 1276,1097 1274,1094 1269,1094 1268,1094 1268,1093 1266,1090 1265,1090 1264,1090 1264,1085 1263,1083 1080,1083 1078,1085 1078,1086 1078,1086 1064,1086 1063,1086 1063,1085 1061,1082 1060,1082 1059,1082 1059,1081 1058,1079 1054,1079 1053,1078 1052,1078 1051,1078 1051,1069 1049,1066 1048,1066 1047,1066 1047,1061 1046,1059 1045,1059 1043,1058 1043,1053 1045,1051 1046,1051 1047,1050 1047,1045 1049,1043 1050,1043 1051,1042 1051,1041 1053,1039 1054,1039 1055,1038 1055,1037 1057,1035 1058,1035 1059,1034 1059,1033 1061,1031 1070,1031 1070,1031 1070,1030 1073,1027 1232,1027 1232,1027 1232,974 1234,972 1235,972 1236,971 1236,970 1238,968 1365,968 1366,970 1366,971 1368,972 1369,972 1370,974 1370,1015 1371,1015 1669,1015 1669,1015 1669,971 1672,968 1673,968 1673,968 1673,967 1676,964 1684,964 1688,960 1696,960 1697,962 1697,963 1698,963 1699,964 1700,964 1701,966 1701,967 1703,968 1704,968 1705,970 1705,1015 1706,1015 1766,1015 1768,1018 1768,1019 1769,1019 2067,1019 2067,1019 2067,1018 2070,1015 2089,1015 2090,1016 2091,1016 2091,1017 2091,1018 2093,1019 2398,1019 2398,1019 2398,1018 2401,1015 2634,1015 2635,1014 2635,1013 2636,1012 2637,1012 2638,1011 2638,1010 2640,1008 2642,1008 2643,1010 2643,1011 2644,1011 2719,1011 2720,1012 2721,1012 2721,1013 2721,1014 2723,1015 2798,1015 2799,1016 2800,1016 2800,1017 2800,1018 2801,1018 2803,1020 2804,1020 2804,1021 2804,1026 2806,1027 2807,1027 2808,1029 2808,1070 2809,1070 2997,1070 2997,1070 2997,1021 2998,1020 2999,1020 3004,1015 3012,1015 3013,1014 3013,1013 3014,1012 3015,1012 3016,1011 3019,1011 3021,1014 3021,1015 3022,1015 3296,1015 3296,1015 3296,971 3299,968 3300,968 3300,968 3300,963 3303,960 3315,960 3316,962 3316,963 3317,963 3318,964 3319,964 3320,966 3320,1011 3321,1011 3505,1011 3505,1011 3505,967 3508,964 3512,964 3516,960 3520,960 3521,959 3521,958 3522,957 3523,956 3524,956 3525,958 3525,959 3526,959 3528,961 3529,961 3529,962 3529,987 3531,988 3714,988 3714,988 3714,974 3716,972 3717,972 3717,972 3718,971 3718,970 3720,968 3752,968 3754,971 3754,972 3755,972 3835,972 3836,974 3836,979 3838,980 3840,980 3840,981 3840,1023 3841,1023 3992,1023 3993,1024 3994,1024 3994,1025 3994,1055 3995,1055 4068,1055 4069,1057 4069,1058 4071,1059 4072,1059 4073,1061 4073,1065 4071,1067 4070,1067 4069,1068 4069,1073 4067,1075 4066,1075 4065,1076 4065,1077 4063,1079 4039,1079 4037,1081 4037,1082 4037,1082 4003,1082 4002,1083 4002,1105 4001,1106 3996,1106 3994,1108 3994,1109 3993,1110 3984,1110 3982,1109 3982,1108 3981,1106 3870,1106 3868,1105 3868,1104 3867,1102 3755,1102 3754,1102 3754,1101 3752,1098 3604,1098 3603,1099 3603,1158 3603,1158 3594,1158 3593,1158 3593,1099 3593,1098 3180,1098 3179,1099 3179,1150 3178,1151 3178,1153 3178,1153 3177,1153 3174,1156 3174,1157 3174,1157 3137,1157 3135,1156 3135,1103 3135,1102 3045,1102 3044,1103 3044,1159 3044,1159 3030,1159 3029,1159 3029,1103 3029,1102 2915,1102 2914,1103 2914,1113 2913,1114 2912,1114 2911,1115 2911,1116 2910,1117 2910,1121 2909,1122 2908,1122 2907,1123 2907,1124 2905,1126 2904,1126 2903,1127 2903,1128 2901,1130 2892,1130 2891,1131 2891,1132 2889,1134 2874,1134 2873,1133 2872,1133 2871,1133 2871,1103 2871,1102 2805,1102 2804,1103 2804,1160 2804,1160"/><TextEquiv index="1"><Unicode>„Une de vos parentes, reprit la Tou-</Unicode></TextEquiv></TextLine><TextLine id="r0_l005"><Coords points="2136,1356 2135,1356 2135,1300 2135,1299 1904,1299 1902,1298 1902,1297 1901,1295 1888,1295 1886,1294 1886,1293 1885,1291 1880,1291 1878,1290 1878,1289 1877,1287 1607,1287 1600,1287 1599,1288 1599,1297 1598,1298 1598,1299 1598,1299 1593,1299 1590,1302 1590,1303 1590,1303 1577,1303 1575,1302 1575,1301 1574,1299 1376,1299 1374,1298 1374,1297 1373,1295 1242,1295 1240,1294 1240,1293 1240,1292 1239,1292 1236,1290 1236,1284 1236,1283 1053,1283 1051,1285 1051,1286 1050,1287 1045,1287 1043,1286 1043,1285 1042,1283 1037,1283 1035,1282 1035,1281 1035,1280 1034,1280 1031,1278 1031,1277 1031,1276 1030,1276 1027,1274 1027,1270 1030,1267 1031,1267 1031,1267 1031,1226 1032,1225 1033,1225 1038,1220 1053,1220 1057,1224 1239,1224 1240,1223 1240,1222 1241,1221 1242,1221 1244,1219 1244,1218 1245,1217 1246,1217 1248,1215 1248,1214 1249,1213 1250,1213 1251,1212 1307,1212 1307,1212 1307,1171 1309,1169 1310,1169 1311,1168 1311,1163 1313,1161 1325,1161 1329,1165 1381,1165 1382,1167 1382,1168 1384,1169 1385,1169 1386,1171 1386,1176 1388,1177 1389,1177 1389,1178 1389,1179 1392,1181 1393,1181 1394,1183 1394,1188 1396,1189 1397,1189 1398,1191 1398,1204 1400,1205 1401,1205 1402,1207 1402,1212 1403,1212 1534,1212 1536,1215 1536,1216 1537,1216 1546,1216 1547,1218 1547,1219 1549,1220 1550,1220 1551,1222 1551,1223 1553,1224 1554,1224 1555,1226 1555,1228 1556,1228 1740,1228 1740,1228 1740,1227 1743,1224 1843,1224 1843,1224 1843,1210 1844,1209 1845,1209 1847,1207 1847,1202 1848,1201 1849,1201 1851,1199 1851,1194 1852,1193 1853,1193 1855,1191 1855,1190 1856,1189 1857,1189 1859,1187 1859,1186 1860,1185 1861,1185 1863,1183 1863,1182 1864,1181 1865,1181 1867,1179 1867,1178 1868,1177 1869,1177 1871,1175 1871,1174 1872,1173 1873,1173 1875,1171 1875,1170 1876,1169 1881,1169 1882,1168 1882,1167 1884,1165 1897,1165 1898,1164 1898,1163 1900,1161 1924,1161 1926,1164 1926,1165 1927,1165 1944,1165 1945,1167 1945,1168 1946,1168 1947,1169 1948,1169 1949,1171 1949,1172 1950,1172 1951,1173 1952,1173 1953,1175 1953,1176 1955,1177 1956,1177 1957,1179 1957,1180 1959,1181 1960,1181 1961,1183 1961,1184 1963,1185 1964,1185 1965,1187 1965,1188 1967,1189 1968,1189 1969,1191 1969,1192 1971,1193 1972,1193 1973,1195 1973,1200 1975,1201 1976,1201 1977,1203 1977,1208 1978,1208 1979,1208 1981,1211 1981,1216 1982,1216 2197,1216 2197,1216 2197,1168 2198,1167 2198,1166 2199,1165 2208,1165 2209,1164 2209,1163 2211,1161 2587,1161 2588,1160 2596,1160 2597,1161 2598,1161 2599,1163 2599,1212 2600,1212 2737,1212 2737,1212 2737,1211 2740,1208 2784,1208 2784,1208 2784,1171 2786,1169 2787,1169 2788,1168 2788,1164 2789,1163 2789,1162 2790,1161 2795,1161 2796,1160 2804,1160 2804,1161 2804,1164 2806,1165 2807,1165 2808,1167 2808,1211 2810,1212 3025,1212 3025,1212 3025,1163 3027,1161 3028,1161 3030,1159 3226,1159 3228,1157 3240,1157 3241,1159 3241,1160 3242,1160 3243,1161 3244,1161 3245,1163 3245,1183 3249,1187 3249,1212 3250,1212 3576,1212 3576,1212 3576,1199 3578,1197 3579,1197 3580,1196 3580,1183 3582,1181 3583,1181 3584,1180 3584,1171 3586,1169 3587,1169 3588,1168 3588,1163 3590,1161 3591,1161 3592,1160 3592,1159 3593,1158 3712,1158 3713,1157 3717,1157 3718,1159 3718,1160 3719,1161 3720,1161 3721,1161 3722,1163 3722,1208 3723,1208 3752,1208 3754,1211 3754,1212 3755,1212 3756,1212 3757,1214 3757,1215 3759,1216 3760,1216 3761,1218 3761,1219 3763,1220 3958,1220 3958,1220 3958,1219 3961,1216 3962,1216 3962,1216 3962,1215 3965,1212 3968,1212 3969,1213 3970,1213 3970,1214 3970,1215 3972,1216 4040,1216 4041,1218 4041,1219 4044,1221 4045,1221 4045,1222 4045,1223 4047,1224 4048,1224 4049,1226 4049,1227 4051,1228 4052,1228 4053,1230 4053,1231 4055,1232 4056,1232 4057,1234 4057,1235 4059,1236 4060,1236 4061,1238 4061,1258 4057,1262 4057,1294 4056,1295 4055,1295 4054,1296 4053,1297 4053,1298 4052,1299 4051,1299 4050,1300 4049,1301 4049,1302 4048,1303 4047,1303 4045,1305 4045,1306 4044,1307 4023,1307 4022,1307 4022,1306 4020,1303 3929,1303 3927,1302 3927,1301 3926,1299 3830,1299 3829,1299 3829,1298 3827,1295 3322,1295 3320,1297 3320,1298 3319,1299 3275,1299 3273,1298 3273,1297 3272,1295 2915,1295 2914,1296 2914,1311 2914,1311 2912,1311 2911,1312 2911,1328 2910,1329 2910,1330 2910,1330 2909,1331 2908,1331 2907,1332 2907,1336 2906,1337 2906,1338 2905,1339 2904,1339 2903,1340 2903,1341 2902,1342 2901,1342 2900,1343 2896,1343 2895,1344 2895,1345 2894,1346 2880,1346 2879,1347 2879,1350 2879,1350 2878,1350 2877,1351 2872,1351 2871,1352 2871,1353 2870,1354 2853,1354 2851,1353 2851,1352 2850,1350 2845,1350 2844,1350 2844,1349 2842,1346 2767,1346 2657,1346 2654,1349 2654,1354 2654,1354 2625,1354 2617,1346 2616,1346 2615,1346 2615,1300 2615,1299 2340,1299 2339,1300 2339,1356 2339,1356"/><TextEquiv index="1"><Unicode>“rière.“ On lui dépeignit la méchante</Unicode></TextEquiv></TextLine><TextLine id="r0_l006"><Coords points="2804,1555 2803,1555 2803,1497 2803,1496 2637,1496 2633,1492 2535,1492 2408,1492 2406,1494 2406,1495 2405,1496 1860,1496 1859,1497 1859,1545 1858,1546 1858,1547 1858,1547 1853,1547 1851,1549 1851,1550 1850,1551 1817,1551 1815,1550 1815,1549 1815,1548 1814,1547 1813,1547 1811,1546 1811,1524 1811,1523 1649,1523 1648,1524 1643,1524 1642,1525 1642,1526 1640,1528 1633,1528 1632,1527 1631,1527 1630,1527 1630,1526 1629,1524 1628,1524 1626,1523 1626,1501 1626,1500 1533,1500 1532,1500 1532,1499 1530,1496 1443,1496 1441,1495 1441,1494 1440,1492 1041,1492 1040,1493 1040,1494 1038,1496 1037,1496 1035,1495 1035,1494 1034,1492 1029,1492 1027,1491 1027,1479 1030,1476 1050,1476 1051,1475 1051,1470 1052,1469 1053,1469 1055,1467 1055,1454 1056,1453 1057,1453 1058,1452 1059,1452 1059,1452 1059,1439 1061,1437 1062,1437 1062,1437 1062,1436 1065,1433 1066,1433 1067,1432 1067,1415 1069,1413 1070,1413 1071,1412 1071,1411 1073,1409 1074,1409 1074,1409 1074,1401 1075,1400 1075,1399 1076,1398 1077,1398 1078,1397 1078,1389 1079,1388 1079,1387 1080,1386 1081,1386 1082,1385 1082,1365 1093,1354 1097,1354 1098,1356 1098,1357 1100,1358 1298,1358 1299,1360 1299,1361 1301,1362 1302,1362 1303,1364 1303,1365 1305,1366 1306,1366 1307,1368 1307,1413 1308,1413 1535,1413 1535,1413 1535,1400 1538,1397 1539,1397 1539,1397 1539,1392 1541,1390 1542,1390 1543,1389 1543,1384 1545,1382 1546,1382 1547,1381 1547,1376 1549,1374 1550,1374 1551,1373 1551,1372 1553,1370 1554,1370 1555,1369 1555,1368 1557,1366 1566,1366 1567,1368 1567,1420 1569,1421 1578,1421 1579,1423 1579,1468 1580,1468 1768,1468 1768,1468 1768,1443 1770,1441 1771,1441 1772,1440 1772,1439 1773,1438 1774,1437 1775,1437 1776,1436 1776,1431 1778,1429 1779,1429 1780,1428 1780,1427 1782,1425 1783,1425 1784,1424 1784,1423 1786,1421 1791,1421 1791,1421 1791,1420 1794,1417 1799,1417 1799,1417 1799,1416 1802,1413 1957,1413 1957,1413 1957,1364 1959,1362 1960,1362 1961,1361 1961,1360 1963,1358 2133,1358 2135,1356 2339,1356 2341,1358 2342,1358 2343,1360 2343,1409 2344,1409 2389,1409 2390,1411 2390,1412 2392,1413 2642,1413 2642,1413 2642,1412 2645,1409 2661,1409 2662,1411 2662,1412 2664,1413 2910,1413 2910,1413 2910,1412 2913,1409 3415,1409 3415,1409 3415,1360 3417,1358 3418,1358 3419,1357 3419,1356 3421,1354 3437,1354 3438,1356 3438,1357 3440,1358 3445,1358 3446,1360 3446,1405 3447,1405 3679,1405 3679,1405 3679,1368 3681,1366 3682,1366 3682,1366 3682,1365 3685,1362 3729,1362 3730,1364 3730,1365 3731,1365 3732,1366 3733,1366 3734,1368 3734,1413 3735,1413 4036,1413 4037,1415 4037,1416 4039,1417 4044,1417 4045,1419 4045,1420 4047,1421 4048,1421 4049,1423 4049,1428 4051,1429 4052,1429 4053,1431 4053,1432 4055,1433 4056,1433 4057,1435 4057,1487 4056,1488 4055,1488 4053,1490 4053,1491 4052,1492 4051,1492 4049,1494 4049,1495 4048,1496 4047,1496 4045,1498 4045,1499 4044,1500 4043,1500 4041,1502 4041,1503 4040,1504 4035,1504 4033,1503 4033,1502 4032,1500 3878,1500 3874,1496 3799,1496 3797,1495 3797,1494 3796,1492 3586,1492 3584,1494 3584,1495 3583,1496 3558,1496 3557,1496 3557,1495 3555,1492 3248,1492 3244,1496 3085,1496 3084,1497 3084,1546 3083,1547 3078,1547 3076,1549 3076,1550 3075,1551 3073,1551 3072,1551 3072,1550 3071,1549 3071,1548 3071,1547 3042,1547 3040,1546 3040,1497 3040,1496 2814,1496 2813,1497 2813,1555 2813,1555"/><TextEquiv index="1"><Unicode>Arſinoé, qui étoit venue prendre Laure</Unicode></TextEquiv></TextLine><TextLine id="r0_l007"><Coords points="2828,1751 2827,1751 2827,1694 2827,1693 2396,1693 2395,1694 2395,1695 2393,1697 2310,1697 2307,1700 2307,1701 2307,1701 2302,1701 2300,1703 2300,1704 2299,1705 2282,1705 2280,1704 2280,1703 2279,1701 2278,1701 2276,1700 2276,1699 2275,1697 2274,1697 2272,1696 2272,1682 2272,1681 2005,1681 1994,1681 1993,1682 1993,1683 1992,1684 1992,1685 1992,1685 1991,1685 1990,1686 1988,1688 1988,1689 1988,1689 1987,1689 1984,1692 1984,1693 1984,1693 1936,1693 1932,1697 1676,1697 1673,1700 1673,1701 1673,1701 1671,1701 1669,1700 1669,1699 1668,1697 1395,1697 1394,1697 1394,1696 1393,1695 1393,1694 1393,1693 1368,1693 1366,1692 1366,1691 1365,1689 1144,1689 1141,1692 1141,1693 1141,1693 1045,1693 1043,1692 1043,1691 1042,1689 1029,1689 1027,1688 1027,1643 1027,1642 1025,1642 1024,1642 1024,1641 1023,1640 1023,1636 1022,1634 1021,1634 1019,1633 1019,1632 1021,1630 1022,1630 1024,1628 1024,1627 1025,1626 1034,1626 1035,1625 1035,1624 1037,1622 1038,1622 1038,1622 1039,1621 1039,1620 1041,1618 1042,1618 1042,1618 1043,1617 1043,1616 1044,1615 1045,1615 1047,1613 1047,1612 1049,1610 1058,1610 1059,1609 1059,1608 1061,1606 1323,1606 1323,1606 1323,1596 1324,1595 1325,1595 1327,1593 1327,1592 1328,1591 1329,1591 1331,1589 1331,1588 1332,1587 1333,1587 1335,1585 1335,1584 1336,1583 1341,1583 1342,1582 1342,1578 1343,1577 1343,1576 1344,1575 1349,1575 1351,1573 1351,1572 1352,1571 1353,1571 1354,1570 1354,1569 1356,1567 1361,1567 1362,1566 1362,1565 1364,1563 1389,1563 1390,1562 1390,1561 1392,1559 1400,1559 1402,1562 1402,1563 1403,1563 1420,1563 1421,1565 1421,1566 1423,1567 1432,1567 1433,1569 1433,1570 1435,1571 1436,1571 1437,1573 1437,1582 1439,1583 1440,1583 1441,1585 1441,1610 1442,1610 1502,1610 1503,1611 1504,1611 1504,1612 1504,1613 1506,1614 1744,1614 1744,1614 1744,1613 1747,1610 1913,1610 1913,1610 1913,1609 1916,1606 1918,1609 1918,1610 1919,1610 1920,1610 1922,1613 1922,1614 1923,1614 1948,1614 1949,1616 1949,1626 1950,1626 2165,1626 2166,1625 2166,1624 2168,1622 2288,1622 2288,1622 2288,1557 2290,1555 2346,1555 2347,1557 2347,1558 2349,1559 2350,1559 2351,1561 2351,1610 2352,1610 2670,1610 2670,1610 2670,1565 2672,1563 2673,1563 2674,1562 2674,1561 2676,1559 2796,1559 2796,1559 2796,1557 2798,1555 2815,1555 2816,1557 2816,1558 2817,1558 2818,1559 2819,1559 2820,1561 2820,1609 2822,1610 3154,1610 3155,1609 3155,1608 3157,1606 3169,1606 3170,1608 3170,1609 3172,1610 3410,1610 3411,1609 3411,1608 3413,1606 3590,1606 3591,1607 3592,1607 3592,1608 3592,1610 3593,1610 3816,1610 3816,1610 3816,1609 3819,1606 3961,1606 3963,1609 3963,1610 3964,1610 4032,1610 4033,1612 4033,1613 4035,1614 4040,1614 4041,1616 4041,1617 4043,1618 4044,1618 4045,1620 4045,1625 4047,1626 4048,1626 4049,1628 4049,1633 4051,1634 4052,1634 4053,1636 4053,1680 4052,1681 4051,1681 4049,1683 4049,1688 4048,1689 4047,1689 4045,1691 4045,1692 4044,1693 4043,1693 4041,1695 4041,1696 4040,1697 4039,1697 4037,1699 4037,1700 4036,1701 4019,1701 4018,1701 4018,1700 4017,1699 4017,1698 4017,1697 3818,1697 3817,1697 3817,1696 3816,1695 3816,1694 3816,1693 3609,1693 3608,1694 3608,1743 3607,1744 3602,1744 3600,1746 3600,1747 3599,1748 3586,1748 3584,1747 3584,1746 3583,1744 3562,1744 3561,1744 3561,1743 3560,1742 3560,1694 3560,1693 3224,1693 3222,1695 3222,1696 3221,1697 3085,1697 3084,1697 3084,1696 3083,1695 3083,1694 3083,1693 2833,1693 2832,1694 2832,1751 2832,1751"/><TextEquiv index="1"><Unicode>au Couvent. „Je n'ai aucune parente</Unicode></TextEquiv></TextLine><TextLine id="r0_l008"><Coords points="106,1622 272,1622 272,1734 106,1734"/><TextEquiv index="1"><Unicode></Unicode></TextEquiv></TextLine><TextLine id="r0_l009"><Coords points="1930,1952 1929,1952 1929,1891 1929,1890 1861,1890 1858,1893 1858,1894 1858,1894 1679,1894 1678,1895 1678,1896 1676,1898 1664,1898 1661,1896 1661,1895 1661,1894 1581,1894 1578,1892 1578,1891 1578,1890 1312,1890 1311,1891 1311,1937 1311,1937 1310,1937 1309,1938 1308,1938 1307,1939 1307,1940 1306,1941 1269,1941 1268,1941 1268,1940 1267,1938 1266,1937 1265,1937 1264,1937 1264,1889 1263,1888 1263,1887 1263,1886 1250,1886 1248,1885 1248,1884 1247,1882 1242,1882 1240,1881 1240,1880 1239,1878 1238,1878 1236,1877 1236,1876 1235,1874 1034,1874 1031,1877 1031,1878 1031,1878 1025,1878 1023,1877 1023,1876 1022,1875 1022,1874 1021,1874 1019,1873 1019,1865 1022,1862 1023,1862 1023,1862 1023,1829 1025,1827 1026,1827 1028,1825 1028,1824 1029,1823 1030,1823 1031,1822 1031,1821 1033,1819 1071,1819 1071,1819 1071,1817 1073,1815 1247,1815 1248,1814 1248,1813 1250,1811 1255,1811 1256,1810 1256,1809 1258,1807 1425,1807 1425,1807 1425,1762 1427,1760 1428,1760 1429,1759 1429,1758 1431,1756 1436,1756 1437,1758 1437,1759 1439,1760 1444,1760 1445,1762 1445,1763 1447,1764 1448,1764 1449,1766 1449,1807 1450,1807 1721,1807 1721,1807 1721,1789 1722,1788 1723,1788 1725,1786 1725,1785 1726,1784 1727,1784 1729,1782 1729,1781 1730,1780 1731,1780 1732,1779 1732,1775 1733,1774 1733,1773 1734,1772 1735,1772 1737,1770 1737,1769 1738,1768 1752,1768 1752,1768 1752,1762 1754,1760 1787,1760 1787,1760 1787,1759 1790,1756 1791,1756 1791,1756 1791,1755 1794,1752 1811,1752 1811,1752 1811,1751 1812,1750 1812,1749 1813,1748 1830,1748 1831,1750 1831,1751 1833,1752 1834,1752 1835,1754 1835,1755 1837,1756 1838,1756 1839,1758 1839,1811 1840,1811 2032,1811 2032,1811 2032,1762 2034,1760 2035,1760 2036,1759 2036,1758 2038,1756 2153,1756 2154,1758 2154,1807 2155,1807 2223,1807 2224,1808 2225,1808 2225,1809 2225,1810 2227,1811 2371,1811 2371,1811 2371,1758 2373,1756 2385,1756 2387,1759 2387,1764 2388,1764 2389,1764 2389,1765 2390,1766 2390,1767 2391,1768 2391,1775 2393,1776 2394,1776 2394,1777 2394,1782 2397,1784 2398,1784 2398,1785 2398,1790 2401,1792 2402,1792 2402,1793 2402,1794 2404,1795 2405,1795 2406,1797 2406,1803 2407,1803 2812,1803 2812,1803 2812,1766 2814,1764 2815,1764 2816,1763 2816,1754 2818,1752 2827,1752 2828,1751 2833,1751 2834,1752 3079,1752 3080,1754 3080,1759 3082,1760 3083,1760 3084,1762 3084,1807 3085,1807 3473,1807 3474,1806 3474,1805 3476,1803 3721,1803 3722,1802 3722,1801 3723,1800 3726,1800 3726,1801 3726,1802 3728,1803 3895,1803 3895,1803 3895,1763 3896,1762 3896,1761 3897,1760 3898,1760 3899,1759 3899,1754 3901,1752 3910,1752 3911,1754 3911,1755 3913,1756 3914,1756 3915,1758 3915,1759 3917,1760 3918,1760 3919,1762 3919,1763 3921,1764 3922,1764 3923,1766 3923,1803 3924,1803 3957,1803 3958,1805 3958,1811 3959,1811 3977,1811 3978,1813 3978,1814 3979,1814 3980,1815 3981,1815 3982,1817 3982,1863 3983,1863 4037,1863 4037,1864 4037,1865 4040,1867 4041,1867 4041,1868 4041,1869 4043,1871 4044,1871 4045,1871 4045,1872 4045,1873 4047,1875 4048,1875 4049,1875 4049,1876 4049,1905 4048,1906 4047,1906 4045,1908 4045,1913 4044,1914 4043,1914 4041,1916 4041,1921 4041,1921 4040,1921 4039,1922 4024,1922 4021,1920 4021,1895 4021,1894 3952,1894 3951,1894 3951,1893 3949,1890 3720,1890 3718,1889 3718,1888 3717,1886 3502,1886 3501,1887 3501,1937 3501,1937 3500,1937 3497,1940 3497,1941 3497,1941 3492,1941 3489,1944 3489,1945 3489,1945 3464,1945 3462,1944 3462,1943 3462,1942 3461,1942 3458,1940 3458,1895 3458,1894 3179,1894 3178,1895 3178,1921 3177,1922 3176,1922 3174,1924 3174,1925 3174,1925 3173,1925 3170,1928 3170,1929 3170,1929 3169,1929 3166,1932 3166,1933 3166,1933 3165,1933 3163,1935 3163,1936 3162,1937 3157,1937 3155,1939 3155,1940 3154,1941 3149,1941 3147,1943 3147,1944 3146,1945 3113,1945 3111,1944 3111,1943 3110,1941 3105,1941 3104,1941 3104,1940 3102,1937 3101,1937 3100,1937 3100,1936 3099,1935 3099,1927 3098,1925 3097,1925 3096,1925 3096,1924 3095,1923 3095,1895 3095,1894 3019,1894 3017,1893 3017,1892 3016,1890 2629,1890 2627,1892 2627,1893 2626,1894 2617,1894 2615,1896 2615,1897 2614,1898 2609,1898 2607,1897 2607,1896 2606,1894 2597,1894 2595,1893 2595,1892 2594,1890 2408,1890 2406,1892 2406,1893 2405,1894 2046,1894 2043,1892 2043,1891 2043,1890 1935,1890 1934,1891 1934,1952 1934,1952"/><TextEquiv index="1"><Unicode>“qui reſſemble à cet indigne portrait,</Unicode></TextEquiv></TextLine><TextLine id="r0_l010"><Coords points="1616,2151 1615,2151 1615,2088 1615,2087 1372,2087 1370,2089 1370,2090 1369,2091 1356,2091 1354,2090 1354,2089 1353,2087 1238,2087 1236,2086 1236,2085 1235,2083 1230,2083 1228,2082 1228,2081 1227,2079 1226,2079 1224,2078 1224,2076 1224,2075 1037,2075 1035,2074 1035,2073 1034,2071 1033,2071 1031,2070 1031,2069 1030,2067 1029,2067 1027,2066 1027,2058 1030,2055 1031,2055 1031,2055 1031,2026 1033,2024 1034,2024 1035,2023 1035,2018 1037,2016 1082,2016 1082,2016 1082,2015 1085,2012 1235,2012 1236,2011 1236,2010 1237,2009 1238,2009 1240,2007 1240,2006 1242,2004 1287,2004 1287,2004 1287,1967 1289,1965 1290,1965 1291,1964 1291,1963 1293,1961 1298,1961 1299,1960 1299,1959 1301,1957 1464,1957 1464,1958 1464,1959 1468,1962 1650,1962 1650,1962 1650,1959 1652,1957 1653,1957 1653,1957 1653,1956 1656,1953 1665,1953 1666,1954 1848,1954 1849,1953 1928,1953 1929,1952 1934,1952 1935,1953 2054,1953 2063,1963 2063,1964 2064,1965 2064,2008 2065,2008 2244,2008 2245,2007 2245,1998 2247,1996 2248,1996 2248,1996 2248,1988 2249,1987 2249,1986 2250,1985 2251,1985 2252,1984 2252,1980 2253,1979 2253,1978 2254,1977 2255,1977 2257,1975 2257,1974 2258,1973 2259,1973 2261,1971 2261,1970 2262,1969 2275,1969 2276,1968 2276,1967 2278,1965 2279,1965 2280,1964 2280,1963 2282,1961 2283,1961 2284,1960 2284,1959 2286,1957 2287,1957 2288,1956 2288,1955 2290,1953 2338,1953 2339,1955 2339,1956 2341,1957 2346,1957 2347,1959 2347,1960 2349,1961 2350,1961 2351,1963 2351,1964 2353,1965 2354,1965 2355,1967 2355,1968 2357,1969 2358,1969 2359,1971 2359,1984 2360,1984 2361,1984 2363,1987 2363,2008 2364,2008 2614,2008 2615,2007 2615,2006 2617,2004 2712,2004 2714,2007 2714,2008 2715,2008 2720,2008 2721,2010 2721,2011 2723,2012 2883,2012 2883,2012 2883,1959 2885,1957 2886,1957 2887,1956 2887,1955 2889,1953 2894,1953 2894,1953 2894,1952 2897,1949 2937,1949 2938,1951 2938,1952 2940,1953 2945,1953 2946,1955 2946,1956 2947,1956 2948,1957 2949,1957 2950,1959 2950,2004 2951,2004 3371,2004 3371,2004 3371,1995 3374,1992 3375,1992 3375,1992 3375,1991 3377,1989 3379,1989 3379,1990 3379,1991 3382,1993 3383,1993 3383,1994 3383,2004 3384,2004 3974,2004 3974,2004 3974,1955 3976,1953 3977,1953 3978,1952 3978,1951 3980,1949 3989,1949 3990,1951 3990,1956 3992,1957 3993,1957 3994,1959 3994,2004 3995,2004 4040,2004 4041,2006 4041,2007 4043,2008 4044,2008 4045,2010 4045,2011 4047,2012 4048,2012 4049,2014 4049,2066 4047,2068 4046,2068 4045,2069 4045,2082 4044,2083 4043,2083 4041,2085 4041,2086 4040,2087 4039,2087 4037,2089 4037,2090 4036,2091 3668,2091 3667,2092 3667,2141 3666,2142 3629,2142 3628,2142 3628,2141 3627,2140 3627,2088 3627,2087 3444,2087 3443,2088 3443,2089 3441,2091 3212,2091 3210,2090 3210,2089 3209,2087 3015,2087 3013,2089 3013,2090 3012,2091 2908,2091 2907,2092 2907,2093 2901,2099 2881,2099 2879,2098 2879,2097 2878,2095 2873,2095 2871,2094 2871,2092 2871,2091 2333,2091 2331,2093 2331,2094 2330,2095 1920,2095 1917,2093 1917,2092 1917,2091 1632,2091 1630,2090 1630,2089 1629,2087 1622,2087 1621,2088 1621,2151 1621,2151"/><TextEquiv index="1"><Unicode>“s'eſt écrié le Comte. Je ne comprends</Unicode></TextEquiv></TextLine><TextLine id="r0_l011"><Coords points="3419,2346 3418,2346 3418,2293 3418,2292 1371,2292 1370,2293 1370,2315 1369,2316 1361,2316 1358,2314 1358,2313 1358,2312 1357,2312 1354,2310 1354,2309 1354,2308 1353,2308 1350,2306 1350,2305 1350,2304 1349,2304 1346,2302 1346,2301 1346,2300 1345,2300 1342,2298 1342,2297 1342,2296 1341,2296 1338,2294 1338,2285 1338,2284 1242,2284 1240,2283 1240,2282 1239,2280 1230,2280 1228,2279 1228,2273 1228,2272 1025,2272 1023,2271 1023,2270 1022,2268 1021,2268 1019,2267 1019,2263 1022,2260 1023,2260 1023,2260 1023,2223 1025,2221 1026,2221 1027,2220 1027,2219 1029,2217 1070,2217 1070,2217 1070,2216 1073,2213 1232,2213 1232,2213 1232,2207 1234,2205 1303,2205 1303,2205 1303,2163 1303,2162 734,2162 732,2161 732,2156 734,2154 743,2154 743,2154 743,2153 746,2150 3272,2150 3273,2149 3273,2148 3275,2146 3500,2146 3502,2149 3502,2150 3503,2150 3898,2150 3900,2153 3900,2154 3901,2154 3902,2154 3903,2156 3903,2161 3905,2162 3906,2162 3907,2164 3907,2165 3909,2166 3910,2166 3911,2168 3911,2173 3912,2173 3913,2173 3915,2176 3915,2177 3916,2177 3917,2177 3919,2180 3919,2197 3920,2197 4028,2197 4029,2199 4029,2200 4031,2201 4036,2201 4037,2203 4037,2208 4039,2209 4040,2209 4041,2211 4041,2216 4043,2217 4044,2217 4045,2219 4045,2220 4047,2221 4048,2221 4049,2223 4049,2271 4048,2272 4047,2272 4046,2273 4045,2274 4045,2275 4044,2276 4043,2276 4042,2277 4041,2278 4041,2279 4040,2280 4039,2280 4038,2281 4037,2282 4037,2283 4036,2284 4035,2284 4034,2285 4033,2286 4033,2287 4032,2288 3432,2288 3431,2289 3431,2346 3431,2346"/><TextEquiv index="1"><Unicode>“rien à cela.“ Il a demandé la Mère</Unicode></TextEquiv></TextLine><TextLine id="r0_l012"><Coords points="2790,2548 2789,2548 2789,2547 2787,2544 2786,2544 2785,2544 2785,2543 2783,2540 2778,2540 2777,2540 2777,2539 2776,2538 2776,2486 2776,2485 2605,2485 2603,2487 2603,2488 2602,2489 2586,2489 2582,2485 2270,2485 2268,2487 2268,2488 2267,2489 2120,2489 2119,2490 2119,2547 2119,2547 2111,2547 2110,2547 2110,2490 2110,2489 2010,2489 2009,2489 2009,2488 2007,2485 1827,2485 1604,2485 1603,2486 1603,2487 1601,2489 1597,2489 1594,2487 1594,2486 1594,2485 1301,2485 1299,2484 1299,2483 1298,2481 1049,2481 1047,2480 1047,2479 1046,2477 1041,2477 1039,2476 1039,2475 1038,2473 1025,2473 1023,2472 1023,2471 1022,2469 1017,2469 1016,2469 1016,2468 1015,2467 1015,2448 1018,2445 1019,2445 1019,2445 1019,2373 1021,2371 1022,2371 1023,2370 1023,2365 1025,2363 1026,2363 1027,2362 1027,2361 1029,2359 1030,2359 1030,2359 1031,2358 1031,2357 1033,2355 1034,2355 1034,2355 1035,2354 1035,2353 1037,2351 1046,2351 1047,2350 1047,2349 1049,2347 1081,2347 1083,2350 1083,2351 1084,2351 1089,2351 1091,2354 1091,2355 1092,2355 1093,2355 1095,2358 1095,2359 1096,2359 1097,2359 1098,2361 1098,2402 1099,2402 1243,2402 1244,2401 1244,2400 1246,2398 1247,2398 1248,2397 1248,2396 1249,2395 1250,2395 1252,2393 1252,2392 1253,2391 1254,2391 1256,2389 1256,2388 1257,2387 1258,2387 1259,2386 1267,2386 1268,2385 1268,2384 1269,2383 1270,2383 1271,2382 1275,2382 1275,2382 1275,2381 1277,2379 1278,2379 1279,2378 1311,2378 1311,2378 1311,2361 1313,2359 1314,2359 1315,2358 1315,2357 1317,2355 1318,2355 1319,2354 1319,2353 1321,2351 1322,2351 1323,2350 1323,2349 1325,2347 1330,2347 1330,2348 1330,2349 1331,2350 1331,2354 1333,2355 1334,2355 1334,2356 1334,2357 1335,2358 1335,2362 1337,2363 1338,2363 1338,2364 1338,2365 1339,2366 1339,2378 1341,2379 1342,2379 1342,2380 1342,2381 1343,2382 1343,2394 1344,2394 1345,2394 1346,2396 1346,2402 1347,2402 1459,2402 1461,2404 1634,2404 1636,2402 1760,2402 1760,2402 1760,2357 1762,2355 1763,2355 1764,2354 1764,2353 1766,2351 1783,2351 1783,2352 1783,2353 1786,2355 1787,2355 1787,2356 1787,2357 1788,2358 1788,2453 1789,2453 1826,2453 1827,2455 1827,2456 1829,2457 1833,2457 1841,2465 1842,2465 1843,2467 1843,2477 1844,2477 2015,2477 2016,2476 2016,2475 2018,2473 2019,2473 2020,2472 2020,2471 2022,2469 2023,2469 2024,2468 2024,2372 2024,2371 2019,2371 2018,2370 2017,2370 2016,2370 2016,2369 2014,2366 2013,2366 2012,2366 2012,2361 2014,2359 2015,2359 2016,2358 2016,2357 2018,2355 2126,2355 2126,2355 2126,2354 2127,2353 2127,2352 2128,2351 2129,2351 2129,2351 2131,2349 2131,2348 2132,2347 2193,2347 2193,2348 2193,2349 2197,2353 2197,2402 2198,2402 2267,2402 2268,2404 2268,2405 2270,2406 2453,2406 2453,2406 2453,2405 2454,2404 2454,2403 2455,2402 2456,2402 2458,2404 2458,2405 2458,2406 2459,2406 2532,2406 2532,2406 2532,2361 2534,2359 2535,2359 2535,2359 2536,2358 2536,2357 2538,2355 2539,2355 2539,2355 2540,2354 2540,2353 2542,2351 2551,2351 2552,2353 2552,2354 2554,2355 2559,2355 2560,2357 2560,2358 2561,2359 2562,2359 2563,2359 2564,2361 2564,2406 2565,2406 2784,2406 2784,2406 2784,2405 2787,2402 3099,2402 3099,2402 3099,2401 3100,2400 3102,2398 3103,2398 3103,2398 3103,2381 3105,2379 3106,2379 3107,2378 3107,2369 3109,2367 3110,2367 3111,2366 3111,2366 3111,2365 3113,2363 3114,2363 3115,2362 3115,2362 3115,2361 3117,2359 3118,2359 3118,2359 3119,2358 3119,2357 3121,2355 3122,2355 3122,2355 3123,2354 3123,2353 3125,2351 3126,2351 3127,2350 3127,2349 3129,2347 3158,2347 3158,2348 3158,2349 3161,2351 3162,2351 3162,2352 3162,2353 3163,2354 3163,2402 3164,2402 3403,2402 3403,2402 3403,2388 3404,2387 3405,2387 3407,2385 3407,2376 3408,2375 3409,2375 3411,2373 3411,2364 3412,2363 3413,2363 3415,2361 3415,2349 3417,2347 3418,2347 3419,2346 3431,2346 3432,2347 3520,2347 3521,2349 3521,2350 3523,2351 3524,2351 3525,2353 3525,2354 3526,2355 3527,2355 3528,2355 3529,2357 3529,2402 3530,2402 3721,2402 3722,2401 3722,2400 3724,2398 3729,2398 3730,2397 3730,2396 3732,2394 3734,2394 3734,2394 3734,2353 3737,2350 3738,2350 3738,2350 3738,2349 3740,2347 3749,2347 3749,2347 3749,2346 3750,2345 3750,2344 3751,2343 3753,2343 3753,2344 3753,2345 3758,2350 3758,2354 3760,2355 3761,2355 3761,2356 3761,2358 3762,2359 3762,2398 3763,2398 3874,2398 3876,2401 3876,2402 3877,2402 4014,2402 4014,2402 4014,2356 4015,2355 4016,2355 4017,2354 4017,2350 4018,2349 4018,2348 4019,2347 4024,2347 4026,2350 4026,2351 4027,2351 4028,2351 4029,2353 4029,2361 4032,2363 4033,2363 4033,2364 4033,2377 4036,2379 4037,2379 4037,2380 4037,2417 4039,2418 4040,2418 4041,2420 4041,2457 4042,2457 4048,2457 4049,2459 4049,2476 4048,2477 4047,2477 4045,2479 4045,2480 4044,2481 3886,2481 3883,2484 3883,2485 3883,2485 3188,2485 3186,2487 3186,2488 3185,2489 3180,2489 3179,2489 3179,2488 3177,2485 2940,2485 2938,2487 2938,2488 2937,2489 2813,2489 2812,2490 2812,2539 2811,2540 2810,2540 2808,2542 2808,2543 2807,2544 2802,2544 2800,2546 2800,2547 2799,2548"/><TextEquiv index="1"><Unicode>S. Amand. Elle n'a pu ſe réſoudre à</Unicode></TextEquiv></TextLine><TextLine id="r0_l013"><Coords points="1931,2745 1930,2745 1930,2744 1928,2741 1916,2741 1912,2737 1911,2737 1910,2737 1910,2691 1910,2690 1806,2690 1802,2686 1770,2686 1768,2685 1768,2684 1767,2682 1474,2682 1473,2683 1473,2684 1472,2685 1472,2686 1472,2686 1470,2686 1469,2686 1469,2685 1468,2684 1468,2683 1468,2682 1281,2682 1280,2682 1280,2681 1278,2678 1021,2678 1020,2678 1020,2677 1018,2674 1017,2674 1016,2674 1016,2673 1015,2672 1015,2605 1014,2603 1013,2603 1012,2603 1012,2600 1013,2599 1014,2599 1018,2595 1031,2595 1031,2595 1031,2570 1033,2568 1034,2568 1035,2567 1035,2566 1037,2564 1038,2564 1039,2563 1039,2554 1041,2552 1042,2552 1043,2551 1043,2551 1043,2550 1045,2548 1050,2548 1051,2547 1051,2546 1053,2544 1062,2544 1063,2543 1063,2542 1065,2540 1093,2540 1094,2542 1094,2543 1096,2544 1097,2544 1098,2546 1098,2547 1100,2548 1101,2548 1102,2550 1102,2551 1104,2552 1105,2552 1106,2554 1106,2595 1107,2595 1275,2595 1275,2595 1275,2594 1278,2591 1282,2591 1283,2593 1283,2594 1285,2595 1496,2595 1496,2595 1496,2550 1498,2548 1499,2548 1500,2547 1500,2546 1502,2544 1515,2544 1516,2546 1516,2551 1518,2552 1519,2552 1520,2554 1520,2599 1521,2599 1709,2599 1709,2599 1709,2554 1711,2552 1712,2552 1712,2552 1712,2551 1715,2548 1720,2548 1720,2548 1720,2547 1723,2544 1731,2544 1736,2550 1736,2551 1737,2552 1737,2603 1738,2603 2019,2603 2020,2602 2020,2601 2022,2599 2095,2599 2095,2599 2095,2585 2096,2584 2097,2584 2099,2582 2099,2569 2100,2568 2101,2568 2103,2566 2103,2562 2107,2558 2107,2550 2109,2548 2110,2548 2111,2547 2193,2547 2194,2546 2194,2545 2195,2544 2208,2544 2209,2546 2209,2547 2211,2548 2216,2548 2217,2550 2217,2551 2219,2552 2220,2552 2221,2554 2221,2599 2222,2599 2627,2599 2627,2599 2627,2573 2628,2572 2633,2572 2635,2570 2635,2569 2636,2568 2637,2568 2639,2566 2639,2565 2640,2564 2669,2564 2678,2574 2678,2579 2679,2579 2680,2579 2682,2582 2682,2595 2683,2595 2867,2595 2867,2595 2867,2554 2869,2552 2874,2552 2875,2551 2875,2550 2877,2548 2890,2548 2891,2550 2891,2599 2892,2599 2956,2599 2958,2602 2958,2603 2959,2603 3146,2603 3147,2602 3147,2601 3149,2599 3619,2599 3619,2599 3619,2555 3620,2554 3620,2553 3621,2552 3622,2552 3624,2550 3624,2549 3625,2548 3630,2548 3632,2546 3632,2545 3633,2544 3642,2544 3643,2546 3643,2547 3645,2548 3646,2548 3647,2550 3647,2599 3648,2599 3942,2599 3942,2599 3942,2598 3945,2595 3950,2595 3950,2595 3950,2547 3957,2540 3961,2540 3963,2543 3963,2544 3964,2544 3969,2544 3970,2546 3970,2547 3972,2548 3973,2548 3974,2550 3974,2595 3975,2595 4036,2595 4037,2597 4037,2598 4039,2599 4040,2599 4041,2601 4041,2606 4043,2607 4044,2607 4045,2609 4045,2614 4047,2615 4048,2615 4049,2617 4049,2665 4048,2666 4047,2666 4045,2668 4045,2669 4044,2670 4043,2670 4042,2671 4041,2672 4041,2673 4040,2674 4039,2674 4038,2675 4037,2676 4037,2677 4036,2678 4035,2678 4034,2679 4033,2680 4033,2681 4032,2682 4016,2682 4012,2678 3823,2678 3819,2682 3755,2682 3754,2683 3754,2684 3752,2686 3744,2686 3742,2685 3742,2684 3741,2682 3680,2682 3499,2682 3498,2683 3498,2684 3496,2686 3329,2686 3328,2687 3328,2736 3326,2738 3325,2738 3324,2739 3324,2740 3323,2741 3287,2741 3285,2740 3285,2691 3285,2690 3236,2690 3233,2688 3233,2687 3233,2686 3228,2686 3225,2684 3225,2683 3225,2682 3031,2682 3028,2685 3028,2686 3028,2686 3015,2686 3013,2688 3013,2689 3012,2690 2940,2690 2938,2689 2938,2688 2937,2686 2250,2686 2249,2687 2249,2688 2247,2690 2227,2690 2225,2689 2225,2688 2224,2686 1954,2686 1953,2687 1953,2740 1952,2741 1939,2741 1938,2742 1938,2743 1936,2745"/><TextEquiv index="1"><Unicode>ſoutenir la préſence &amp; les reproches de</Unicode></TextEquiv></TextLine><TextLine id="r0_l014"><Coords points="1709,2937 1708,2937 1708,2880 1708,2879 1304,2879 1303,2880 1303,2929 1302,2930 1297,2930 1295,2932 1295,2933 1294,2934 1289,2934 1287,2933 1287,2932 1286,2930 1273,2930 1272,2930 1272,2929 1271,2928 1271,2876 1271,2875 1132,2875 1129,2873 1129,2872 1129,2871 1049,2871 1047,2870 1047,2869 1046,2867 1041,2867 1039,2866 1039,2865 1038,2863 1033,2863 1031,2862 1031,2857 1030,2855 1029,2855 1027,2854 1027,2849 1027,2848 1026,2848 1023,2846 1026,2843 1027,2843 1027,2843 1027,2814 1029,2812 1030,2812 1031,2811 1031,2810 1033,2808 1034,2808 1035,2807 1035,2806 1037,2804 1038,2804 1039,2803 1039,2802 1041,2800 1046,2800 1047,2799 1047,2798 1049,2796 1062,2796 1063,2795 1063,2794 1065,2792 1156,2792 1157,2794 1157,2795 1159,2796 1362,2796 1362,2796 1362,2751 1364,2749 1365,2749 1366,2748 1366,2747 1368,2745 1381,2745 1382,2747 1382,2748 1384,2749 1385,2749 1386,2751 1386,2756 1388,2757 1389,2757 1390,2759 1390,2760 1392,2761 1393,2761 1394,2763 1394,2768 1396,2769 1397,2769 1398,2771 1398,2776 1399,2776 1400,2776 1402,2779 1402,2780 1403,2780 1404,2780 1405,2782 1405,2783 1406,2784 1406,2796 1407,2796 1657,2796 1657,2796 1657,2753 1658,2752 1658,2750 1659,2749 1660,2749 1662,2747 1662,2747 1662,2746 1663,2745 1858,2745 1858,2746 1858,2747 1860,2748 1861,2749 1862,2749 1862,2750 1862,2751 1863,2752 1863,2753 1864,2753 1996,2753 1996,2754 1996,2755 1997,2756 1997,2763 1998,2763 2170,2763 2170,2763 2170,2762 2171,2761 2172,2761 2178,2755 2178,2754 2179,2753 2192,2753 2194,2751 2194,2750 2195,2749 2279,2749 2280,2748 2280,2747 2282,2745 2527,2745 2529,2743 2529,2742 2530,2741 2539,2741 2540,2743 2540,2744 2542,2745 2685,2745 2686,2747 2686,2748 2687,2749 2688,2749 2689,2749 2690,2751 2690,2796 2691,2796 2930,2796 2930,2796 2930,2790 2931,2789 2932,2789 2934,2787 2934,2779 2937,2776 2938,2776 2938,2776 2938,2771 2941,2768 2942,2768 2942,2768 2942,2763 2945,2760 2946,2760 2946,2760 2946,2755 2948,2753 2953,2753 2953,2753 2953,2752 2960,2745 2965,2745 2965,2745 2965,2744 2968,2741 2984,2741 2986,2744 2986,2745 2987,2745 3083,2745 3084,2747 3084,2748 3085,2749 3086,2749 3087,2749 3088,2751 3088,2752 3089,2753 3090,2753 3091,2753 3092,2755 3092,2792 3093,2792 3296,2792 3296,2792 3296,2752 3297,2751 3297,2750 3298,2749 3354,2749 3358,2745 3371,2745 3371,2746 3371,2751 3374,2753 3375,2753 3375,2754 3375,2756 3376,2757 3376,2792 3377,2792 3681,2792 3683,2794 3801,2794 3801,2794 3801,2747 3803,2745 3808,2745 3808,2745 3808,2744 3809,2743 3809,2742 3810,2741 3915,2741 3915,2741 3915,2739 3917,2737 3926,2737 3927,2736 3927,2735 3929,2733 3930,2733 3931,2735 3931,2736 3933,2737 3981,2737 3982,2739 3982,2740 3983,2740 3984,2741 3985,2741 3986,2743 3986,2788 3987,2788 4032,2788 4033,2790 4033,2791 4035,2792 4040,2792 4041,2794 4041,2795 4043,2796 4044,2796 4045,2798 4045,2799 4047,2800 4048,2800 4049,2802 4049,2807 4051,2808 4052,2808 4053,2810 4053,2815 4055,2816 4056,2816 4057,2818 4057,2854 4056,2855 4055,2855 4053,2857 4053,2862 4052,2863 4051,2863 4049,2865 4049,2866 4048,2867 4047,2867 4045,2869 4045,2870 4044,2871 4043,2871 4041,2873 4041,2874 4040,2875 3707,2875 3706,2876 3706,2926 3706,2926 3701,2926 3698,2929 3698,2930 3698,2930 3661,2930 3659,2929 3659,2928 3659,2927 3658,2927 3655,2925 3655,2881 3655,2880 3510,2880 3509,2881 3509,2882 3508,2883 3488,2883 3485,2881 3485,2880 3485,2879 3042,2879 3041,2880 3041,2881 3040,2882 3040,2883 3040,2883 3038,2883 3037,2883 3037,2882 3036,2881 3036,2880 3036,2879 2924,2879 2922,2878 2922,2877 2921,2875 2696,2875 2693,2878 2693,2879 2693,2879 1983,2879 1981,2881 1981,2882 1980,2883 1912,2883 1909,2881 1909,2880 1909,2879 1714,2879 1713,2880 1713,2937 1713,2937"/><TextEquiv index="1"><Unicode>ce père irrité. Elle lui a fait dire qu'elle</Unicode></TextEquiv></TextLine><TextLine id="r0_l015"><Coords points="3657,3127 3655,3126 3655,3112 3655,3111 3507,3111 3505,3110 3505,3081 3505,3080 3251,3080 3250,3080 3250,3079 3248,3076 2948,3076 2946,3075 2946,3074 2945,3072 2739,3072 2737,3074 2737,3075 2736,3076 2719,3076 2718,3075 2536,3075 2535,3076 2515,3076 2511,3072 2291,3072 2097,3072 2095,3074 2095,3075 2094,3076 2046,3076 2043,3074 2043,3073 2043,3072 1827,3072 1786,3072 1783,3075 1783,3076 1783,3076 1762,3076 1760,3075 1760,3074 1759,3072 1595,3072 1556,3072 1555,3073 1555,3075 1554,3076 1553,3076 1552,3077 1552,3078 1550,3080 1549,3080 1547,3079 1547,3078 1546,3076 1482,3076 1481,3076 1481,3075 1479,3072 1108,3072 1106,3071 1106,3070 1105,3068 1021,3068 1020,3068 1020,3067 1018,3064 1017,3064 1016,3064 1016,3063 1015,3062 1015,2996 1018,2993 1019,2993 1019,2993 1019,2992 1022,2989 1031,2989 1031,2989 1031,2988 1034,2985 1035,2985 1035,2985 1035,2976 1038,2973 1039,2973 1039,2973 1039,2956 1041,2954 1042,2954 1043,2953 1043,2952 1045,2950 1050,2950 1051,2949 1051,2948 1053,2946 1054,2946 1055,2945 1055,2944 1057,2942 1062,2942 1062,2942 1062,2941 1065,2938 1066,2938 1066,2938 1066,2937 1069,2934 1074,2934 1074,2934 1074,2933 1077,2930 1093,2930 1094,2932 1094,2933 1096,2934 1097,2934 1098,2936 1098,2937 1100,2938 1101,2938 1102,2940 1102,2981 1103,2981 1235,2981 1236,2983 1236,2984 1239,2986 1240,2986 1240,2987 1240,2988 1242,2989 1243,2989 1244,2991 1244,2992 1246,2993 1487,2993 1488,2992 1488,2991 1490,2989 1491,2989 1492,2991 1492,2992 1494,2993 1701,2993 1701,2993 1701,2940 1703,2938 1708,2938 1709,2937 1714,2937 1715,2938 1720,2938 1721,2940 1721,2988 1723,2989 1767,2989 1768,2991 1768,2993 1769,2993 2114,2993 2114,2993 2114,2946 2115,2945 2115,2943 2116,2942 2121,2942 2123,2940 2123,2939 2124,2938 2303,2938 2304,2937 2304,2936 2306,2934 2315,2934 2315,2935 2315,2936 2316,2937 2316,2989 2317,2989 2642,2989 2642,2989 2642,2945 2643,2944 2643,2943 2644,2942 2649,2942 2651,2940 2651,2939 2652,2938 2657,2938 2659,2936 2659,2935 2660,2934 2669,2934 2670,2936 2670,2985 2671,2985 2728,2985 2729,2987 2729,2988 2731,2989 2740,2989 2741,2991 2741,2992 2743,2993 3095,2993 3095,2993 3095,2992 3098,2989 3417,2989 3419,2992 3419,2993 3420,2993 3425,2993 3427,2996 3427,2997 3428,2997 3445,2997 3446,2999 3446,3000 3447,3000 3448,3001 3449,3001 3450,3002 3633,3002 3636,2999 3636,2998 3637,2997 3642,2997 3643,2996 3643,2995 3645,2993 3662,2993 3663,2992 3663,2991 3665,2989 3808,2989 3808,2989 3808,2978 3809,2977 3809,2943 3810,2942 3919,2942 3919,2942 3919,2940 3921,2938 3922,2938 3923,2937 3923,2936 3925,2934 3930,2934 3931,2933 3931,2932 3933,2930 3977,2930 3978,2932 3978,2933 3979,2933 3980,2934 3981,2934 3982,2936 3982,2941 3984,2942 3985,2942 3986,2944 3986,2985 3987,2985 4044,2985 4045,2987 4045,2996 4047,2997 4048,2997 4049,2999 4049,3000 4051,3001 4052,3001 4053,3003 4053,3055 4052,3056 4051,3056 4049,3058 4049,3059 4048,3060 4047,3060 4045,3062 4045,3063 4044,3064 4043,3064 4041,3066 4041,3067 4040,3068 4039,3068 4037,3070 4037,3071 4036,3072 3783,3072 3781,3074 3781,3075 3780,3076 3711,3076 3710,3077 3710,3119 3710,3119 3709,3119 3701,3127"/><TextEquiv index="1"><Unicode>ſe trouvoit mal dans le moment, qu'elle</Unicode></TextEquiv></TextLine><TextLine id="r0_l016"><Coords points="2368,3328 2367,3328 2367,3270 2367,3269 2306,3269 2304,3268 2304,3267 2303,3265 2101,3265 2099,3267 2099,3268 2098,3269 1459,3269 1456,3267 1456,3266 1456,3265 1269,3265 1268,3266 1268,3318 1267,3319 1267,3320 1267,3320 1230,3320 1228,3319 1228,3270 1228,3269 1104,3269 1102,3268 1102,3267 1101,3265 1025,3265 1023,3264 1023,3257 1023,3256 1024,3255 1024,3254 1025,3253 1038,3253 1039,3252 1039,3148 1039,3147 1037,3147 1035,3146 1035,3145 1034,3143 1029,3143 1028,3143 1028,3142 1026,3139 1025,3139 1023,3138 1023,3137 1025,3135 1026,3135 1027,3134 1027,3133 1029,3131 1058,3131 1059,3133 1059,3134 1060,3135 1061,3135 1062,3135 1063,3137 1063,3182 1064,3182 1120,3182 1124,3186 1338,3186 1338,3186 1338,3185 1341,3182 1394,3182 1394,3182 1394,3137 1396,3135 1397,3135 1397,3135 1397,3134 1400,3131 1412,3131 1414,3134 1414,3135 1415,3135 1550,3135 1551,3137 1551,3142 1553,3143 1554,3143 1555,3145 1555,3178 1556,3178 1597,3178 1598,3179 1768,3179 1768,3179 1768,3137 1770,3135 1795,3135 1795,3136 1795,3137 1796,3138 1796,3186 1797,3186 2299,3186 2300,3185 2300,3184 2302,3182 2425,3182 2426,3181 2426,3180 2428,3178 2436,3178 2438,3181 2438,3182 2439,3182 2717,3182 2717,3182 2717,3173 2720,3170 2721,3170 2721,3170 2721,3161 2723,3159 2724,3159 2725,3158 2725,3149 2727,3147 2728,3147 2728,3147 2729,3146 2729,3145 2731,3143 2736,3143 2737,3142 2737,3141 2739,3139 2740,3139 2741,3138 2741,3137 2743,3135 2772,3135 2772,3136 2772,3137 2775,3139 2776,3139 2776,3140 2776,3141 2779,3143 2780,3143 2780,3144 2780,3145 2781,3146 2781,3186 2782,3186 2791,3186 2793,3189 2793,3190 2794,3190 2803,3190 2804,3192 2804,3194 2805,3194 2989,3194 2989,3194 2989,3141 2991,3139 2996,3139 2997,3138 2997,3137 2999,3135 3106,3135 3111,3141 3111,3182 3112,3182 3150,3182 3151,3184 3151,3189 3153,3190 3236,3190 3238,3193 3238,3194 3239,3194 3371,3194 3371,3194 3371,3145 3373,3143 3374,3143 3374,3143 3375,3142 3375,3141 3377,3139 3386,3139 3387,3141 3387,3142 3388,3142 3389,3143 3390,3143 3391,3145 3391,3150 3392,3150 3393,3150 3395,3153 3395,3154 3396,3154 3397,3154 3399,3157 3399,3166 3400,3166 3401,3166 3403,3169 3403,3190 3404,3190 3764,3190 3765,3189 3765,3188 3767,3186 3898,3186 3902,3182 4025,3182 4025,3182 4025,3181 4028,3178 4032,3178 4033,3180 4033,3181 4035,3182 4036,3182 4037,3184 4037,3189 4039,3190 4040,3190 4041,3192 4041,3197 4043,3198 4044,3198 4045,3200 4045,3252 4044,3253 4043,3253 4041,3255 4041,3260 4040,3261 4039,3261 4037,3263 4037,3264 4036,3265 4031,3265 4030,3266 4030,3267 4028,3269 4019,3269 4018,3270 4018,3271 4017,3272 4017,3273 4017,3273 3830,3273 3829,3273 3829,3272 3827,3269 3562,3269 3561,3270 3561,3271 3559,3273 3507,3273 3506,3273 3506,3272 3504,3269 2940,3269 2938,3271 2938,3272 2937,3273 2932,3273 2930,3272 2930,3271 2929,3269 2381,3269 2380,3270 2380,3328 2380,3328"/><TextEquiv index="1"><Unicode>le prioit de remettre ſa viſite à un autre</Unicode></TextEquiv></TextLine><TextLine id="r0_l017"><Coords points="3940,3513 3939,3513 3939,3512 3937,3509 3928,3509 3927,3509 3927,3471 3927,3470 3862,3470 3860,3469 3860,3468 3859,3466 3183,3466 3182,3467 3182,3477 3181,3478 3180,3478 3178,3480 3178,3489 3177,3490 3176,3490 3174,3492 3174,3497 3174,3497 3173,3497 3172,3498 3170,3500 3170,3501 3170,3501 3169,3501 3166,3504 3166,3505 3166,3505 3165,3505 3162,3508 3162,3509 3162,3509 3157,3509 3155,3511 3155,3512 3154,3513 3144,3513 3143,3513 3143,3471 3143,3470 2696,3470 2694,3469 2694,3468 2693,3466 2676,3466 2674,3465 2674,3464 2673,3462 2490,3462 2489,3463 2489,3473 2488,3474 2487,3474 2486,3475 2485,3476 2485,3477 2485,3477 2484,3477 2481,3480 2481,3481 2481,3481 2480,3481 2477,3484 2477,3485 2477,3485 2476,3485 2475,3486 2471,3486 2469,3488 2469,3489 2469,3489 2468,3489 2467,3490 2463,3490 2461,3492 2461,3493 2461,3493 2460,3493 2459,3494 2437,3494 2436,3493 2435,3493 2434,3493 2434,3492 2433,3491 2432,3489 2431,3489 2430,3489 2430,3467 2430,3466 2211,3466 2209,3468 2209,3469 2208,3470 2046,3470 2043,3468 2043,3467 2043,3466 1620,3466 1618,3468 1618,3469 1617,3470 1521,3470 1520,3471 1520,3472 1518,3474 1510,3474 1508,3476 1508,3477 1507,3478 1487,3478 1480,3472 1480,3467 1480,3466 1056,3466 1055,3467 1055,3492 1053,3494 1052,3494 1051,3495 1051,3500 1049,3502 1048,3502 1047,3503 1047,3504 1046,3505 1042,3505 1041,3506 1040,3506 1039,3507 1039,3508 1038,3509 1017,3509 1015,3508 1015,3345 1015,3344 1014,3344 1010,3340 1009,3340 1008,3340 1008,3337 1009,3336 1010,3336 1012,3334 1012,3333 1013,3332 1022,3332 1024,3335 1024,3336 1025,3336 1054,3336 1055,3338 1055,3339 1057,3340 1058,3340 1059,3342 1059,3343 1061,3344 1062,3344 1063,3346 1063,3383 1064,3383 1298,3383 1299,3382 1299,3381 1301,3379 1310,3379 1311,3381 1311,3382 1314,3384 1315,3384 1315,3385 1315,3386 1317,3387 1318,3387 1319,3389 1319,3434 1320,3434 1496,3434 1496,3434 1496,3334 1498,3332 1743,3332 1745,3330 1745,3329 1746,3328 2110,3328 2110,3329 2110,3330 2113,3332 2114,3332 2114,3333 2114,3334 2117,3336 2363,3336 2363,3336 2363,3334 2365,3332 2366,3332 2367,3331 2367,3329 2368,3328 2381,3328 2383,3331 2383,3391 2384,3391 2385,3391 2390,3397 2390,3398 2391,3399 2391,3430 2392,3430 2580,3430 2580,3430 2580,3408 2581,3407 2582,3407 2583,3406 2583,3398 2584,3397 2584,3396 2585,3395 2590,3395 2592,3393 2592,3392 2593,3391 2594,3391 2596,3389 2596,3388 2597,3387 2602,3387 2603,3386 2603,3385 2605,3383 2662,3383 2662,3383 2662,3334 2664,3332 2665,3332 2666,3331 2666,3330 2668,3328 2685,3328 2686,3330 2686,3331 2688,3332 2689,3332 2690,3334 2690,3379 2691,3379 2961,3379 2961,3379 2961,3336 2962,3335 2962,3333 2963,3332 2972,3332 2974,3330 2974,3329 2975,3328 3071,3328 3072,3330 3072,3331 3074,3332 3075,3332 3076,3333 3258,3333 3259,3332 3260,3332 3261,3331 3261,3330 3263,3328 3323,3328 3324,3327 3324,3326 3326,3324 3331,3324 3332,3326 3332,3331 3334,3332 3335,3332 3336,3334 3336,3379 3337,3379 3489,3379 3489,3380 3489,3381 3490,3382 3490,3383 3491,3383 3619,3383 3619,3383 3619,3339 3620,3338 3620,3337 3621,3336 3626,3336 3627,3335 3627,3334 3629,3332 3631,3332 3631,3333 3631,3334 3634,3336 3642,3336 3644,3339 3644,3340 3645,3340 3646,3340 3647,3342 3647,3383 3648,3383 3926,3383 3927,3382 3927,3381 3929,3379 4040,3379 4041,3381 4041,3398 4043,3399 4044,3399 4045,3401 4045,3410 4047,3411 4048,3411 4049,3413 4049,3446 4050,3446 4052,3446 4053,3448 4053,3453 4055,3454 4056,3454 4057,3455 4057,3456 4057,3457 4056,3458 4055,3458 4053,3460 4053,3461 4052,3462 4039,3462 4037,3464 4037,3465 4036,3466 3963,3466 3962,3467 3962,3505 3962,3505 3961,3505 3958,3508 3958,3509 3958,3509 3949,3509 3946,3512 3946,3513 3946,3513"/><TextEquiv index="1"><Unicode>jour. Je l'ai ſalué, abordé; il m'a reçu</Unicode></TextEquiv></TextLine><TextLine id="r0_l018"><Coords points="4007,3719 4006,3719 4006,3715 4006,3714 3870,3714 3867,3712 3867,3711 3867,3710 3861,3710 3860,3710 3860,3668 3860,3667 3697,3667 3694,3665 3694,3664 3694,3663 3503,3663 3502,3664 3502,3665 3500,3667 3437,3667 3433,3663 3109,3663 3108,3664 3108,3665 3106,3667 3003,3667 3001,3669 3001,3670 3000,3671 2739,3671 2737,3670 2737,3669 2736,3667 2727,3667 2726,3667 2726,3666 2720,3659 2719,3659 2718,3659 2718,3658 2716,3655 2715,3655 2714,3655 2714,3654 2713,3653 2713,3652 2713,3651 2447,3651 2446,3652 2446,3657 2445,3658 2445,3659 2445,3659 2444,3659 2437,3666 2437,3667 2437,3667 1695,3667 1693,3669 1693,3670 1692,3671 1518,3671 1516,3670 1516,3669 1515,3667 1510,3667 1508,3666 1508,3665 1507,3663 1049,3663 1047,3662 1047,3661 1046,3659 1037,3659 1035,3658 1035,3657 1034,3655 1033,3655 1031,3654 1031,3653 1030,3651 1029,3651 1027,3650 1027,3641 1026,3639 1025,3639 1023,3638 1023,3633 1022,3631 1021,3631 1019,3630 1019,3618 1021,3616 1022,3616 1023,3615 1023,3610 1025,3608 1026,3608 1027,3607 1027,3602 1029,3600 1030,3600 1031,3599 1031,3594 1033,3592 1034,3592 1035,3591 1035,3590 1037,3588 1042,3588 1043,3587 1043,3586 1045,3584 1058,3584 1059,3583 1059,3582 1061,3580 1148,3580 1150,3583 1150,3584 1151,3584 1515,3584 1516,3583 1516,3582 1518,3580 1684,3580 1685,3582 1685,3583 1687,3584 1898,3584 1898,3584 1898,3578 1900,3576 1901,3576 1902,3575 1902,3570 1903,3569 1904,3569 1906,3567 1906,3550 1907,3549 1908,3549 1910,3547 1910,3546 1911,3545 1912,3545 1914,3543 1914,3538 1915,3537 1916,3537 1919,3534 1922,3531 1922,3530 1923,3529 1940,3529 1941,3528 1941,3527 1943,3525 1960,3525 1961,3527 1961,3528 1963,3529 2129,3529 2134,3535 2134,3580 2135,3580 2397,3580 2398,3582 2398,3592 2399,3592 2717,3592 2717,3592 2717,3559 2720,3556 2721,3556 2721,3556 2721,3551 2723,3549 2724,3549 2725,3548 2725,3548 2725,3547 2727,3545 2728,3545 2728,3545 2729,3544 2729,3543 2731,3541 2732,3541 2732,3541 2733,3540 2733,3539 2735,3537 2744,3537 2745,3536 2745,3535 2747,3533 2784,3533 2784,3534 2784,3535 2791,3541 2792,3541 2792,3542 2792,3584 2793,3584 2992,3584 2993,3583 2993,3582 2995,3580 3012,3580 3013,3582 3013,3583 3015,3584 3422,3584 3422,3584 3422,3583 3425,3580 3954,3580 3954,3580 3954,3579 3957,3576 4013,3576 4013,3576 4013,3575 4016,3572 4024,3572 4025,3574 4025,3575 4027,3576 4032,3576 4033,3578 4033,3579 4035,3580 4036,3580 4037,3582 4037,3583 4039,3584 4044,3584 4045,3586 4045,3591 4047,3592 4048,3592 4049,3594 4049,3603 4050,3603 4051,3603 4053,3606 4053,3607 4052,3608 4051,3608 4049,3610 4049,3646 4048,3647 4047,3647 4045,3649 4045,3650 4044,3651 4043,3651 4041,3653 4041,3654 4040,3655 4035,3655 4033,3657 4033,3658 4032,3659 4027,3659 4026,3660 4026,3661 4024,3663 4021,3663 4020,3664 4020,3719 4020,3719"/><TextEquiv index="1"><Unicode>comme un furieux. „Savez-vous ce que</Unicode></TextEquiv></TextLine><TextLine id="r0_l019"><Coords points="2092,3923 2091,3923 2091,3865 2091,3864 2030,3864 2028,3862 1855,3862 1849,3868 1596,3868 1595,3869 1595,3870 1593,3872 1590,3870 1590,3869 1590,3868 1589,3868 1587,3867 1587,3865 1587,3864 1336,3864 1335,3865 1335,3866 1333,3868 1317,3868 1315,3867 1315,3866 1314,3864 1313,3864 1312,3864 1311,3863 1311,3862 1310,3860 1242,3860 1240,3859 1240,3858 1239,3856 1234,3856 1232,3855 1232,3854 1231,3852 1226,3852 1224,3851 1224,3850 1223,3848 1222,3848 1220,3847 1220,3845 1220,3844 1045,3844 1043,3846 1043,3847 1042,3848 1033,3848 1031,3847 1031,3846 1030,3844 1025,3844 1023,3843 1023,3839 1026,3836 1027,3836 1027,3836 1027,3799 1029,3797 1030,3797 1031,3796 1031,3795 1033,3793 1038,3793 1039,3792 1039,3791 1041,3789 1235,3789 1236,3788 1236,3787 1238,3785 1239,3785 1239,3785 1240,3784 1240,3783 1242,3781 1251,3781 1252,3780 1252,3779 1254,3777 1378,3777 1378,3777 1378,3735 1379,3734 1380,3734 1384,3730 1385,3730 1386,3729 1386,3728 1388,3726 1405,3726 1405,3727 1405,3728 1406,3729 1406,3785 1407,3785 1669,3785 1669,3785 1669,3784 1670,3783 1670,3782 1671,3781 1826,3781 1827,3780 1827,3779 1829,3777 1842,3777 1843,3779 1843,3780 1845,3781 2016,3781 2016,3781 2016,3732 2018,3730 2023,3730 2024,3729 2024,3728 2026,3726 2090,3726 2091,3728 2091,3729 2093,3730 2094,3730 2095,3732 2095,3777 2096,3777 2216,3777 2217,3779 2217,3780 2219,3781 2232,3781 2233,3783 2233,3784 2235,3785 2236,3785 2237,3787 2237,3788 2238,3788 2239,3789 2240,3789 2241,3791 2241,3796 2243,3797 2244,3797 2245,3799 2245,3836 2246,3836 2450,3836 2450,3836 2450,3794 2451,3793 2452,3793 2452,3793 2454,3791 2454,3790 2455,3789 2456,3789 2458,3787 2458,3786 2459,3785 2460,3785 2462,3783 2462,3782 2463,3781 2563,3781 2563,3782 2563,3783 2566,3785 2599,3785 2599,3785 2599,3740 2601,3738 2606,3738 2607,3737 2607,3736 2609,3734 2622,3734 2623,3736 2623,3737 2625,3738 2626,3738 2627,3740 2627,3785 2628,3785 2799,3785 2800,3784 2800,3783 2802,3781 2811,3781 2812,3780 2812,3779 2814,3777 2938,3777 2938,3777 2938,3736 2940,3734 2941,3734 2941,3734 2942,3733 2942,3732 2944,3730 2949,3730 2950,3729 2950,3728 2952,3726 3004,3726 3005,3725 3005,3724 3007,3722 3012,3722 3013,3724 3013,3725 3015,3726 3233,3726 3233,3727 3233,3728 3239,3734 3240,3734 3241,3734 3241,3735 3241,3742 3242,3742 3379,3742 3379,3743 3379,3744 3382,3746 3387,3746 3387,3747 3387,3748 3390,3750 3394,3750 3411,3768 3411,3773 3412,3773 3413,3773 3415,3776 3415,3793 3416,3793 3627,3793 3627,3793 3627,3733 3628,3732 3628,3731 3629,3730 3630,3730 3632,3728 3632,3727 3633,3726 3811,3726 3815,3722 3946,3722 3946,3722 3946,3721 3949,3718 3961,3718 3962,3719 4021,3719 4022,3721 4022,3722 4023,3722 4024,3722 4025,3724 4025,3732 4028,3734 4029,3734 4029,3735 4029,3740 4032,3742 4033,3742 4033,3743 4033,3769 4034,3769 4040,3769 4041,3771 4041,3772 4043,3773 4044,3773 4045,3775 4045,3836 4046,3836 4048,3836 4049,3838 4049,3843 4051,3844 4052,3844 4053,3846 4053,3847 4052,3848 4051,3848 4049,3850 4049,3851 4048,3852 4031,3852 4030,3853 4030,3854 4029,3855 4029,3856 4029,3856 3842,3856 3840,3858 3840,3859 3839,3860 3791,3860 3789,3862 3789,3863 3788,3864 3649,3864 3647,3866 3647,3867 3646,3868 3645,3868 3644,3869 3643,3870 3643,3871 3642,3872 3633,3872 3631,3874 3631,3875 3630,3876 3622,3876 3619,3874 3619,3873 3619,3872 3610,3872 3608,3871 3608,3870 3607,3868 3606,3868 3604,3867 3604,3853 3604,3852 3400,3852 3399,3853 3399,3859 3398,3860 3397,3860 3395,3862 3395,3863 3394,3864 3389,3864 3387,3866 3387,3867 3386,3868 3381,3868 3380,3868 3380,3867 3379,3866 3379,3865 3379,3864 2344,3864 2343,3865 2343,3871 2342,3872 2341,3872 2339,3874 2339,3883 2339,3883 2338,3883 2335,3886 2335,3887 2335,3887 2334,3887 2333,3888 2329,3888 2327,3890 2327,3891 2327,3891 2326,3891 2325,3892 2317,3892 2315,3894 2315,3895 2315,3895 2305,3895 2304,3895 2304,3894 2302,3891 2301,3891 2300,3891 2300,3865 2300,3864 2105,3864 2104,3865 2104,3923 2104,3923"/><TextEquiv index="1"><Unicode>“cela veut dire, m'a-t-il dit?“ J'ai dû</Unicode></TextEquiv></TextLine><TextLine id="r0_l020"><Coords points="2864,4122 2863,4122 2863,4066 2863,4065 2722,4065 2721,4066 2721,4112 2721,4112 2720,4112 2716,4116 2684,4116 2682,4115 2682,4114 2681,4112 2680,4112 2678,4111 2678,4066 2678,4065 2542,4065 2540,4064 2540,4063 2539,4061 2250,4061 2249,4062 2249,4095 2248,4096 2247,4096 2245,4098 2245,4099 2244,4100 2243,4100 2241,4102 2241,4103 2240,4104 2239,4104 2237,4106 2237,4107 2236,4108 2227,4108 2225,4110 2225,4111 2224,4112 2219,4112 2217,4114 2217,4115 2216,4116 2191,4116 2190,4116 2190,4115 2188,4112 2183,4112 2182,4112 2182,4111 2174,4103 2174,4099 2172,4096 2171,4096 2170,4096 2170,4062 2170,4061 1900,4061 1898,4063 1898,4064 1897,4065 1805,4065 1803,4067 1803,4068 1802,4069 1793,4069 1792,4070 1792,4071 1790,4073 1778,4073 1776,4072 1776,4071 1775,4069 1770,4069 1768,4068 1768,4046 1768,4045 1517,4045 1516,4046 1516,4052 1515,4053 1514,4053 1512,4055 1512,4060 1511,4061 1510,4061 1508,4063 1508,4064 1507,4065 1359,4065 1358,4066 1358,4080 1358,4080 1357,4080 1354,4083 1354,4092 1354,4092 1353,4092 1350,4095 1350,4100 1350,4100 1345,4100 1342,4103 1342,4104 1342,4104 1337,4104 1334,4107 1334,4108 1334,4108 1333,4108 1330,4111 1330,4112 1330,4112 1317,4112 1315,4114 1315,4115 1314,4116 1301,4116 1299,4115 1299,4114 1298,4112 1289,4112 1287,4111 1287,4110 1286,4108 1285,4108 1284,4108 1284,4107 1282,4104 1281,4104 1280,4104 1280,4103 1278,4100 1277,4100 1276,4100 1276,4099 1275,4098 1275,4062 1275,4061 1136,4061 1133,4059 1133,4058 1133,4057 1021,4057 1020,4057 1020,4056 1019,4055 1019,4048 1020,4047 1020,4046 1021,4045 1026,4045 1027,4044 1027,3980 1029,3978 1070,3978 1070,3978 1070,3977 1073,3974 1251,3974 1252,3976 1252,3977 1254,3978 1374,3978 1374,3978 1374,3933 1376,3931 1377,3931 1378,3930 1378,3929 1380,3927 1381,3927 1382,3926 1382,3925 1384,3923 1393,3923 1393,3924 1393,3925 1396,3927 1397,3927 1397,3928 1397,3929 1398,3930 1398,3978 1399,3978 1471,3978 1473,3981 1473,3990 1474,3990 1784,3990 1784,3990 1784,3928 1785,3927 1850,3927 1851,3929 1851,3978 1852,3978 2044,3978 2044,3978 2044,3932 2045,3931 2046,3931 2052,3925 2052,3924 2053,3923 2149,3923 2150,3925 2150,3978 2151,3978 2701,3978 2701,3978 2701,3977 2704,3974 2705,3974 2705,3975 2705,3976 2708,3978 2926,3978 2926,3978 2926,3972 2927,3971 2928,3971 2930,3969 2930,3957 2933,3954 2934,3954 2934,3954 2934,3945 2937,3942 2938,3942 2938,3942 2938,3941 2941,3938 2942,3938 2942,3938 2942,3933 2944,3931 2949,3931 2950,3930 2950,3929 2956,3923 2957,3923 2957,3923 2957,3922 2960,3919 2984,3919 2986,3922 2986,3923 2987,3923 3079,3923 3080,3925 3080,3926 3081,3927 3082,3927 3083,3927 3084,3929 3084,3970 3085,3970 3122,3970 3123,3972 3123,3973 3125,3974 3288,3974 3288,3975 3288,3976 3289,3977 3289,3978 3290,3978 3567,3978 3571,3974 3583,3974 3584,3976 3584,3977 3586,3978 3587,3978 3588,3980 3588,3981 3590,3982 3603,3982 3604,3984 3604,3985 3605,3985 3606,3986 3607,3986 3608,3988 3608,3989 3609,3989 3610,3990 3611,3990 3612,3991 3786,3991 3787,3990 3792,3990 3793,3989 3793,3988 3795,3986 3796,3986 3797,3985 3797,3984 3799,3982 3808,3982 3808,3982 3808,3981 3811,3978 3859,3978 3860,3977 3860,3925 3862,3923 3863,3923 3864,3922 3864,3921 3866,3919 3883,3919 3883,3920 3883,3921 3884,3922 3884,3931 3885,3931 3977,3931 3978,3933 3978,3938 3979,3938 3980,3938 3982,3941 3982,3966 3983,3966 4036,3966 4037,3968 4037,3969 4039,3970 4040,3970 4041,3972 4041,3973 4043,3974 4044,3974 4045,3976 4045,3981 4047,3982 4048,3982 4049,3984 4049,3993 4051,3994 4052,3994 4053,3996 4053,4036 4052,4037 4051,4037 4049,4039 4049,4040 4048,4041 4047,4041 4045,4043 4045,4044 4044,4045 4043,4045 4041,4047 4041,4048 4040,4049 4035,4049 4033,4051 4033,4052 4032,4053 3979,4053 3978,4054 3978,4076 3978,4076 3977,4076 3974,4079 3974,4084 3974,4084 3973,4084 3970,4087 3970,4096 3970,4096 3969,4096 3962,4103 3962,4104 3962,4104 3956,4104 3955,4104 3955,4103 3954,4102 3954,4058 3954,4057 3703,4057 3702,4058 3702,4064 3701,4065 3700,4065 3698,4067 3698,4080 3698,4080 3697,4080 3696,4081 3692,4081 3690,4083 3690,4084 3690,4084 3689,4084 3687,4086 3687,4087 3686,4088 3681,4088 3679,4090 3679,4091 3678,4092 3664,4092 3663,4092 3663,4062 3663,4061 3424,4061 3423,4062 3423,4063 3421,4065 3409,4065 3407,4064 3407,4063 3406,4061 3223,4061 3204,4061 3202,4063 3202,4064 3201,4065 2880,4065 2879,4066 2879,4122 2879,4122"/><TextEquiv index="1"><Unicode>rougir. „Je l'ignore parfaitement, ai-je</Unicode></TextEquiv></TextLine><TextLine id="r0_l021"><Coords points="3468,4318 3467,4318 3467,4259 3467,4258 3357,4258 3356,4259 3356,4260 3354,4262 3006,4262 3005,4263 3005,4312 3004,4313 2995,4313 2993,4315 2993,4316 2992,4317 2983,4317 2982,4317 2982,4316 2980,4313 2968,4313 2964,4309 2963,4309 2962,4309 2962,4263 2962,4262 2715,4262 2713,4264 2713,4265 2712,4266 2711,4266 2710,4267 2710,4283 2709,4284 2709,4285 2709,4285 2708,4285 2706,4287 2706,4295 2705,4296 2705,4297 2705,4297 2704,4297 2701,4300 2701,4301 2701,4301 2700,4301 2698,4303 2698,4304 2697,4305 2688,4305 2686,4304 2686,4303 2685,4301 2684,4301 2682,4300 2682,4259 2682,4258 2510,4258 2509,4259 2509,4260 2508,4261 2508,4262 2508,4262 2507,4262 2504,4260 2504,4259 2504,4258 2491,4258 2489,4257 2489,4256 2488,4254 2483,4254 2481,4253 2481,4252 2480,4250 2392,4250 2391,4250 2391,4249 2389,4246 2345,4246 2343,4245 2343,4244 2342,4242 2337,4242 2335,4241 2335,4240 2334,4238 2333,4238 2332,4238 2331,4237 2331,4236 2330,4234 2329,4234 2328,4234 2328,4233 2326,4230 1983,4230 1981,4232 1981,4237 1980,4238 1971,4238 1969,4240 1969,4241 1968,4242 1967,4242 1966,4243 1965,4244 1965,4245 1964,4246 1852,4246 1851,4247 1851,4249 1850,4250 1849,4250 1848,4251 1842,4257 1842,4258 1842,4258 1766,4258 1764,4260 1764,4261 1763,4262 1754,4262 1753,4262 1753,4261 1751,4258 1599,4258 1490,4258 1488,4260 1488,4261 1487,4262 1399,4262 1398,4263 1398,4311 1397,4312 1397,4313 1397,4313 1396,4313 1393,4316 1393,4317 1393,4317 1380,4317 1378,4316 1378,4315 1377,4313 1360,4313 1358,4312 1358,4259 1358,4258 1223,4258 1216,4252 1216,4243 1216,4242 1025,4242 1024,4242 1024,4241 1022,4239 1022,4238 1021,4238 1019,4237 1019,4236 1021,4234 1022,4234 1023,4233 1023,4229 1026,4226 1027,4226 1027,4226 1027,4193 1029,4191 1030,4191 1031,4190 1031,4189 1033,4187 1077,4187 1079,4185 1079,4184 1080,4183 1227,4183 1228,4182 1228,4181 1230,4179 1235,4179 1236,4178 1236,4177 1238,4175 1315,4175 1315,4175 1315,4145 1316,4144 1317,4144 1319,4142 1319,4141 1320,4140 1321,4140 1323,4138 1323,4133 1324,4132 1325,4132 1327,4130 1327,4125 1328,4124 1338,4124 1338,4125 1338,4126 1339,4127 1339,4179 1340,4179 1554,4179 1555,4178 1555,4177 1557,4175 1677,4175 1677,4175 1677,4126 1679,4124 1688,4124 1689,4123 1689,4122 1691,4120 1700,4120 1701,4122 1701,4127 1703,4128 1704,4128 1705,4130 1705,4175 1706,4175 1798,4175 1799,4177 1799,4181 1802,4183 1803,4183 1803,4184 1803,4191 1804,4191 1980,4191 1981,4193 1981,4198 1983,4199 1984,4199 1985,4201 1985,4202 1987,4203 1988,4203 1989,4205 1989,4206 1990,4206 2244,4206 2245,4205 2245,4204 2246,4203 2323,4203 2323,4203 2323,4201 2325,4199 2330,4199 2331,4198 2331,4193 2333,4191 2338,4191 2339,4190 2339,4189 2341,4187 2473,4187 2473,4187 2473,4154 2476,4151 2477,4151 2477,4151 2477,4142 2480,4139 2481,4139 2481,4139 2481,4138 2483,4136 2487,4136 2488,4135 2489,4135 2489,4135 2489,4134 2491,4132 2495,4132 2497,4130 2497,4129 2498,4128 2507,4128 2509,4126 2509,4125 2510,4124 2587,4124 2587,4125 2587,4126 2590,4128 2591,4128 2591,4129 2591,4132 2592,4132 2855,4132 2855,4132 2855,4126 2857,4124 2862,4124 2864,4122 2879,4122 2881,4124 2882,4124 2883,4126 2883,4179 2884,4179 3083,4179 3084,4178 3084,4177 3086,4175 3237,4175 3237,4175 3237,4127 3238,4126 3238,4125 3239,4124 3252,4124 3253,4123 3253,4122 3255,4120 3264,4120 3265,4122 3265,4123 3266,4123 3267,4124 3268,4124 3269,4126 3269,4179 3270,4179 3634,4179 3635,4178 3635,4177 3637,4175 3753,4175 3753,4175 3753,4158 3756,4155 3757,4155 3757,4155 3757,4142 3759,4140 3760,4140 3761,4139 3761,4138 3763,4136 3764,4136 3765,4135 3765,4134 3767,4132 3768,4132 3769,4131 3769,4130 3771,4128 3777,4128 3777,4128 3777,4126 3779,4124 3780,4124 3780,4124 3781,4123 3781,4122 3783,4120 3851,4120 3852,4119 3852,4118 3854,4116 3902,4116 3903,4115 3903,4114 3905,4112 3910,4112 3911,4114 3911,4158 3914,4160 3915,4160 3915,4161 3915,4167 3916,4167 3977,4167 3978,4169 3978,4170 3979,4170 3980,4171 3981,4171 3982,4173 3982,4174 3983,4174 3984,4175 3985,4175 3986,4177 3986,4178 3988,4179 3989,4179 3990,4181 3990,4218 3991,4218 4039,4218 4040,4219 4041,4219 4041,4220 4041,4221 4044,4223 4045,4223 4045,4224 4045,4229 4047,4230 4048,4230 4049,4232 4049,4261 4048,4262 4047,4262 4045,4264 4045,4265 4045,4265 4044,4265 4041,4268 4041,4269 4041,4269 4040,4269 4037,4272 4037,4273 4037,4273 4036,4273 4035,4274 4027,4274 4025,4276 4025,4277 4025,4277 4024,4277 4023,4278 4020,4278 4017,4276 4017,4255 4017,4254 3669,4254 3667,4256 3667,4257 3666,4258 3474,4258 3473,4259 3473,4318 3473,4318"/><TextEquiv index="1"><Unicode>“répondu.“ -- „Si j'ai perdu ma fille,</Unicode></TextEquiv></TextLine><TextLine id="r0_l022"><Coords points="2979,4504 2978,4504 2978,4452 2978,4451 2943,4451 2942,4452 2942,4497 2941,4498 2908,4498 2907,4498 2907,4497 2905,4494 2904,4494 2903,4494 2903,4448 2903,4447 2692,4447 2690,4446 2690,4445 2689,4443 2648,4443 2647,4444 2647,4501 2647,4501 2641,4501 2640,4500 2636,4500 2635,4500 2635,4444 2635,4443 2357,4443 2355,4445 2355,4446 2354,4447 2293,4447 2292,4448 2292,4458 2292,4458 2291,4458 2288,4461 2288,4470 2288,4470 2287,4470 2284,4473 2284,4478 2284,4478 2283,4478 2279,4482 2275,4482 2272,4485 2272,4486 2272,4486 2266,4486 2264,4485 2264,4480 2264,4479 2161,4479 2160,4478 2159,4478 2158,4478 2158,4477 2156,4474 2155,4474 2154,4474 2154,4452 2154,4451 1671,4451 1670,4452 1670,4453 1668,4455 1368,4455 1366,4457 1366,4458 1365,4459 1238,4459 1236,4458 1236,4457 1234,4454 1233,4454 1232,4454 1232,4453 1231,4451 1222,4451 1221,4451 1221,4450 1220,4449 1220,4441 1219,4439 1218,4439 1217,4439 1217,4438 1216,4437 1216,4436 1216,4435 1041,4435 1039,4437 1039,4438 1038,4439 1033,4439 1031,4441 1031,4442 1030,4443 1017,4443 1016,4443 1016,4442 1014,4439 1013,4439 1012,4439 1012,4438 1011,4437 1011,4434 1014,4431 1015,4431 1015,4431 1015,4430 1018,4427 1019,4427 1019,4427 1019,4390 1021,4388 1030,4388 1031,4387 1031,4386 1033,4384 1065,4384 1069,4380 1223,4380 1224,4379 1224,4378 1226,4376 1227,4376 1228,4375 1228,4374 1230,4372 1279,4372 1279,4372 1279,4335 1282,4332 1283,4332 1283,4332 1283,4331 1285,4329 1436,4329 1437,4328 1437,4327 1439,4325 1591,4325 1591,4325 1591,4322 1592,4321 1991,4321 1993,4319 1993,4318 1994,4317 2086,4317 2087,4319 2087,4320 2089,4321 2090,4321 2091,4323 2091,4376 2092,4376 2094,4376 2095,4378 2095,4379 2097,4380 2098,4380 2099,4382 2099,4419 2100,4419 2268,4419 2268,4419 2268,4378 2270,4376 2271,4376 2272,4375 2272,4343 2275,4340 2276,4340 2276,4340 2276,4335 2278,4333 2286,4333 2288,4331 2288,4330 2289,4329 2291,4329 2292,4331 2292,4332 2293,4332 2294,4332 2296,4335 2296,4336 2297,4336 2298,4336 2300,4339 2300,4368 2301,4368 2631,4368 2631,4368 2631,4330 2632,4329 2633,4329 2633,4329 2635,4327 2635,4326 2636,4325 2650,4325 2650,4326 2650,4327 2653,4329 2658,4329 2658,4330 2658,4368 2659,4368 2772,4368 2772,4369 2772,4370 2775,4372 3277,4372 3277,4372 3277,4326 3278,4325 3279,4325 3283,4321 3291,4321 3293,4319 3293,4318 3294,4317 3308,4317 3309,4318 3474,4318 3474,4319 3474,4320 3476,4321 3481,4321 3482,4323 3482,4332 3484,4333 3485,4333 3486,4335 3486,4348 3487,4348 3488,4348 3490,4351 3490,4360 3491,4360 3492,4360 3493,4362 3493,4376 3494,4376 3701,4376 3703,4374 3703,4373 3704,4372 3808,4372 3808,4372 3808,4371 3811,4368 3878,4368 3882,4372 4032,4372 4033,4374 4033,4375 4035,4376 4036,4376 4037,4378 4037,4391 4038,4391 4039,4391 4041,4394 4041,4411 4041,4411 4040,4411 4037,4414 4037,4415 4037,4415 4036,4415 4033,4418 4033,4419 4033,4419 4032,4419 4029,4422 4029,4423 4029,4423 4028,4423 4025,4426 4025,4427 4025,4427 4024,4427 4021,4430 4021,4431 4021,4431 3924,4431 3923,4432 3923,4446 3922,4447 3917,4447 3915,4449 3915,4450 3914,4451 3724,4451 3722,4453 3722,4454 3721,4455 3700,4455 3699,4456 3699,4457 3697,4459 3610,4459 3608,4458 3608,4452 3608,4451 3365,4451 3364,4452 3364,4453 3362,4455 3295,4455 3292,4453 3292,4452 3292,4451 2994,4451 2993,4452 2993,4504 2993,4504"/><TextEquiv index="1"><Unicode>“s'eſt-il écrié, je m'en prends à vous.“</Unicode></TextEquiv></TextLine><TextLine id="r0_l023"><Coords points="4039,4700 4038,4700 4038,4638 4038,4637 4037,4638 4037,4639 4036,4640 3837,4640 3836,4641 3836,4651 3835,4652 3834,4652 3832,4654 3832,4655 3831,4656 3830,4656 3828,4658 3828,4663 3827,4664 3826,4664 3824,4666 3824,4667 3823,4668 3814,4668 3813,4669 3813,4670 3811,4672 3800,4672 3799,4671 3798,4671 3797,4671 3797,4645 3797,4644 3578,4644 3576,4643 3576,4642 3575,4640 3282,4640 3281,4641 3281,4694 3280,4695 3247,4695 3246,4696 3246,4697 3245,4698 3245,4699 3245,4699 3243,4699 3241,4698 3241,4697 3240,4695 3239,4695 3238,4695 3238,4694 3236,4691 3235,4691 3234,4691 3234,4637 3234,4636 2936,4636 2934,4638 2934,4639 2933,4640 2900,4640 2899,4640 2899,4639 2898,4638 2898,4637 2898,4636 2708,4636 2705,4639 2705,4640 2705,4640 2688,4640 2686,4639 2686,4638 2685,4636 2524,4636 2523,4637 2523,4696 2523,4696 2507,4696 2506,4696 2506,4637 2506,4636 2448,4636 2445,4639 2445,4640 2445,4640 2400,4640 2398,4639 2398,4638 2397,4636 2299,4636 2105,4636 2103,4638 2103,4639 2102,4640 2037,4640 2036,4641 2036,4655 2036,4655 2035,4655 2032,4658 2032,4666 2030,4668 2029,4668 2028,4669 2028,4674 2026,4676 2025,4676 2024,4677 2024,4682 2022,4684 2021,4684 2020,4685 2020,4686 2018,4688 2017,4688 2016,4689 2016,4690 2015,4691 2010,4691 2008,4690 2008,4689 2007,4687 2006,4687 2004,4686 2004,4641 2004,4640 1813,4640 1811,4642 1811,4643 1810,4644 1738,4644 1737,4645 1737,4689 1736,4690 1736,4691 1736,4691 1735,4691 1732,4694 1732,4695 1732,4695 1711,4695 1709,4697 1709,4698 1708,4699 1703,4699 1701,4698 1701,4697 1700,4695 1695,4695 1693,4694 1693,4645 1693,4644 1415,4644 1413,4646 1413,4647 1412,4648 1408,4648 1405,4646 1405,4645 1405,4644 1217,4644 1216,4645 1216,4647 1215,4648 1072,4648 1071,4649 1071,4650 1069,4652 1064,4652 1063,4653 1063,4654 1062,4655 1061,4656 1060,4656 1059,4657 1059,4662 1057,4664 1046,4664 1045,4663 1044,4663 1043,4663 1043,4662 1042,4660 1030,4660 1027,4658 1027,4657 1027,4656 1026,4656 1023,4654 1023,4638 1025,4636 1031,4636 1031,4636 1031,4516 1033,4514 1058,4514 1059,4516 1059,4517 1061,4518 1235,4518 1236,4517 1236,4516 1238,4514 1452,4514 1452,4514 1452,4513 1455,4510 1464,4510 1464,4511 1464,4512 1465,4513 1465,4517 1467,4518 1468,4518 1468,4519 1468,4520 1469,4521 1469,4557 1470,4557 1511,4557 1512,4559 1512,4560 1518,4565 1696,4565 1697,4564 1697,4563 1699,4561 1858,4561 1858,4561 1858,4560 1861,4557 1881,4557 1882,4559 1882,4560 1884,4561 2016,4561 2016,4561 2016,4528 2018,4526 2019,4526 2019,4526 2020,4525 2020,4524 2022,4522 2039,4522 2040,4524 2040,4529 2042,4530 2043,4530 2044,4532 2044,4553 2045,4553 2252,4553 2252,4553 2252,4537 2253,4536 2253,4535 2254,4534 2255,4534 2256,4533 2256,4532 2258,4530 2259,4530 2260,4529 2260,4524 2262,4522 2263,4522 2263,4522 2264,4521 2264,4520 2266,4518 2267,4518 2268,4517 2268,4516 2270,4514 2275,4514 2276,4513 2276,4512 2278,4510 2283,4510 2284,4509 2284,4508 2286,4506 2295,4506 2296,4505 2296,4504 2298,4502 2303,4502 2303,4503 2303,4504 2306,4506 2315,4506 2315,4507 2315,4508 2318,4510 2319,4510 2319,4511 2319,4512 2320,4513 2320,4553 2321,4553 2627,4553 2627,4553 2627,4508 2629,4506 2630,4506 2630,4506 2630,4505 2633,4502 2634,4502 2634,4502 2634,4501 2635,4500 2640,4500 2641,4501 2647,4501 2648,4502 2649,4502 2651,4505 2651,4506 2652,4506 2827,4506 2827,4506 2827,4505 2830,4502 2846,4502 2848,4504 2993,4504 2993,4505 2993,4509 2995,4510 2996,4510 2997,4512 2997,4553 2998,4553 3194,4553 3194,4553 3194,4543 3196,4541 3197,4541 3198,4540 3198,4532 3201,4529 3202,4529 3202,4529 3202,4524 3204,4522 3205,4522 3206,4521 3206,4512 3208,4510 3209,4510 3209,4510 3210,4509 3210,4508 3212,4506 3221,4506 3221,4507 3221,4508 3224,4510 3225,4510 3225,4511 3225,4512 3226,4513 3226,4557 3227,4557 3560,4557 3560,4557 3560,4517 3561,4516 3561,4515 3562,4514 3571,4514 3572,4513 3572,4512 3574,4510 3587,4510 3588,4512 3588,4513 3590,4514 3591,4514 3592,4516 3592,4561 3593,4561 3630,4561 3631,4563 3631,4565 3632,4565 3725,4565 3726,4567 3726,4568 3728,4569 3733,4569 3733,4570 3734,4571 3734,4572 3736,4573 3737,4573 3738,4575 3738,4580 3740,4581 3741,4581 3742,4583 3742,4616 3743,4616 3943,4616 3943,4616 3943,4594 3944,4593 3945,4593 3946,4592 3946,4588 3947,4587 3947,4586 3948,4585 3949,4585 3950,4584 3950,4580 3951,4579 3951,4578 3952,4577 3953,4577 3955,4575 3955,4574 3956,4573 3957,4573 3958,4572 3958,4548 3961,4545 3962,4545 3962,4545 3962,4532 3964,4530 3965,4530 3966,4529 3966,4528 3967,4527 3968,4526 3969,4526 3970,4525 3970,4524 3972,4522 3981,4522 3982,4521 3982,4520 3984,4518 3997,4518 3998,4520 3998,4521 4000,4522 4001,4522 4002,4524 4002,4525 4004,4526 4005,4526 4006,4528 4006,4533 4008,4534 4013,4534 4014,4536 4014,4545 4015,4545 4051,4545 4052,4546 4053,4546 4053,4547 4053,4548 4056,4550 4057,4550 4057,4551 4057,4556 4056,4557 4055,4557 4053,4559 4053,4699 4053,4699 4047,4699 4046,4700"/><TextEquiv index="1"><Unicode>J'ai dit que je ſaurois lui répondre, &amp;</Unicode></TextEquiv></TextLine><TextLine id="r0_l024"><Coords points="1021,4892 1019,4891 1019,4779 1019,4778 1018,4778 1015,4776 1015,4769 1016,4768 1016,4767 1017,4766 1023,4766 1023,4766 1023,4737 1026,4734 1027,4734 1027,4734 1027,4733 1029,4731 1030,4731 1031,4730 1035,4730 1035,4730 1035,4729 1038,4726 1039,4726 1039,4726 1039,4725 1041,4723 1216,4723 1216,4723 1216,4717 1218,4715 1219,4715 1220,4714 1220,4713 1222,4711 1223,4711 1224,4710 1224,4709 1226,4707 1235,4707 1236,4706 1236,4705 1238,4703 1381,4703 1382,4705 1382,4706 1384,4707 1385,4707 1386,4709 1386,4710 1388,4711 1389,4711 1390,4713 1390,4754 1391,4754 1392,4754 1394,4757 1394,4758 1395,4758 1618,4758 1618,4758 1618,4705 1620,4703 1818,4703 1819,4702 1819,4701 1821,4699 1976,4699 1977,4701 1977,4758 1978,4758 2098,4758 2099,4757 2099,4756 2101,4754 2145,4754 2146,4753 2146,4752 2148,4750 2149,4750 2149,4751 2150,4752 2150,4753 2152,4754 2405,4754 2406,4753 2406,4752 2408,4750 2493,4750 2493,4750 2493,4736 2494,4735 2495,4735 2497,4733 2497,4724 2498,4723 2499,4723 2501,4721 2501,4712 2502,4711 2503,4711 2505,4709 2505,4697 2506,4696 2675,4696 2676,4695 2681,4695 2682,4697 2682,4698 2683,4699 2684,4699 2685,4699 2686,4701 2686,4750 2687,4750 2799,4750 2800,4749 2800,4748 2801,4747 2802,4747 2803,4746 2807,4746 2808,4748 2808,4749 2810,4750 2818,4750 2822,4754 3040,4754 3040,4754 3040,4753 3043,4750 3047,4750 3048,4752 3048,4753 3050,4754 3063,4754 3064,4756 3064,4757 3066,4758 3067,4758 3067,4759 3068,4760 3068,4761 3070,4762 3071,4762 3071,4763 3072,4764 3072,4765 3074,4766 3075,4766 3076,4768 3076,4769 3078,4770 3260,4770 3261,4769 3261,4768 3263,4766 3307,4766 3308,4765 3308,4764 3310,4762 3426,4762 3426,4762 3426,4702 3427,4701 3427,4700 3428,4699 3481,4699 3481,4700 3481,4701 3484,4703 3485,4703 3485,4704 3485,4705 3486,4706 3486,4754 3487,4754 3682,4754 3683,4753 3683,4748 3685,4746 3686,4746 3686,4746 3686,4734 3687,4733 3687,4732 3688,4731 3689,4731 3690,4730 3690,4726 3691,4725 3691,4724 3692,4723 3693,4723 3694,4722 3694,4718 3695,4717 3695,4716 3696,4715 3697,4715 3699,4713 3699,4712 3700,4711 3701,4711 3701,4711 3702,4710 3702,4709 3704,4707 3705,4707 3706,4706 3706,4705 3708,4703 3709,4703 3710,4702 3710,4701 3712,4699 3741,4699 3741,4700 3741,4701 3742,4701 3744,4703 3745,4703 3745,4704 3745,4705 3746,4706 3746,4754 3747,4754 3914,4754 3915,4753 3915,4752 3917,4750 4033,4750 4033,4750 4033,4705 4035,4703 4036,4703 4037,4702 4037,4701 4038,4700 4046,4700 4047,4699 4053,4699 4053,4700 4053,4745 4055,4746 4056,4746 4057,4748 4057,4749 4057,4749 4055,4751 4054,4751 4053,4752 4053,4824 4052,4825 4051,4825 4050,4826 4049,4827 4049,4828 4048,4829 4016,4829 4013,4832 4013,4833 4013,4833 3874,4833 3872,4835 3872,4836 3871,4837 3779,4837 3777,4836 3777,4835 3776,4833 3551,4833 3548,4836 3548,4837 3548,4837 3448,4837 3446,4839 3446,4840 3445,4841 3444,4841 3442,4843 3442,4844 3441,4845 3413,4845 3411,4844 3411,4843 3410,4841 3409,4841 3407,4840 3407,4822 3407,4821 3124,4821 3123,4822 3123,4824 3122,4825 3121,4825 3119,4827 3119,4832 3118,4833 3113,4833 3112,4834 3112,4835 3110,4837 2968,4837 2965,4835 2965,4834 2965,4833 2715,4833 2714,4834 2714,4835 2712,4837 2570,4837 2568,4836 2568,4834 2568,4833 2262,4833 2261,4834 2261,4835 2259,4837 2251,4837 2248,4835 2248,4834 2248,4833 1975,4833 1973,4835 1973,4836 1972,4837 1963,4837 1961,4839 1961,4840 1960,4841 1056,4841 1055,4842 1055,4855 1053,4857 1052,4857 1051,4858 1051,4863 1049,4865 1048,4865 1047,4866 1047,4871 1045,4873 1044,4873 1043,4874 1043,4879 1041,4881 1040,4881 1039,4882 1039,4883 1030,4892"/><TextEquiv index="1"><Unicode>je lui ai tiré ma révérence. „Je ſaurai</Unicode></TextEquiv></TextLine><TextLine id="r0_l025"><Coords points="3362,5090 3361,5090 3361,5031 3361,5030 3188,5030 3187,5031 3187,5032 3185,5034 3015,5034 3013,5033 3013,5032 3012,5030 2726,5030 2725,5031 2725,5045 2724,5046 2723,5046 2721,5048 2721,5057 2720,5058 2719,5058 2717,5060 2717,5061 2717,5061 2716,5061 2715,5062 2711,5062 2709,5064 2709,5065 2709,5065 2708,5065 2707,5066 2699,5066 2698,5067 2698,5068 2697,5069 2695,5069 2694,5069 2694,5068 2692,5065 2687,5065 2686,5065 2686,5035 2686,5034 2459,5034 2458,5035 2458,5036 2456,5038 2455,5038 2454,5038 2454,5037 2452,5034 2081,5034 2079,5036 2079,5037 2078,5038 1636,5038 1634,5040 1634,5041 1633,5042 1628,5042 1626,5041 1626,5039 1626,5038 1238,5038 1236,5037 1236,5036 1235,5034 1230,5034 1228,5033 1228,5023 1228,5022 1045,5022 1043,5024 1043,5025 1042,5026 1025,5026 1023,5025 1023,5013 1026,5010 1027,5010 1027,5010 1027,4977 1029,4975 1034,4975 1035,4974 1035,4973 1037,4971 1046,4971 1047,4970 1047,4969 1049,4967 1228,4967 1228,4967 1228,4898 1230,4896 1231,4896 1232,4895 1232,4894 1234,4892 1239,4892 1240,4894 1240,4895 1242,4896 1251,4896 1252,4898 1252,4899 1254,4900 1342,4900 1342,4901 1342,4902 1349,4908 1350,4908 1350,4909 1350,4951 1351,4951 1412,4951 1413,4953 1413,4954 1415,4955 1471,4955 1472,4957 1472,4958 1474,4959 1657,4959 1657,4959 1657,4958 1660,4955 1830,4955 1831,4954 1831,4953 1833,4951 1988,4951 1988,4951 1988,4950 1991,4947 2126,4947 2126,4947 2126,4946 2129,4943 2133,4943 2134,4945 2134,4947 2135,4947 2637,4947 2639,4950 2639,4951 2640,4951 2831,4951 2832,4950 2832,4949 2834,4947 2870,4947 2871,4949 2871,4950 2873,4951 2965,4951 2965,4951 2965,4907 2966,4906 2966,4905 2967,4904 2968,4904 2970,4902 2970,4901 2971,4900 2984,4900 2986,4903 2986,4904 2987,4904 2988,4904 2993,4910 2993,4951 2994,4951 3162,4951 3162,4951 3162,4950 3165,4947 3166,4947 3166,4947 3166,4946 3169,4943 3170,4943 3170,4943 3170,4942 3173,4939 3292,4939 3292,4939 3292,4899 3299,4892 3362,4892 3366,4896 3579,4896 3580,4898 3580,4899 3582,4900 3587,4900 3588,4902 3588,4947 3589,4947 3638,4947 3639,4949 3639,4950 3641,4951 3658,4951 3659,4953 3659,4954 3660,4955 3661,4955 3662,4955 3663,4957 3663,4963 3664,4963 3816,4963 3816,4964 3816,4965 3819,4967 3828,4967 3828,4968 3828,4975 3829,4975 4032,4975 4033,4974 4033,4973 4035,4971 4044,4971 4045,4973 4045,4974 4047,4975 4048,4975 4049,4977 4049,4986 4050,4986 4051,4986 4053,4989 4053,4997 4049,5001 4049,5002 4049,5002 3905,5002 3904,5003 3829,5003 3828,5004 3828,5006 3828,5006 3827,5006 3824,5009 3824,5010 3824,5010 3823,5010 3820,5013 3820,5014 3820,5014 3815,5014 3812,5017 3812,5018 3812,5018 3768,5018 3765,5021 3765,5022 3765,5022 3699,5022 3698,5023 3698,5029 3697,5030 3696,5030 3695,5031 3695,5032 3693,5034 3685,5034 3682,5032 3682,5031 3682,5030 3371,5030 3370,5031 3370,5090 3370,5090"/><TextEquiv index="1"><Unicode>“bien vous retrouver, m'a-t-il dit.“ --</Unicode></TextEquiv></TextLine><TextLine id="r0_l026"><Coords points="3401,5286 3399,5285 3399,5284 3398,5282 3393,5282 3391,5281 3391,5232 3391,5231 3105,5231 3104,5232 3104,5248 3103,5249 3103,5250 3103,5250 3102,5251 3101,5251 3100,5252 3100,5261 3099,5262 3098,5262 3096,5264 3096,5265 3095,5266 3094,5266 3092,5268 3092,5269 3091,5270 3090,5270 3088,5272 3088,5277 3087,5278 3086,5278 3084,5280 3084,5281 3083,5282 3081,5282 3080,5282 3080,5281 3079,5280 3079,5279 3079,5278 3074,5278 3072,5277 3072,5232 3072,5231 2805,5231 2804,5232 2804,5246 2804,5246 2803,5246 2800,5249 2800,5250 2800,5250 2799,5250 2796,5253 2796,5254 2796,5254 2795,5254 2792,5257 2792,5258 2792,5258 2791,5258 2790,5259 2782,5259 2780,5261 2780,5262 2780,5262 2779,5262 2776,5265 2776,5266 2776,5266 2775,5266 2774,5267 2772,5267 2771,5266 2770,5266 2769,5266 2769,5265 2767,5262 2766,5262 2765,5262 2765,5260 2764,5259 2764,5236 2764,5235 2553,5235 2552,5236 2552,5281 2551,5282 2550,5282 2548,5284 2548,5285 2547,5286 2510,5286 2509,5286 2509,5285 2508,5284 2508,5232 2508,5231 2191,5231 2190,5232 2190,5233 2188,5235 1694,5235 1693,5236 1693,5238 1692,5239 1565,5239 1563,5238 1563,5237 1562,5235 1553,5235 1552,5235 1552,5234 1550,5231 1368,5231 1366,5233 1366,5234 1365,5235 1269,5235 1268,5236 1268,5237 1266,5239 1261,5239 1260,5240 1260,5241 1258,5243 1253,5243 1252,5244 1252,5245 1250,5247 1231,5247 1224,5241 1224,5216 1224,5215 1073,5215 1070,5218 1070,5219 1070,5219 1069,5219 1066,5222 1066,5223 1066,5223 1061,5223 1059,5222 1059,5221 1058,5219 1049,5219 1047,5218 1047,5217 1046,5215 1045,5215 1043,5214 1043,5209 1042,5207 1041,5207 1039,5206 1039,5186 1042,5183 1043,5183 1043,5183 1043,5178 1045,5176 1050,5176 1051,5175 1051,5174 1054,5171 1055,5171 1055,5171 1055,5170 1057,5168 1062,5168 1062,5168 1062,5167 1065,5164 1240,5164 1240,5164 1240,5103 1242,5101 1243,5101 1244,5100 1244,5099 1246,5097 1247,5097 1248,5099 1248,5100 1250,5101 1302,5101 1303,5103 1303,5152 1304,5152 1889,5152 1890,5151 1890,5150 1892,5148 2074,5148 2075,5147 2075,5131 2078,5128 2079,5128 2079,5128 2079,5123 2082,5120 2083,5120 2083,5120 2083,5115 2085,5113 2086,5113 2087,5112 2087,5107 2089,5105 2090,5105 2091,5104 2091,5103 2093,5101 2098,5101 2099,5100 2099,5099 2100,5098 2101,5097 2102,5097 2103,5096 2103,5095 2105,5093 2232,5093 2233,5095 2233,5096 2235,5097 2413,5097 2414,5096 2414,5095 2416,5093 2429,5093 2430,5095 2430,5096 2432,5097 2433,5097 2434,5099 2434,5100 2435,5100 2436,5101 2437,5101 2438,5103 2438,5148 2439,5148 2720,5148 2721,5150 2721,5151 2723,5152 2724,5152 2725,5154 2725,5158 2726,5158 2899,5158 2901,5156 2902,5156 2902,5156 2902,5155 2905,5152 2921,5152 2922,5151 2922,5150 2924,5148 2973,5148 2973,5148 2973,5100 2974,5099 2974,5098 2975,5097 2988,5097 2989,5099 2989,5100 2991,5101 2992,5101 2993,5103 2993,5109 2994,5109 3107,5109 3107,5110 3107,5111 3109,5112 3110,5113 3111,5113 3111,5114 3111,5144 3112,5144 3344,5144 3344,5144 3344,5130 3346,5128 3347,5128 3348,5127 3348,5114 3349,5113 3350,5113 3352,5111 3352,5110 3353,5109 3354,5109 3355,5108 3355,5097 3356,5096 3356,5095 3358,5093 3359,5093 3359,5093 3359,5092 3361,5090 3371,5090 3371,5091 3371,5144 3372,5144 3414,5144 3414,5145 3414,5146 3415,5147 3415,5148 3416,5148 3706,5148 3706,5148 3706,5099 3708,5097 3709,5097 3710,5096 3710,5095 3712,5093 3721,5093 3722,5092 3722,5091 3724,5089 3729,5089 3730,5091 3730,5092 3731,5093 3732,5093 3733,5093 3734,5095 3734,5144 3735,5144 3823,5144 3825,5147 3825,5148 3826,5148 3827,5148 3829,5151 3829,5152 3830,5152 3831,5152 3833,5154 4006,5154 4008,5152 4016,5152 4018,5155 4018,5156 4019,5156 4020,5156 4022,5159 4022,5160 4023,5160 4024,5160 4025,5162 4025,5178 4028,5180 4029,5180 4029,5181 4029,5187 4029,5187 4028,5187 4025,5190 4025,5195 4025,5195 4024,5195 4021,5198 4021,5203 4021,5203 4016,5203 4013,5206 4013,5207 4013,5207 4012,5207 4009,5210 4009,5211 4009,5211 3976,5211 3974,5213 3974,5214 3973,5215 3916,5215 3915,5216 3915,5246 3915,5246 3914,5246 3911,5249 3911,5250 3911,5250 3910,5250 3907,5253 3907,5254 3907,5254 3906,5254 3903,5257 3903,5258 3903,5258 3902,5258 3901,5259 3897,5259 3895,5261 3895,5262 3895,5262 3894,5262 3893,5263 3891,5263 3890,5262 3889,5262 3887,5261 3887,5236 3887,5235 3811,5235 3809,5234 3809,5232 3809,5231 3428,5231 3427,5232 3427,5280 3426,5281 3426,5282 3426,5282 3425,5282 3422,5285 3422,5286 3422,5286"/><TextEquiv index="1"><Unicode>„Je ne vous fuirai pas, ai-je répondu,</Unicode></TextEquiv></TextLine><TextLine id="r0_l027"><Coords points="1754,5487 1752,5486 1752,5485 1751,5483 1738,5483 1737,5483 1737,5482 1736,5481 1736,5433 1736,5432 1328,5432 1327,5433 1327,5434 1325,5436 1265,5436 1264,5437 1264,5450 1262,5452 1261,5452 1260,5453 1260,5462 1259,5463 1258,5463 1256,5465 1256,5474 1255,5475 1246,5475 1244,5477 1244,5478 1243,5479 1242,5479 1240,5478 1240,5477 1239,5475 1238,5475 1236,5474 1236,5433 1236,5432 1057,5432 1055,5431 1055,5430 1054,5428 1049,5428 1047,5427 1047,5426 1046,5424 1041,5424 1039,5423 1039,5422 1039,5421 1038,5420 1037,5420 1035,5419 1035,5418 1034,5416 1033,5416 1031,5415 1031,5414 1030,5412 1029,5412 1027,5411 1027,5410 1026,5409 1026,5408 1025,5408 1023,5407 1023,5403 1026,5400 1027,5400 1027,5400 1027,5387 1030,5384 1031,5384 1031,5384 1031,5375 1033,5373 1034,5373 1034,5373 1035,5372 1035,5371 1037,5369 1042,5369 1043,5368 1043,5367 1045,5365 1046,5365 1047,5364 1047,5331 1048,5330 1049,5330 1051,5328 1051,5323 1052,5322 1053,5322 1055,5320 1055,5315 1056,5314 1057,5314 1059,5312 1059,5311 1060,5310 1240,5310 1240,5310 1240,5308 1242,5306 1243,5306 1244,5305 1244,5304 1246,5302 1433,5302 1433,5302 1433,5300 1435,5298 1440,5298 1441,5297 1441,5296 1443,5294 1456,5294 1457,5296 1457,5298 1458,5298 1617,5298 1622,5304 1622,5349 1623,5349 1886,5349 1886,5349 1886,5304 1888,5302 1889,5302 1890,5301 1890,5300 1892,5298 1897,5298 1898,5297 1898,5296 1900,5294 1901,5294 1902,5296 1902,5297 1903,5297 1904,5298 1905,5298 1905,5299 1906,5300 1906,5301 1908,5302 2091,5302 2091,5302 2091,5292 2093,5290 2275,5290 2276,5292 2276,5293 2278,5294 2464,5294 2465,5293 2465,5292 2467,5290 2476,5290 2477,5292 2477,5293 2479,5294 2642,5294 2642,5295 2642,5296 2645,5298 2646,5298 2646,5299 2646,5300 2647,5301 2647,5345 2648,5345 2917,5345 2921,5341 2925,5341 2926,5340 2926,5339 2928,5337 2929,5337 2930,5339 2930,5340 2932,5341 3008,5341 3009,5343 3009,5344 3011,5345 3182,5345 3182,5345 3182,5296 3184,5294 3185,5294 3186,5293 3186,5292 3188,5290 3197,5290 3198,5289 3198,5288 3200,5286 3205,5286 3206,5288 3206,5289 3207,5290 3208,5290 3209,5290 3210,5292 3210,5293 3211,5293 3212,5294 3213,5294 3214,5296 3214,5341 3215,5341 3244,5341 3245,5343 3245,5344 3247,5345 3418,5345 3418,5345 3418,5298 3419,5297 3419,5295 3420,5294 3426,5294 3426,5294 3426,5293 3427,5292 3427,5291 3428,5290 3441,5290 3443,5293 3443,5294 3444,5294 3445,5294 3446,5296 3446,5341 3447,5341 3508,5341 3509,5343 3509,5344 3511,5345 3891,5345 3891,5345 3891,5293 3892,5292 3892,5291 3893,5290 3914,5290 3915,5292 3915,5333 3916,5333 4032,5333 4033,5335 4033,5336 4035,5337 4036,5337 4037,5339 4037,5344 4039,5345 4040,5345 4041,5347 4041,5349 4041,5349 4040,5349 4039,5350 4038,5350 4037,5351 4037,5352 4036,5353 4030,5353 4029,5354 4029,5419 4028,5420 3972,5420 3970,5422 3970,5423 3969,5424 3748,5424 3745,5427 3745,5428 3745,5428 3511,5428 3509,5430 3509,5431 3508,5432 3492,5432 3489,5430 3489,5429 3489,5428 2944,5428 2942,5430 2942,5431 2941,5432 2763,5432 2761,5431 2761,5430 2760,5428 2384,5428 2383,5429 2383,5430 2381,5432 2286,5432 2284,5434 2284,5435 2283,5436 2278,5436 2276,5438 2276,5439 2275,5440 2266,5440 2264,5442 2264,5443 2263,5444 2259,5444 2256,5442 2256,5441 2256,5440 2255,5440 2252,5438 2252,5437 2252,5436 2251,5436 2248,5434 2248,5433 2248,5432 2022,5432 2020,5434 2020,5435 2019,5436 1777,5436 1776,5437 1776,5482 1775,5483 1770,5483 1768,5485 1768,5486 1767,5487"/><TextEquiv index="1"><Unicode>&amp; je l'ai quitté. Je l'ai entendu demander</Unicode></TextEquiv></TextLine><TextLine id="r0_l028"><Coords points="2897,5684 2894,5682 2894,5681 2894,5680 2893,5680 2891,5679 2891,5630 2891,5629 2491,5629 2489,5631 2489,5636 2488,5637 2483,5637 2481,5636 2481,5635 2480,5633 2318,5633 2315,5631 2315,5630 2315,5629 1860,5629 1859,5630 1859,5643 1857,5645 1856,5645 1855,5646 1855,5647 1853,5649 1852,5649 1851,5650 1851,5655 1850,5656 1849,5656 1847,5658 1847,5659 1846,5660 1833,5660 1831,5662 1831,5663 1830,5664 1825,5664 1823,5663 1823,5638 1823,5637 1723,5637 1721,5636 1721,5635 1720,5633 1490,5633 1488,5635 1488,5636 1487,5637 1486,5637 1484,5636 1484,5635 1483,5633 1030,5633 1027,5631 1027,5590 1027,5589 985,5589 984,5589 984,5588 983,5586 979,5586 978,5585 977,5585 976,5585 976,5579 976,5578 975,5578 974,5577 973,5577 972,5577 972,5572 974,5570 1031,5570 1031,5570 1031,5505 1033,5503 1038,5503 1039,5502 1039,5501 1041,5499 1042,5499 1043,5498 1043,5497 1045,5495 1062,5495 1063,5497 1063,5506 1064,5506 1065,5506 1066,5507 1250,5507 1252,5505 1252,5504 1253,5503 1409,5503 1409,5503 1409,5501 1411,5499 1412,5499 1413,5498 1413,5497 1415,5495 1428,5495 1429,5497 1429,5498 1430,5498 1431,5499 1432,5499 1433,5501 1433,5549 1435,5550 1668,5550 1669,5549 1669,5548 1671,5546 1739,5546 1741,5549 1741,5550 1742,5550 1743,5550 1745,5553 1745,5554 1746,5554 1751,5554 1751,5555 1752,5556 1752,5557 1753,5557 1754,5558 1755,5558 1756,5560 1756,5565 1758,5566 1759,5566 1760,5568 1760,5577 1761,5577 1762,5577 1764,5580 1764,5605 1765,5605 1957,5605 1957,5605 1957,5583 1958,5582 1959,5582 1960,5581 1961,5581 1961,5581 1961,5576 1968,5569 1969,5569 1969,5569 1969,5564 1975,5558 1980,5558 1980,5558 1980,5557 1983,5554 1988,5554 1988,5554 1988,5553 1991,5550 2000,5550 2000,5550 2000,5501 2002,5499 2007,5499 2008,5498 2008,5497 2010,5495 2015,5495 2016,5494 2016,5493 2018,5491 2019,5491 2021,5494 2021,5495 2022,5495 2023,5495 2024,5497 2024,5498 2025,5498 2026,5498 2027,5499 2071,5499 2071,5500 2071,5501 2074,5503 2078,5503 2083,5509 2083,5546 2084,5546 2307,5546 2307,5546 2307,5545 2310,5542 2330,5542 2331,5544 2331,5545 2333,5546 2631,5546 2631,5546 2631,5497 2637,5491 2650,5491 2650,5492 2650,5493 2653,5495 2654,5495 2654,5496 2654,5542 2655,5542 3052,5542 3052,5542 3052,5497 3054,5495 3055,5495 3056,5494 3056,5489 3058,5487 3059,5487 3061,5490 3061,5491 3062,5491 3071,5491 3072,5493 3072,5494 3074,5495 3075,5495 3076,5497 3076,5542 3077,5542 3797,5542 3797,5542 3797,5493 3799,5491 3800,5491 3800,5491 3801,5490 3801,5489 3803,5487 3804,5487 3804,5487 3804,5486 3807,5483 3954,5483 3954,5483 3954,5482 3957,5479 3965,5479 3966,5481 3966,5530 3967,5530 4016,5530 4018,5533 4018,5534 4019,5534 4020,5534 4021,5536 4021,5540 4022,5541 4022,5542 4023,5542 4024,5542 4025,5544 4025,5584 4027,5585 4031,5585 4032,5586 4128,5586 4128,5587 4128,5596 4127,5597 4126,5597 4124,5599 4124,5600 4123,5601 4122,5601 4120,5603 4120,5604 4119,5605 4118,5605 4116,5607 4116,5608 4115,5609 4035,5609 4034,5610 4034,5611 4032,5613 3996,5613 3994,5615 3994,5616 3993,5617 3881,5617 3880,5618 3880,5619 3875,5624 3875,5625 3875,5625 3684,5625 3683,5626 3683,5663 3682,5664 3681,5664 3679,5666 3679,5671 3678,5672 3677,5672 3675,5674 3675,5675 3674,5676 3669,5676 3667,5678 3667,5679 3666,5680 3653,5680 3651,5679 3651,5678 3650,5676 3649,5676 3648,5676 3647,5675 3647,5674 3646,5672 3645,5672 3643,5671 3643,5630 3643,5629 3405,5629 3403,5628 3403,5627 3402,5625 3200,5625 3198,5627 3198,5628 3197,5629 2943,5629 2942,5630 2942,5679 2941,5680 2928,5680 2926,5682 2926,5683 2925,5684"/><TextEquiv index="1"><Unicode>la Prieure, d'une voix qui annonçoit la</Unicode></TextEquiv></TextLine><TextLine id="r0_l029"><Coords points="1245,5929 1244,5929 1244,5922 1244,5921 1243,5921 1240,5919 1240,5914 1240,5913 1239,5913 1236,5911 1236,5906 1236,5905 1227,5905 1224,5903 1224,5831 1224,5830 1072,5830 1071,5831 1071,5880 1070,5881 1069,5881 1062,5888 1062,5889 1062,5889 1033,5889 1031,5891 1031,5892 1030,5893 1025,5893 1024,5894 1024,5895 1022,5897 1019,5895 1019,5894 1019,5893 1018,5893 1015,5891 1015,5880 1016,5879 1016,5878 1017,5877 1018,5877 1019,5876 1019,5757 1021,5755 1022,5755 1022,5755 1023,5754 1023,5753 1025,5751 1030,5751 1031,5750 1031,5749 1033,5747 1046,5747 1047,5746 1047,5745 1049,5743 1118,5743 1118,5743 1118,5702 1124,5696 1128,5696 1134,5690 1134,5689 1135,5688 1141,5688 1141,5689 1141,5690 1144,5692 1145,5692 1145,5693 1145,5694 1146,5695 1146,5747 1147,5747 1469,5747 1469,5747 1469,5705 1471,5703 1472,5703 1472,5703 1472,5699 1473,5698 1473,5697 1474,5696 1617,5696 1618,5695 1618,5694 1620,5692 1625,5692 1626,5691 1626,5690 1628,5688 1629,5688 1630,5690 1630,5691 1632,5692 1633,5692 1634,5694 1634,5747 1635,5747 1838,5747 1839,5746 1839,5745 1841,5743 2019,5743 2020,5742 2020,5721 2021,5720 2022,5720 2024,5718 2024,5713 2025,5712 2026,5712 2027,5711 2028,5711 2028,5711 2028,5705 2029,5704 2034,5704 2035,5703 2036,5703 2036,5703 2036,5697 2037,5696 2042,5696 2048,5690 2048,5689 2049,5688 2070,5688 2072,5691 2072,5692 2073,5692 2082,5692 2083,5694 2083,5743 2084,5743 2445,5743 2445,5744 2445,5745 2450,5750 2450,5758 2452,5759 2457,5759 2457,5760 2457,5762 2458,5763 2458,5790 2459,5790 2480,5790 2481,5792 2481,5793 2482,5793 2483,5794 2484,5794 2485,5796 2485,5801 2487,5802 2488,5802 2489,5804 2489,5813 2488,5814 2487,5814 2485,5816 2485,5817 2484,5818 2483,5818 2481,5820 2481,5821 2480,5822 2480,5822 2479,5822 2477,5824 2477,5825 2476,5826 2432,5826 2430,5828 2430,5829 2429,5830 1931,5830 1930,5831 1930,5832 1928,5834 1684,5834 1681,5832 1681,5831 1681,5830 1595,5830 1594,5831 1594,5890 1594,5890 1588,5890 1587,5890 1587,5831 1587,5830 1289,5830 1287,5832 1287,5833 1286,5834 1280,5834 1279,5835 1279,5899 1273,5905 1269,5905 1268,5906 1268,5907 1266,5909 1265,5909 1264,5910 1264,5914 1260,5918 1259,5918 1252,5925 1251,5925 1249,5927 1248,5927 1246,5929"/><TextEquiv index="1"><Unicode>plus violente fureur.</Unicode></TextEquiv></TextLine><TextLine id="r0_l030"><Coords points="2865,6082 2863,6081 2863,6032 2863,6031 1278,6031 1275,6029 1275,6028 1275,6027 1274,6027 1271,6025 1271,6008 1271,6007 1270,6007 1267,6005 1267,5997 1266,5995 1265,5995 1264,5995 1264,5986 1262,5983 1261,5983 1260,5983 1260,5981 1260,5980 991,5980 990,5979 989,5979 988,5979 988,5978 987,5976 979,5976 978,5975 977,5975 976,5975 976,5970 979,5967 980,5967 980,5967 980,5966 984,5962 984,5953 985,5952 1249,5952 1249,5952 1248,5951 1248,5942 1247,5940 1246,5940 1244,5939 1244,5930 1245,5929 1246,5929 1248,5927 1249,5927 1251,5925 1252,5925 1259,5918 1260,5918 1264,5914 1273,5914 1273,5914 1273,5905 1279,5899 1299,5899 1299,5899 1299,5895 1301,5893 1526,5893 1528,5891 1528,5890 1529,5889 1539,5889 1540,5890 1594,5890 1597,5893 1598,5893 1598,5894 1598,5895 1601,5897 1602,5897 1602,5898 1602,5899 1603,5900 1603,5908 1605,5909 1606,5909 1606,5910 1606,5915 1608,5916 1609,5916 1610,5918 1610,5919 1612,5920 1613,5920 1614,5922 1614,5932 1615,5932 3529,5932 3529,5932 3529,5894 3530,5893 3531,5893 3532,5892 3533,5892 3533,5892 3533,5891 3535,5889 3540,5889 3540,5889 3540,5888 3543,5885 3548,5885 3548,5885 3548,5884 3551,5881 3556,5881 3556,5882 3556,5883 3559,5885 3560,5885 3560,5886 3560,5887 3561,5888 3561,5897 3562,5897 3682,5897 3683,5899 3683,5900 3685,5901 3686,5901 3687,5903 3687,5904 3689,5905 3690,5905 3690,5906 3690,5907 3693,5909 3694,5909 3694,5910 3694,5911 3696,5912 3700,5912 3701,5913 3702,5913 3702,5914 3702,5924 3703,5924 4008,5924 4010,5927 4010,5928 4011,5928 4016,5928 4016,5929 4018,5931 4018,5932 4019,5932 4020,5932 4022,5935 4022,5936 4023,5936 4024,5936 4025,5938 4025,5942 4026,5943 4026,5944 4027,5944 4028,5944 4029,5946 4029,5987 4029,5987 4028,5987 4025,5990 4025,5999 4025,5999 4024,5999 4022,6001 4017,6006 4017,6007 4017,6007 4014,6007 4013,6008 4013,6072 4013,6072 4005,6072 4004,6073 3663,6073 3662,6074 3338,6074 3336,6076 3336,6077 3335,6078 2889,6078 2887,6080 2887,6081 2886,6082"/><TextEquiv index="1"><Unicode>Voilà un contre-temps auquel je ne</Unicode></TextEquiv></TextLine><TextLine id="r0_l031"><Coords points="1940,6291 1937,6289 1937,6288 1937,6287 1936,6287 1933,6285 1933,6241 1933,6240 1700,6240 1696,6236 1387,6236 1386,6237 1386,6238 1385,6239 1383,6239 1382,6239 1382,6238 1381,6236 1314,6236 1313,6235 1312,6235 1311,6235 1311,6234 1310,6232 1037,6232 1035,6234 1035,6235 1035,6235 1034,6235 1033,6236 1022,6236 1019,6234 1019,6201 1019,6200 1002,6200 999,6198 999,6197 999,6196 994,6196 993,6196 992,6195 992,6174 993,6173 994,6173 995,6172 1019,6172 1019,6172 1019,6155 1021,6153 1022,6153 1023,6152 1023,6152 1023,6151 1025,6149 1030,6149 1031,6148 1031,6147 1033,6145 1038,6145 1039,6144 1039,6143 1041,6141 1165,6141 1165,6141 1165,6092 1167,6090 1168,6090 1169,6089 1169,6088 1171,6086 1192,6086 1193,6088 1193,6089 1195,6090 1196,6090 1197,6092 1197,6097 1199,6098 1200,6098 1201,6100 1201,6129 1202,6129 1361,6129 1362,6131 1362,6132 1364,6133 1365,6133 1366,6135 1366,6141 1367,6141 1622,6141 1622,6141 1622,6092 1624,6090 1633,6090 1634,6089 1634,6088 1636,6086 1645,6086 1646,6088 1646,6089 1648,6090 1791,6090 1791,6091 1791,6092 1794,6094 1795,6094 1795,6095 1795,6096 1796,6097 1796,6141 1797,6141 1964,6141 1965,6143 1965,6144 1967,6145 2288,6145 2288,6145 2288,6103 2289,6102 2290,6102 2294,6098 2318,6098 2320,6096 2320,6095 2321,6094 2339,6094 2339,6095 2339,6096 2342,6098 2343,6098 2343,6099 2343,6137 2344,6137 2564,6137 2564,6137 2564,6135 2566,6133 2567,6133 2568,6132 2568,6119 2570,6117 2571,6117 2572,6116 2572,6111 2574,6109 2575,6109 2575,6109 2575,6105 2576,6104 2576,6103 2577,6102 2578,6102 2580,6100 2580,6099 2581,6098 2582,6098 2584,6096 2584,6095 2585,6094 2586,6094 2587,6093 2587,6092 2589,6090 2594,6090 2595,6089 2595,6088 2597,6086 2811,6086 2812,6088 2812,6089 2813,6089 2814,6090 2815,6090 2816,6092 2816,6141 2817,6141 3075,6141 3076,6140 3076,6139 3078,6137 3142,6137 3143,6136 3143,6135 3145,6133 3190,6133 3190,6133 3190,6088 3192,6086 3193,6086 3194,6085 3194,6084 3196,6082 3209,6082 3210,6084 3210,6085 3212,6086 3213,6086 3214,6088 3214,6136 3216,6137 3651,6137 3651,6137 3651,6108 3661,6098 3694,6098 3694,6098 3694,6096 3696,6094 3697,6094 3698,6093 3698,6092 3700,6090 3809,6090 3809,6090 3809,6083 3810,6082 3811,6082 3811,6082 3813,6080 3813,6079 3814,6078 3998,6078 3998,6078 3998,6074 3999,6073 4004,6073 4005,6072 4014,6072 4014,6073 4014,6089 4016,6090 4017,6090 4017,6091 4017,6092 4020,6094 4021,6094 4021,6095 4021,6100 4024,6102 4025,6102 4025,6103 4025,6175 4027,6176 4035,6176 4036,6177 4037,6177 4037,6178 4037,6187 4039,6188 4040,6188 4041,6190 4041,6195 4043,6196 4044,6196 4045,6198 4045,6203 4044,6204 4000,6204 3998,6206 3998,6207 3997,6208 3920,6208 3919,6209 3919,6211 3918,6212 3917,6212 3915,6214 3915,6215 3914,6216 3913,6216 3911,6218 3911,6219 3910,6220 3909,6220 3907,6222 3907,6223 3906,6224 3802,6224 3801,6225 3801,6226 3799,6228 3676,6228 3675,6229 3675,6242 3674,6243 3673,6243 3671,6245 3671,6254 3670,6255 3669,6255 3667,6257 3667,6262 3666,6263 3665,6263 3663,6265 3663,6270 3662,6271 3661,6271 3659,6273 3659,6274 3658,6275 3657,6275 3655,6277 3655,6278 3654,6279 3649,6279 3647,6278 3647,6277 3646,6275 3645,6275 3643,6274 3643,6233 3643,6232 3404,6232 3403,6233 3403,6274 3402,6275 3401,6275 3400,6276 3399,6277 3399,6278 3398,6279 3369,6279 3368,6280 3368,6281 3366,6283 3357,6283 3356,6284 3356,6285 3354,6287 3350,6287 3348,6286 3348,6285 3347,6283 3346,6283 3344,6282 3344,6225 3344,6224 3164,6224 3163,6225 3163,6226 3161,6228 2939,6228 2938,6229 2938,6278 2937,6279 2936,6279 2935,6280 2934,6281 2934,6282 2933,6283 2893,6283 2891,6282 2891,6233 2891,6232 2561,6232 2560,6233 2560,6235 2560,6235 2557,6235 2556,6235 2556,6234 2555,6232 2195,6232 2193,6234 2193,6235 2193,6235 2192,6235 2191,6236 2132,6236 2130,6238 2130,6239 2130,6239 2129,6239 2128,6240 1990,6240 1989,6241 1989,6289 1987,6291"/><TextEquiv index="1"><Unicode>m'attendois pas. Le ſeul parti que j'aie à</Unicode></TextEquiv></TextLine></TextRegion></Page></PcGts>