4266 8191
1641 554 2221 803 o.
425 784 3594 1224 auils es bonees gans, poatrla ere
430 1218 1448 1384 de Rouéville.
569 1890 3482 2153 Le Chevalier Marqué, à Frédégonde.
260 2410 3602 2632 Le Comte de Lyſange vient d'arriver,
337 2619 3614 2825 ma belle ſcélérate. Il a appris que ſa
434 2825 3594 3030 fille avoit diſparu du Couvent; il eſt
442 3022 3610 3224 furieux, comme tu peux le penſer. Il a
446 3224 3618 3434 entendu dire que nous pouvons avoir
180 3420 3602 3634 quelque part dans l'évaſion de ſa fille. Il
458 3626 3602 3833 nous en veut. Cela eſt encore aſſez facile
458 3827 3610 4028 à concevoir. Je n'aime plus cette bégueule.
458 4028 3602 4237 La vengeance a pris la place de l'amour,
462 4225 3594 4435 dans mon cœur offenſé. Ne dois-je pas
470 4431 3602 4636 la punir de ſes mépris & de ſes rigueurs?
478 4632 3626 4833 Puis-je mieux la punir qu'en la remet-
482 4828 1672 5039 tant à ſon père?
671 5030 3795 5273 Je ſais qu'elle eſt à cinquante lieues
128 5232 3803 5437 d'ici, dans une petite ville. J'ai lu, chez
482 5436 3638 5634 notre petit imbécille, des lettres de cette
493 5634 3618 5844 Belle, qui m'ont appris qu'elle s'eſt fait
486 5830 3622 6033 d'abord gardeuſe de moutons, enſuite
501 6036 3642 6222 ſervante; tant elle a les ſentimens nobles!
506 6242 3638 6443 Ne puis-je pas mander, au fier Comte,
514 6443 3642 6665 ces jolies nouvelles? en lui ajoutant que
2876 6664 3141 6845 Lv
