4266 8335
848 758 4053 968 ſommes bientôt arrivés au château, qui
843 967 4052 1180 eſt de belle apparence. Il ne manquoit
851 1160 4035 1379 rien à notre joie, que d'y voir le bien-
852 1384 4028 1590 faiſant Seigneur (qui eſt bien, entre nous,
851 1589 4027 1799 le plus grand roué de tout Paris); mais
847 1796 4027 2004 on nous a annoncé, en arrivant, que
761 2000 4043 2210 des affaires majeures le retenoient à la
847 2206 4035 2420 Cour, & qu'il nous faiſoit mille excuſes.
835 2412 4031 2624 On m'a remis même une lettre de ſa
505 2618 4039 2851 part, où il me peignoit tout le regret
518 2828 4023 3034 qu'il avoit de ne pouvoir aſſiſter à mes
835 3030 4051 3290 noces, & embraſſer ma charmante épouſe.
827 3236 4048 3413 Du reſte, toute la maiſon étoit a nos
827 3434 4027 3697 ordres, & tout le monde étoit chargé de
831 3639 4031 3851 nous obéir, comme au maître lui-meme.
827 3850 4010 4052 M. le Chapelain, qui devoit nous marier,
827 4051 4023 4262 eſt venu nous ſaluer. C'eſt un certain
814 4261 4015 4464 Galéotte, ſecond domeſtique du Comte,
823 4467 4019 4674 qu'on accuſe d'avoir, quelque temps,
814 4665 4023 4871 navigué de Marſeille à Toulon, & de
839 4867 4023 5076 Toulon à Marſeille, & qui eſt au fait
814 5073 4015 5280 de toutes ces ſortes de déguiſemens. Vous
806 5279 4010 5489 auriez juré que c'étoit réellement le plus
806 5481 3994 5715 grave eccléſiaſtique. Tous nos papiers
794 5686 3994 5897 étoient prêts, & très-bien forgés par lui-
790 5892 3998 6098 même. Il me les a préſentés fort ſérieuſe-
794 6102 3990 6316 ment. Nous avons réſolu de nous marier
798 6308 3990 6517 dès le lendemain, & nous avons été
777 6514 4006 6687 fiancés dès le ſoir même. Mes trois bonnes
