<PcGts xmlns="http://schema.primaresearch.org/PAGE/gts/pagecontent/2017-07-15" xmlns:xsi="http://www.w3.org/2001/XMLSchema-instance" xsi:schemaLocation="http://schema.primaresearch.org/PAGE/gts/pagecontent/2017-07-15 http://schema.primaresearch.org/PAGE/gts/pagecontent/2017-07-15/pagecontent.xsd"><Metadata><Creator>User123</Creator><Created>2020-10-17T17:12:54</Created><LastChange>2020-10-17T17:12:54</LastChange></Metadata><Page imageFilename="0216.png" imageHeight="8236" imageWidth="4266"><TextRegion id="r0" type="paragraph" orientation="0.125"><Coords points="1,1 4264,1 4264,8234 1,8234"/><TextLine id="r0_l001"><Coords points="-16,1 281,1 281,139 -16,139"/><TextEquiv index="1"><Unicode></Unicode></TextEquiv></TextLine><TextLine id="r0_l002"><Coords points="1515,586 2043,585 2043,776 1515,777"/><TextEquiv index="1"><Unicode>.</Unicode></TextEquiv></TextLine><TextLine id="r0_l003"><Coords points="-14,1038 -15,1037 -15,806 -15,806 0,806 1,806 1,826 1,827 1265,824 1267,825 1267,826 1267,827 2728,824 2729,825 2829,824 2831,826 2831,840 2831,840 2849,840 2852,843 2852,848 2852,848 3105,848 3108,850 3108,851 3108,852 3109,852 3112,854 3112,877 3112,878 3317,877 3319,879 3319,880 3320,881 3321,881 3323,883 3323,884 3324,885 3333,885 3335,887 3335,888 3336,889 3337,889 3339,891 3339,892 3340,893 3370,893 3372,895 3372,896 3373,897 3374,897 3375,898 3375,899 3377,901 3378,901 3380,903 3380,916 3379,917 3374,917 3372,919 3372,952 3371,953 3371,954 3371,954 3370,954 3368,956 3368,960 3367,961 3367,962 3367,962 3366,962 3363,965 3363,966 3363,966 3341,966 3339,968 3339,969 3338,970 3333,970 3331,972 3331,973 3329,975 3328,975 3327,976 3327,977 3326,978 3170,979 3169,979 3169,1024 3168,1025 3168,1026 3168,1027 3142,1027 3140,1025 3140,1024 3139,1023 3126,1023 3124,1021 3124,1003 3124,1003 2992,1003 2990,1002 2990,1001 2990,1000 1753,1003 1750,1000 1750,999 1750,999 1749,999 1746,996 1746,980 1746,980 1,984 1,984 1,1037 1,1038"/><TextEquiv index="1"><Unicode>mais bien moindres, ce me ſemble, que</Unicode></TextEquiv></TextLine><TextLine id="r0_l004"><Coords points="2576,1238 2575,1237 2575,1236 2573,1234 2478,1234 2478,1234 2478,1233 2475,1230 2466,1230 2466,1230 2466,1229 2464,1227 2463,1226 2462,1226 2462,1226 2462,1178 2461,1177 986,1180 985,1181 768,1182 767,1183 767,1184 766,1185 765,1185 764,1186 589,1186 588,1188 588,1189 586,1190 503,1191 503,1191 503,1236 501,1238 463,1238 463,1238 463,1241 462,1242 441,1242 441,1241 441,1239 440,1239 -14,1240 -14,1239 -15,1038 -14,1038 910,1036 911,1035 1145,1034 1145,1034 1145,1033 1147,1031 2100,1029 2102,1027 2119,1027 2120,1029 2120,1030 2122,1031 2127,1031 2128,1033 2128,1034 2130,1035 2131,1035 2133,1037 3115,1035 3115,1035 3115,1036 3116,1037 3116,1042 3117,1043 3118,1043 3120,1045 3120,1091 3121,1092 3261,1092 3262,1093 3262,1094 3264,1096 3265,1096 3266,1097 3266,1098 3268,1100 3269,1100 3270,1101 3270,1116 3271,1117 3345,1116 3346,1117 3347,1117 3347,1118 3347,1119 3350,1121 3351,1121 3351,1122 3352,1138 3351,1139 3351,1140 3349,1141 3348,1141 3348,1142 3348,1143 3345,1145 3344,1145 3344,1146 3344,1147 3341,1149 3290,1149 3290,1150 3290,1165 3289,1165 3288,1165 3287,1167 3286,1168 3286,1169 3285,1169 3284,1169 3282,1172 3282,1173 3281,1173 3258,1174 3258,1174 3258,1175 3256,1177 3255,1177 3254,1178 2596,1179 2596,1179 2596,1232 2594,1234 2593,1234 2593,1234 2591,1236 2591,1237 2590,1238"/><TextEquiv index="1"><Unicode>ne peut le faire croire ſon appareil im-</Unicode></TextEquiv></TextLine><TextLine id="r0_l005"><Coords points="488,1444 487,1443 487,1442 487,1442 242,1442 241,1441 240,1441 239,1441 239,1440 238,1438 226,1438 225,1437 224,1437 223,1437 223,1436 222,1435 222,1392 222,1391 -13,1392 -14,1391 -14,1240 -14,1240 907,1238 908,1239 1325,1238 1328,1240 1328,1245 1328,1246 1329,1246 1332,1248 1332,1288 1332,1289 3224,1285 3225,1284 3225,1244 3227,1242 3228,1242 3229,1241 3229,1240 3231,1238 3251,1238 3254,1240 3254,1241 3254,1242 3255,1242 3258,1244 3258,1291 3258,1292 3333,1291 3335,1293 3335,1294 3336,1295 3337,1295 3339,1297 3339,1298 3340,1299 3341,1299 3343,1301 3343,1302 3344,1303 3345,1303 3347,1305 3347,1310 3349,1312 3350,1312 3351,1313 3351,1324 3352,1325 3352,1364 3352,1364 3357,1364 3360,1367 3358,1369 3345,1369 3343,1371 3343,1372 3343,1372 3342,1372 3341,1373 3337,1373 3335,1375 3335,1376 3335,1376 3334,1376 3333,1377 3329,1377 3327,1379 3327,1380 3327,1380 3326,1380 3325,1381 2979,1382 2978,1383 2978,1436 2977,1437 2976,1437 2975,1438"/><TextEquiv index="1"><Unicode>poſant. J'aurois cru montrer trop de</Unicode></TextEquiv></TextLine><TextLine id="r0_l006"><Coords points="3203,1641 3202,1640 3201,1640 3201,1639 3201,1638 3199,1637 3191,1637 3190,1636 3189,1636 3188,1635 2305,1637 2304,1636 514,1640 514,1640 514,1645 513,1646 504,1646 504,1645 504,1641 503,1641 -13,1642 -13,1641 -14,1467 -13,1467 482,1466 482,1465 482,1448 483,1447 483,1446 484,1446 485,1446 487,1444 922,1443 923,1442 924,1442 925,1441 1470,1439 1471,1438 2069,1437 2070,1438 2071,1438 2071,1439 2071,1440 2072,1440 2117,1440 2118,1441 2122,1441 2123,1442 2124,1442 2124,1443 2124,1487 2125,1487 2793,1486 2795,1488 2795,1491 2796,1492 3321,1490 3322,1491 3323,1491 3323,1492 3323,1493 3325,1494 3329,1494 3330,1495 3331,1495 3331,1496 3331,1497 3333,1498 3337,1498 3338,1499 3339,1499 3339,1500 3339,1501 3341,1502 3342,1503 3343,1503 3343,1504 3343,1509 3346,1511 3347,1511 3347,1512 3347,1513 3350,1515 3351,1515 3351,1516 3351,1531 3352,1532 3351,1533 3351,1534 3350,1535 3349,1535 3348,1536 3348,1537 3347,1538 3347,1567 3347,1567 3346,1567 3344,1569 3343,1570 3343,1571 3343,1571 3342,1571 3340,1573 3339,1574 3339,1575 3339,1575 3338,1575 3336,1577 3335,1578 3335,1579 3334,1580 3333,1580 3331,1582 3331,1583 3330,1584 3267,1585 3266,1585 3266,1590 3265,1591 3266,1610 3264,1612 3263,1612 3262,1613 3262,1618 3259,1621 3258,1621 3258,1621 3258,1622 3255,1625 3254,1625 3254,1625 3254,1626 3251,1629 3250,1629 3250,1629 3250,1630 3247,1633 3238,1633 3238,1633 3238,1634 3235,1637 3230,1637 3230,1637 3230,1638 3227,1641"/><TextEquiv index="1"><Unicode>vanité, ſi j'avois penſé que cet orage</Unicode></TextEquiv></TextLine><TextLine id="r0_l007"><Coords points="1200,1860 1198,1859 1198,1848 1198,1847 1158,1847 1157,1847 1157,1788 1156,1787 1040,1787 1039,1786 784,1787 784,1787 784,1788 783,1789 783,1790 782,1791 780,1791 779,1789 779,1788 777,1787 457,1788 457,1788 457,1844 457,1845 452,1845 451,1844 451,1791 450,1791 329,1791 328,1789 328,1788 326,1787 1,1788 1,1788 1,1844 1,1845 -12,1845 -13,1844 -13,1642 -13,1642 0,1642 1,1642 1,1697 1,1698 490,1697 491,1696 491,1654 500,1645 503,1645 504,1646 514,1646 515,1646 515,1651 515,1652 516,1652 517,1653 518,1653 519,1653 519,1697 519,1698 561,1697 562,1698 794,1698 796,1699 796,1700 796,1701 1050,1700 1052,1698 1053,1698 1054,1697 1211,1697 1212,1698 1213,1698 1214,1698 1214,1700 1214,1701 1473,1700 1476,1697 1501,1697 1503,1696 1503,1695 1504,1693 1548,1693 1549,1694 1550,1694 1551,1695 1551,1696 1553,1698 1554,1698 1555,1699 1555,1700 1556,1701 1953,1700 1954,1700 1954,1699 1954,1698 1955,1698 1958,1696 1958,1695 1958,1694 1959,1694 1960,1693 2009,1693 2010,1693 2010,1648 2011,1647 2011,1646 2011,1645 2244,1645 2246,1643 2246,1642 2247,1641 2249,1641 2250,1641 2250,1642 2252,1645 2253,1645 2254,1645 2254,1648 2254,1649 2297,1649 2299,1650 2299,1651 2299,1652 2300,1653 2301,1653 2303,1654 2303,1696 2303,1697 2304,1697 2305,1698 2458,1697 2459,1698 2460,1698 2461,1699 2461,1700 2462,1701 2818,1700 2821,1697 3318,1696 3319,1696 3319,1695 3319,1694 3320,1694 3321,1693 3340,1693 3341,1694 3342,1694 3343,1695 3343,1696 3344,1697 3348,1697 3349,1698 3350,1698 3351,1699 3351,1700 3353,1702 3354,1702 3355,1703 3355,1704 3356,1705 3356,1754 3356,1754 3357,1754 3360,1757 3360,1758 3360,1758 3377,1758 3380,1761 3380,1762 3380,1762 3381,1762 3382,1763 3383,1763 3384,1764 3384,1766 3382,1767 3381,1767 3377,1771 3352,1771 3351,1773 3351,1774 3349,1775 3348,1775 3347,1777 3347,1778 3345,1779 3344,1779 3343,1781 3343,1782 3341,1783 3340,1783 3339,1785 3339,1786 3337,1787 3332,1787 3331,1789 3331,1790 3329,1791 3328,1791 3327,1790 3251,1791 3250,1789 3250,1788 3248,1787 2840,1787 2840,1788 2840,1789 2837,1791 2824,1791 2823,1790 2731,1791 2730,1789 2730,1787 2729,1787 2377,1787 2376,1789 2376,1790 2374,1791 2360,1791 2359,1790 2243,1791 2242,1789 2242,1788 2240,1787 1979,1787 1978,1789 1978,1790 1976,1791 1763,1792 1763,1792 1763,1837 1761,1840 1760,1840 1759,1840 1759,1841 1757,1844 1752,1844 1751,1844 1751,1845 1749,1848 1716,1848 1714,1846 1714,1845 1713,1844 1712,1844 1710,1842 1710,1841 1709,1840 1708,1840 1706,1838 1706,1787 1705,1787 1320,1788 1320,1788 1320,1837 1319,1838 1319,1839 1319,1840 1318,1840 1314,1844 1220,1844 1218,1845 1218,1846 1217,1848 1212,1848 1210,1850 1210,1855 1209,1856 1208,1856 1206,1858 1206,1859 1205,1860"/><TextEquiv index="1"><Unicode>avoit un rapport particulier avec mes</Unicode></TextEquiv></TextLine><TextLine id="r0_l008"><Coords points="229,2047 226,2045 226,2044 226,2043 204,2043 202,2042 202,2041 201,2039 200,2039 198,2038 198,2001 198,2000 -12,2001 -13,2000 -13,1845 -12,1845 1,1845 1,1846 831,1844 832,1845 1043,1844 1043,1845 1043,1846 1045,1847 1166,1847 1167,1848 1168,1848 1170,1851 1170,1852 1171,1852 1172,1852 1173,1854 1173,1901 1174,1901 1412,1901 1413,1902 1413,1903 1415,1905 1421,1905 1421,1905 1421,1915 1423,1917 1424,1917 1425,1918 1425,1961 1426,1962 1495,1961 1496,1962 1758,1962 1758,1962 1758,1963 1759,1964 1761,1966 1762,1966 1762,1966 1762,1967 1765,1970 1766,1970 1767,1971 1767,1979 1766,1980 1766,1981 1766,1982 1765,1982 1763,1983 1763,1987 1762,1988 1762,1989 1762,1990 1761,1990 1758,1992 1758,1993 1758,1994 1757,1994 1754,1996 1754,1997 1754,1998 1520,1998 1519,1999 1519,2005 1518,2006 1517,2006 1515,2008 1515,2013 1513,2015 1512,2015 1511,2016 1511,2017 1509,2019 1508,2019 1507,2020 1507,2021 1505,2023 1504,2023 1503,2024 1503,2025 1501,2027 1488,2027 1486,2029 1486,2030 1485,2031 244,2034 243,2035 243,2046 242,2047"/><TextEquiv index="1"><Unicode>petites fredaines,</Unicode></TextEquiv></TextLine><TextLine id="r0_l009"><Coords points="-12,2099 495,2098 495,2275 -12,2276"/><TextEquiv index="1"><Unicode>“</Unicode></TextEquiv></TextLine><TextLine id="r0_l010"><Coords points="-12,2276 1490,2273 1491,2474 -11,2477"/><TextEquiv index="1"><Unicode>“e“</Unicode></TextEquiv></TextLine><TextLine id="r0_l011"><Coords points="-11,2477 483,2476 483,2680 -11,2681"/><TextEquiv index="1"><Unicode></Unicode></TextEquiv></TextLine><TextLine id="r0_l012"><Coords points="2591,2657 2591,2656 2591,2596 2590,2596 2503,2596 2502,2598 2502,2599 2500,2600 2258,2601 2258,2601 2258,2602 2256,2604 2251,2604 2250,2605 2250,2606 2248,2608 2239,2608 2238,2606 2238,2605 2236,2604 1963,2604 1962,2603 1214,2605 1214,2605 1214,2606 1212,2608 1211,2608 1210,2607 1210,2606 1208,2604 1203,2604 1202,2603 964,2604 963,2603 962,2603 962,2602 962,2601 960,2600 956,2600 955,2599 954,2599 954,2598 954,2597 951,2595 950,2595 950,2594 950,2593 947,2591 946,2591 946,2590 946,2572 947,2571 948,2571 949,2570 950,2569 950,2568 951,2567 956,2567 958,2565 958,2564 959,2563 1209,2562 1210,2562 1210,2561 1211,2559 1220,2559 1222,2560 1222,2563 1222,2564 1952,2562 1955,2559 1968,2559 1969,2559 1969,2558 1970,2557 1970,2556 1970,2555 1972,2555 1974,2557 1974,2558 1975,2559 1980,2559 1982,2561 1982,2562 1983,2563 2252,2563 2253,2564 2753,2563 2754,2562 2754,2560 2755,2559 2760,2559 2762,2557 2762,2556 2763,2555 2777,2555 2778,2555 2778,2556 2783,2561 2783,2570 2783,2571 2784,2571 2787,2573 2787,2577 2785,2579 2784,2579 2783,2580 2783,2584 2782,2585 2782,2586 2781,2587 2780,2587 2778,2589 2778,2590 2777,2591 2776,2591 2775,2592 2771,2592 2770,2593 2770,2594 2768,2596 2616,2596 2616,2596 2616,2655 2615,2656 2600,2656 2599,2657"/><TextEquiv index="1"><Unicode>o</Unicode></TextEquiv></TextLine><TextLine id="r0_l013"><Coords points="2032,2862 2031,2862 2031,2861 2032,2860 2177,2860 2177,2859 2177,2803 2177,2803 1976,2803 1974,2802 1974,2801 1973,2799 1968,2799 1966,2798 1966,2793 1965,2791 1964,2791 1962,2790 1962,2776 1964,2774 1965,2774 1966,2773 1966,2772 1968,2770 1969,2770 1970,2769 1970,2768 1972,2766 2177,2766 2177,2765 2177,2726 2177,2726 2178,2726 2179,2725 2180,2725 2181,2724 2181,2719 2183,2717 2184,2717 2185,2716 2185,2715 2187,2713 2367,2712 2368,2712 2368,2711 2368,2710 2369,2710 2370,2709 2590,2709 2591,2708 2591,2657 2591,2657 2599,2657 2600,2656 2855,2655 2856,2655 2856,2654 2856,2653 2857,2653 2858,2652 2869,2652 2872,2655 2872,2701 2872,2701 3012,2701 3014,2703 3014,2704 3015,2705 3268,2705 3270,2706 3270,2707 3271,2709 3272,2710 3273,2710 3274,2710 3274,2711 3276,2713 3277,2713 3278,2714 3278,2716 3280,2718 3281,2718 3282,2719 3282,2724 3284,2726 3285,2726 3286,2727 3286,2728 3288,2730 3289,2730 3290,2731 3290,2732 3291,2733 3291,2738 3291,2738 3354,2738 3355,2739 3355,2740 3356,2741 3356,2750 3357,2750 3358,2750 3360,2753 3360,2756 3359,2757 3359,2758 3359,2758 3358,2758 3356,2760 3356,2764 3355,2765 3355,2766 3355,2766 3329,2766 3327,2768 3327,2769 3326,2770 3283,2770 3282,2771 3282,2782 3282,2782 3281,2782 3278,2785 3277,2785 3274,2788 3274,2789 3273,2791 3260,2791 3258,2792 3258,2793 3258,2794 3257,2794 3256,2795 3012,2795 3010,2797 3010,2798 3009,2799 2923,2799 2921,2798 2921,2797 2920,2795 2540,2796 2539,2797 2539,2854 2539,2854 2428,2854 2427,2855 2427,2856 2427,2856 2190,2857 2189,2857 2189,2860 2189,2861 2044,2861 2043,2862"/><TextEquiv index="1"><Unicode>;mais les re-</Unicode></TextEquiv></TextLine><TextLine id="r0_l014"><Coords points="-10,3089 -10,3088 -11,2829 -10,2829 1,2829 1,2829 1,2857 1,2858 1738,2854 1740,2852 1927,2851 1928,2852 1929,2852 1929,2853 1929,2854 1931,2855 2539,2854 2541,2856 2546,2856 2547,2858 2547,2859 2549,2860 2550,2860 2551,2862 2551,2901 2552,2901 3252,2900 3253,2901 3254,2901 3254,2901 3254,2907 3255,2908 3278,2907 3279,2908 3280,2908 3281,2909 3282,2909 3282,2910 3282,2965 3283,2965 3337,2965 3338,2967 3338,2968 3340,2969 3345,2969 3347,2971 3347,2972 3348,2973 3349,2974 3350,2974 3351,2975 3351,2976 3352,2977 3381,2977 3384,2980 3384,2989 3383,2989 3382,2989 3376,2996 3376,2997 3374,2998 3356,2998 3356,2999 3356,3008 3351,3013 3351,3018 3350,3018 3349,3018 3347,3021 3347,3022 3346,3022 3345,3022 3343,3025 3343,3026 3342,3026 3328,3026 3327,3028 3327,3029 3325,3030 3311,3030 3311,3030 3311,2999 3310,2998 1307,3003 1307,3003 1307,3059 1306,3060 1,3063 1,3063 1,3087 0,3088 -6,3088 -7,3089"/><TextEquiv index="1"><Unicode>proches, que je me faiſois intérieurement,</Unicode></TextEquiv></TextLine><TextLine id="r0_l015"><Coords points="-8,3263 -10,3261 -10,3089 -10,3089 -7,3089 -6,3088 786,3086 787,3085 787,3068 788,3067 789,3067 790,3066 792,3064 792,3063 792,3063 1302,3062 1303,3061 1303,3060 1303,3060 1582,3059 1583,3059 1583,3058 1584,3057 1584,3056 1584,3055 1606,3055 1608,3057 2415,3055 2417,3057 2417,3058 2418,3059 2419,3059 2421,3061 2421,3062 2422,3063 2422,3063 2423,3063 2425,3065 2425,3074 2426,3075 2427,3075 2429,3077 2429,3086 2430,3087 2431,3087 2433,3089 2433,3094 2435,3096 2436,3096 2437,3097 2437,3102 2438,3103 2439,3103 2441,3105 2441,3109 2441,3109 3143,3108 3144,3108 3144,3109 3146,3112 3307,3111 3308,3112 3358,3112 3359,3113 3359,3114 3360,3115 3360,3164 3360,3164 3365,3164 3368,3167 3368,3168 3368,3168 3369,3168 3372,3171 3372,3172 3372,3172 3380,3172 3381,3173 3382,3173 3384,3175 3384,3180 3385,3181 3386,3181 3388,3183 3388,3188 3386,3189 3360,3189 3360,3190 3360,3195 3359,3196 3359,3197 3358,3197 3304,3197 3303,3199 3303,3200 3302,3201 3060,3202 3059,3202 3059,3203 3058,3205 3057,3205 3055,3206 3055,3207 3054,3209 3053,3209 3051,3210 3051,3219 3050,3221 3049,3221 3047,3223 3047,3232 3045,3234 3044,3234 3043,3235 3043,3240 3041,3242 3040,3242 3039,3243 3039,3244 3037,3246 2886,3246 2885,3247 2885,3254 2885,3254 2884,3254 2883,3253 2877,3253 2876,3253 2876,3204 2876,3203 1451,3206 1450,3207 1450,3208 1449,3209 443,3212 442,3212 442,3227 440,3230 439,3230 438,3230 438,3235 436,3238 435,3238 434,3238 434,3243 432,3246 431,3246 430,3246 430,3252 429,3254 415,3254 414,3254 414,3255 412,3258 1,3259 1,3259 1,3262 1,3263"/><TextEquiv index="1"><Unicode>aggravoient néceſſairement à mes yeux</Unicode></TextEquiv></TextLine><TextLine id="r0_l016"><Coords points="2762,3456 2762,3455 2762,3453 2761,3453 1,3459 1,3459 1,3460 0,3461 -9,3461 -9,3460 -10,3262 -9,3262 -8,3263 1,3263 1,3264 1686,3260 1686,3259 1686,3258 1687,3258 1688,3258 1690,3255 1690,3254 1691,3254 1717,3254 1719,3256 2883,3253 2884,3254 2891,3254 2892,3256 2892,3311 2893,3311 3269,3311 3270,3312 3347,3311 3347,3312 3347,3313 3360,3326 3360,3327 3361,3327 3367,3327 3367,3328 3367,3329 3368,3330 3368,3351 3369,3351 3390,3351 3391,3352 3392,3352 3392,3353 3392,3354 3394,3355 3395,3355 3396,3357 3396,3359 3395,3360 3394,3360 3382,3372 3365,3372 3364,3373 3364,3378 3362,3380 3361,3380 3360,3381 3360,3382 3358,3384 3357,3384 3356,3385 3356,3386 3354,3388 3353,3388 3352,3389 3352,3390 3350,3392 3349,3392 3348,3393 3348,3394 3342,3400 2774,3402 2773,3402 2774,3455 2773,3456"/><TextEquiv index="1"><Unicode>ce phénomène effrayant. Malgré mes</Unicode></TextEquiv></TextLine><TextLine id="r0_l017"><Coords points="867,3667 866,3666 536,3666 535,3665 -8,3667 -9,3666 -9,3461 -9,3461 0,3461 1,3462 1503,3458 1504,3457 1505,3457 1506,3457 1506,3456 1506,3455 2027,3454 2028,3453 2362,3452 2365,3449 2395,3449 2396,3450 2396,3451 2397,3452 2397,3453 2397,3453 2407,3453 2408,3454 2408,3455 2408,3455 3341,3453 3343,3455 3343,3456 3344,3457 3345,3457 3348,3460 3348,3461 3348,3461 3349,3461 3351,3463 3351,3464 3352,3465 3352,3550 3352,3550 3377,3550 3380,3553 3380,3554 3380,3554 3381,3554 3384,3557 3384,3566 3382,3567 3377,3567 3376,3569 3376,3570 3374,3571 3364,3571 3364,3572 3364,3593 3363,3594 3363,3595 3362,3595 3357,3595 3356,3597 3356,3598 3354,3599 3002,3600 3002,3601 3002,3647 3000,3648 2991,3648 2990,3650 2990,3651 2988,3652 1957,3654 1957,3655 1957,3656 1956,3656 1608,3657 1607,3658 1478,3658 1478,3659 874,3661 873,3661 873,3666 873,3667"/><TextEquiv index="1"><Unicode>réflexions, j'en étois plus frappé que ſi</Unicode></TextEquiv></TextLine><TextLine id="r0_l018"><Coords points="744,3867 -8,3869 -9,3868 -9,3667 -8,3667 1,3667 1,3668 1462,3664 1462,3664 1462,3662 1464,3660 1465,3660 1466,3659 1603,3659 1604,3658 2185,3657 2186,3656 2195,3656 2197,3654 2197,3653 2198,3652 2297,3652 2299,3653 2299,3654 2299,3655 2300,3656 2301,3656 2303,3658 3105,3656 3108,3658 3108,3659 3109,3660 3114,3660 3116,3662 3116,3705 3117,3706 3338,3705 3339,3707 3339,3708 3341,3709 3342,3709 3343,3711 3343,3713 3344,3713 3363,3713 3363,3714 3363,3715 3368,3720 3368,3786 3369,3786 3391,3786 3392,3788 3392,3789 3394,3790 3395,3790 3396,3792 3396,3794 3396,3794 3395,3794 3394,3795 3361,3795 3359,3797 3359,3798 3359,3798 3354,3798 3351,3801 3351,3802 3351,3802 3350,3802 3349,3803 2808,3805 2807,3805 2807,3849 2806,3851 2805,3851 2803,3852 2803,3853 2802,3855 2426,3855 2425,3856 2425,3858 2425,3858 2049,3859 2048,3860 1117,3862 1116,3863 1109,3863 1108,3864 746,3865 745,3866 745,3868 745,3868"/><TextEquiv index="1"><Unicode>je n'avois pas été coupable. Cependant</Unicode></TextEquiv></TextLine><TextLine id="r0_l019"><Coords points="836,4073 836,4072 836,4069 835,4069 -8,4071 -8,4070 -9,3869 -8,3869 212,3868 213,3867 222,3867 222,3867 222,3866 225,3863 1545,3860 1546,3859 1559,3859 1559,3859 1559,3858 1562,3855 1566,3855 1568,3858 1568,3859 1569,3859 1684,3859 1685,3860 2426,3858 2428,3860 3224,3859 3225,3860 3225,3861 3227,3863 3280,3862 3281,3863 3285,3863 3286,3865 3286,3870 3288,3871 3289,3871 3290,3873 3291,3945 3291,3945 3362,3945 3364,3947 3364,3960 3365,3961 3366,3961 3368,3963 3368,3964 3366,3965 3365,3965 3363,3968 3363,3969 3362,3969 3303,3969 3303,3970 3303,3996 3300,3998 3299,3998 3299,3999 3299,4000 3296,4002 3075,4003 3075,4003 3075,4004 3074,4005 3073,4005 3072,4006 2486,4007 2486,4008 2486,4053 2484,4054 2479,4054 2478,4056 2478,4057 2477,4057 2476,4058 2475,4058 2474,4059 2460,4059 2459,4058 2458,4058 2457,4057 2457,4057 2457,4056 2455,4054 2446,4054 2445,4053 2445,4008 2444,4007 852,4011 852,4011 852,4071 851,4072 846,4072 845,4073"/><TextEquiv index="1"><Unicode>le beſoin de conſoler mon épouſe fit di-</Unicode></TextEquiv></TextLine><TextLine id="r0_l020"><Coords points="-7,4267 -8,4266 -8,4071 -8,4071 481,4070 483,4068 483,4067 483,4067 484,4067 485,4066 1181,4064 1182,4063 1183,4063 1184,4062 1199,4062 1201,4064 2105,4062 2107,4064 3271,4062 3272,4063 3283,4062 3284,4063 3285,4063 3286,4064 3286,4065 3288,4067 3289,4067 3290,4068 3290,4069 3291,4070 3291,4115 3291,4115 3345,4115 3347,4117 3347,4118 3349,4119 3354,4119 3355,4121 3355,4122 3357,4123 3362,4123 3364,4126 3364,4160 3365,4160 3371,4160 3372,4162 3372,4171 3371,4172 3366,4172 3364,4174 3364,4183 3363,4184 3362,4184 3360,4186 3360,4191 3358,4193 3357,4193 3356,4194 3356,4198 3355,4199 3355,4200 3354,4201 3349,4201 3347,4203 3347,4204 3346,4205 2934,4206 2933,4207 2933,4208 2932,4209 2865,4209 2864,4210 2864,4220 2863,4221 2862,4221 2859,4224 2859,4225 2859,4225 2858,4225 2856,4227 2856,4236 2855,4237 2854,4237 2851,4240 2851,4241 2851,4241 2850,4241 2848,4243 2848,4247 2847,4248 2847,4249 2847,4249 2846,4249 2843,4252 2843,4253 2843,4253 2842,4253 2841,4254 2837,4254 2835,4256 2835,4257 2835,4257 2834,4257 2833,4258 2826,4258 2825,4257 1217,4261 1216,4262 1,4265 1,4265 1,4266 1,4267"/><TextEquiv index="1"><Unicode>verſion à l'eſpèce de crainte que j'aurois</Unicode></TextEquiv></TextLine><TextLine id="r0_l021"><Coords points="-7,4488 -7,4487 -8,4267 -7,4267 1,4267 1,4267 1,4456 1,4457 190,4456 191,4456 190,4333 192,4331 197,4331 198,4330 198,4329 200,4327 213,4327 214,4326 214,4325 216,4323 218,4323 219,4325 219,4326 220,4326 458,4326 458,4325 458,4324 460,4323 461,4323 462,4322 466,4322 466,4321 466,4304 469,4302 470,4302 470,4301 470,4292 471,4291 471,4290 472,4290 473,4290 474,4288 474,4284 475,4283 475,4282 476,4282 481,4282 483,4279 483,4278 484,4278 489,4278 491,4275 491,4274 492,4274 494,4274 495,4275 495,4276 497,4278 498,4278 499,4279 499,4326 500,4327 654,4326 655,4327 969,4327 970,4325 970,4324 972,4323 973,4323 974,4322 1173,4321 1173,4321 1173,4313 1176,4310 1177,4310 1177,4310 1177,4301 1180,4298 1181,4298 1181,4298 1181,4297 1184,4294 1185,4294 1185,4294 1185,4285 1186,4284 1186,4283 1187,4282 1188,4282 1190,4280 1190,4279 1191,4278 1197,4278 1197,4278 1197,4277 1198,4276 1198,4275 1199,4274 1205,4274 1206,4273 1206,4272 1208,4270 1234,4270 1234,4270 1234,4271 1241,4278 1242,4278 1242,4278 1242,4279 1243,4280 1243,4326 1244,4327 1420,4327 1421,4325 1421,4324 1423,4323 1424,4323 1425,4322 1427,4322 1428,4323 1429,4323 1429,4323 1429,4324 1431,4326 1620,4325 1622,4323 1623,4323 1624,4322 1685,4322 1685,4321 1685,4320 1688,4318 1693,4318 1693,4317 1693,4316 1696,4314 1700,4314 1702,4316 1702,4317 1703,4318 1756,4318 1757,4319 2018,4318 2018,4318 2018,4277 2019,4276 2019,4275 2020,4274 2021,4274 2023,4272 2023,4271 2024,4270 2034,4270 2035,4272 2035,4273 2037,4274 2042,4274 2043,4276 2043,4322 2044,4322 2413,4321 2413,4321 2413,4308 2415,4306 2416,4306 2417,4305 2417,4300 2419,4298 2420,4298 2421,4297 2421,4292 2423,4290 2424,4290 2425,4289 2425,4284 2427,4282 2428,4282 2429,4281 2429,4280 2431,4278 2432,4278 2433,4277 2433,4276 2435,4274 2444,4274 2445,4273 2445,4272 2447,4270 2465,4270 2465,4271 2465,4272 2466,4273 2468,4274 2469,4274 2469,4275 2469,4276 2470,4277 2472,4278 2473,4278 2473,4279 2473,4280 2476,4282 2477,4282 2478,4284 2478,4322 2479,4322 2725,4322 2726,4320 2726,4319 2727,4319 2728,4319 2729,4318 2965,4317 2965,4317 2965,4276 2967,4274 3204,4274 3205,4272 3205,4271 3207,4270 3216,4270 3217,4268 3217,4267 3219,4266 3237,4266 3238,4267 3238,4268 3240,4270 3245,4270 3246,4271 3246,4272 3248,4274 3249,4274 3250,4275 3250,4318 3251,4319 3296,4318 3297,4319 3298,4319 3299,4321 3299,4322 3300,4322 3337,4322 3338,4323 3339,4323 3339,4324 3339,4325 3342,4327 3347,4327 3347,4328 3347,4329 3350,4331 3351,4331 3351,4332 3351,4337 3354,4339 3355,4339 3355,4340 3356,4387 3357,4388 3358,4388 3359,4389 3359,4390 3361,4392 3362,4392 3363,4393 3363,4394 3365,4396 3366,4396 3368,4398 3368,4402 3365,4404 3364,4404 3364,4405 3364,4406 3361,4408 3320,4408 3319,4407 2857,4408 2856,4407 2251,4409 2248,4412 2247,4412 2246,4410 2246,4409 2244,4408 1845,4409 1845,4409 1845,4468 1844,4469 1822,4469 1822,4468 1822,4412 1821,4412 1642,4412 1640,4415 1640,4416 1639,4416 1629,4416 1629,4416 1629,4415 1628,4414 1628,4413 1627,4412 1540,4412 1539,4411 1166,4412 1166,4413 1166,4472 1165,4472 1161,4472 1161,4472 1161,4413 1160,4412 901,4413 901,4413 901,4414 899,4416 560,4416 560,4417 560,4472 558,4473 533,4473 532,4472 516,4473 515,4471 515,4470 513,4469 512,4469 511,4467 511,4416 510,4416 243,4416 243,4417 243,4464 242,4464 241,4464 239,4467 239,4468 237,4469 195,4469 194,4468 194,4467 192,4465 191,4465 190,4464 190,4463 189,4462 1,4463 1,4463 1,4487 0,4488"/><TextEquiv index="1"><Unicode>pu éprouver ſans cette circonſtance. Enfin</Unicode></TextEquiv></TextLine><TextLine id="r0_l022"><Coords points="562,4676 560,4675 560,4674 559,4672 537,4672 536,4672 536,4671 532,4667 532,4666 525,4659 524,4659 523,4658 523,4649 523,4649 -6,4650 -7,4649 -7,4488 -7,4488 193,4487 194,4487 194,4483 195,4481 196,4481 198,4480 198,4479 199,4477 855,4476 857,4474 857,4473 857,4473 1107,4472 1109,4471 1109,4470 1109,4469 1115,4469 1116,4470 2509,4467 2511,4465 2525,4465 2526,4466 2526,4467 2527,4468 2527,4469 2527,4469 2760,4469 2762,4470 2762,4473 2762,4474 3061,4473 3063,4474 3063,4521 3063,4522 3179,4522 3180,4523 3358,4522 3359,4523 3359,4524 3361,4526 3366,4526 3368,4528 3368,4601 3367,4602 3367,4603 3367,4603 3358,4603 3354,4607 3291,4607 3290,4608 3290,4611 3290,4611 3283,4611 3282,4610 1638,4614 1637,4615 1637,4626 1636,4627 1635,4627 1633,4629 1633,4634 1632,4635 1631,4635 1630,4636 1628,4638 1628,4639 1628,4639 1627,4639 1626,4640 1622,4640 1620,4642 1620,4643 1620,4643 1619,4643 1616,4646 1616,4647 1616,4647 1615,4648 1614,4648 1612,4650 1612,4651 1611,4652 1606,4652 1604,4654 1604,4655 1603,4656 1378,4657 1377,4657 1377,4661 1375,4664 585,4665 584,4666 584,4667 583,4668 582,4668 580,4670 580,4671 579,4672 570,4672 568,4674 568,4675 567,4676"/><TextEquiv index="1"><Unicode>l'orage ſe diſſipa; l'aurore du bonheur</Unicode></TextEquiv></TextLine><TextLine id="r0_l023"><Coords points="788,4877 788,4876 788,4872 787,4872 -6,4874 -6,4873 -7,4650 -6,4650 1,4650 1,4650 1,4665 1,4666 970,4664 970,4664 970,4665 971,4666 971,4667 972,4668 977,4668 979,4670 1733,4668 1734,4669 1734,4670 1735,4671 1736,4672 1737,4672 1738,4673 2326,4672 2328,4674 2328,4675 2329,4676 2330,4676 2332,4678 3155,4676 3156,4677 3156,4678 3157,4679 3157,4728 3158,4729 3216,4729 3217,4730 3330,4729 3331,4731 3331,4732 3333,4733 3338,4733 3339,4735 3339,4736 3340,4736 3341,4737 3342,4737 3343,4739 3343,4740 3344,4740 3345,4741 3346,4741 3347,4743 3347,4794 3348,4794 3375,4794 3376,4796 3376,4798 3375,4799 3376,4805 3374,4806 3365,4806 3363,4809 3363,4810 3362,4810 3361,4810 3359,4813 3359,4814 3358,4814 2856,4815 2856,4816 2856,4817 2854,4818 2852,4818 2851,4819 2035,4821 2035,4822 2035,4837 2032,4839 2031,4839 2031,4840 2031,4849 2026,4854 2026,4855 2025,4855 2019,4855 2019,4856 2019,4857 2014,4862 2014,4863 2013,4863 2007,4863 2007,4864 2007,4865 2004,4867 807,4870 807,4870 807,4876 806,4877"/><TextEquiv index="1"><Unicode>ſe leva; l'heure du berger ſonna..... Mon</Unicode></TextEquiv></TextLine><TextLine id="r0_l024"><Coords points="2160,5075 2159,5074 2158,5074 2157,5073 2157,5070 2157,5070 1521,5071 1520,5071 1521,5070 2108,5069 2108,5069 2108,5068 2110,5066 2161,5066 2161,5065 2161,5017 2160,5017 1031,5019 1031,5020 1031,5029 1030,5029 1029,5029 1027,5032 1027,5045 1026,5046 1025,5046 1023,5048 1023,5049 1022,5050 1021,5050 1019,5052 1019,5053 1018,5054 1017,5054 1015,5056 1015,5057 1014,5058 1013,5058 1011,5060 1011,5061 1010,5062 1008,5062 1007,5062 1007,5061 1006,5060 1006,5059 1006,5058 1005,5058 1003,5057 1003,5050 1003,5049 883,5050 881,5048 881,5047 881,5047 1,5049 1,5049 1,5073 1,5074 -5,5074 -6,5073 -6,4874 -6,4874 210,4873 211,4873 211,4872 211,4871 220,4871 223,4874 223,4875 223,4875 224,4875 227,4878 807,4877 808,4877 808,4882 808,4883 809,4883 810,4884 811,4884 812,4884 812,4891 812,4892 1024,4891 1025,4892 1026,4892 1027,4893 1027,4894 1029,4896 1030,4896 1031,4897 1031,4898 1033,4900 1034,4900 1035,4901 1035,4907 1033,4908 1032,4908 1031,4910 1031,4924 1031,4924 1961,4922 1962,4922 1962,4921 1962,4920 2489,4919 2490,4919 2490,4877 2491,4875 2492,4875 2494,4874 2494,4873 2495,4871 2508,4871 2509,4872 2931,4871 2933,4873 2933,4928 2933,4928 3114,4928 3115,4928 3115,4929 3117,4932 3252,4932 3253,4933 3337,4932 3339,4934 3339,4935 3340,4936 3345,4936 3347,4938 3347,4939 3348,4940 3349,4940 3351,4942 3352,4943 3352,4944 3352,4944 3353,4944 3356,4947 3356,4948 3356,4948 3357,4948 3360,4951 3360,4956 3360,4956 3361,4956 3364,4959 3364,4999 3363,5000 3363,5001 3362,5001 3361,5001 3359,5004 3359,5005 3358,5005 3357,5005 3355,5008 3355,5009 3354,5009 3353,5009 3351,5012 3351,5013 3350,5013 3341,5013 3339,5016 3339,5017 3338,5017 3337,5017 3335,5020 3335,5021 3334,5021 3333,5021 3332,5022 3309,5022 3308,5021 3307,5021 3306,5020 2198,5023 2198,5023 2198,5062 2197,5063 2197,5065 2197,5066 2179,5066 2177,5067 2177,5068 2176,5070 2175,5070 2173,5071 2173,5072 2172,5074 2162,5074 2161,5075"/><TextEquiv index="1"><Unicode>bon ami, je ne me vante pas d'une bonne</Unicode></TextEquiv></TextLine><TextLine id="r0_l025"><Coords points="3318,5273 2112,5276 2112,5276 2112,5275 2111,5274 2037,5274 2036,5273 2035,5273 2035,5273 2035,5272 2032,5269 2011,5269 2011,5269 2011,5268 2008,5265 2007,5265 2006,5264 2005,5258 2005,5257 2004,5257 2002,5256 2002,5255 2001,5254 2001,5253 2000,5253 1998,5252 1998,5231 1998,5230 109,5234 1,5235 1,5235 1,5263 0,5264 1,5281 0,5282 -5,5282 -5,5281 -6,5074 -5,5074 1374,5071 1375,5070 1383,5070 1385,5072 2123,5070 2124,5071 2460,5070 2462,5073 2462,5074 2463,5074 2753,5074 2754,5075 2862,5074 2864,5077 2864,5078 2865,5078 2866,5078 2868,5081 2868,5082 2869,5082 2870,5082 2872,5085 2872,5127 2873,5127 3078,5127 3079,5128 3079,5129 3081,5131 3171,5131 3172,5132 3297,5131 3299,5134 3299,5135 3300,5135 3338,5135 3339,5137 3339,5138 3341,5139 3342,5139 3343,5141 3343,5142 3345,5143 3378,5143 3380,5146 3380,5147 3381,5147 3382,5147 3384,5150 3384,5163 3383,5164 3365,5164 3364,5165 3364,5170 3362,5172 3361,5172 3360,5173 3360,5186 3359,5187 3359,5188 3359,5188 3358,5188 3355,5191 3355,5192 3355,5192 3354,5192 3351,5195 3351,5200 3351,5200 3350,5200 3347,5203 3347,5204 3347,5204 3346,5204 3343,5207 3343,5208 3343,5208 3338,5208 3335,5211 3335,5212 3335,5212 3334,5212 3331,5215 3331,5224 3330,5225 3323,5225 3322,5226 3323,5272 3321,5273 3320,5273 3319,5274"/><TextEquiv index="1"><Unicode>fortune. J'en dois rougir. Je ſuis trop</Unicode></TextEquiv></TextLine><TextLine id="r0_l026"><Coords points="472,5485 470,5483 -5,5484 -5,5483 -5,5282 -5,5282 636,5280 637,5280 637,5279 637,5278 638,5278 639,5277 744,5277 745,5278 1231,5277 1232,5278 2127,5276 2128,5277 2128,5323 2128,5323 2610,5322 2611,5323 3248,5322 3249,5322 3249,5323 3255,5330 3272,5330 3273,5331 3337,5330 3339,5332 3339,5333 3340,5334 3349,5334 3351,5336 3351,5337 3352,5338 3353,5338 3355,5340 3355,5341 3357,5343 3358,5343 3360,5345 3360,5350 3361,5351 3362,5351 3364,5353 3364,5365 3361,5367 3360,5367 3360,5368 3360,5406 3357,5408 3356,5408 3355,5410 3355,5411 3353,5412 3352,5412 3351,5414 3351,5415 3349,5416 3340,5416 3339,5418 3339,5419 3337,5420 3332,5420 3331,5422 3331,5423 3329,5424 2118,5427 2118,5428 2118,5477 2117,5477 1994,5477 1993,5478 503,5482 500,5485"/><TextEquiv index="1"><Unicode>coupable. L'innocence de mon amante</Unicode></TextEquiv></TextLine><TextLine id="r0_l027"><Coords points="-4,5686 -5,5685 -5,5484 -5,5484 889,5482 890,5481 1843,5479 1844,5478 1844,5477 1844,5477 1846,5477 1847,5476 1864,5476 1865,5477 2039,5476 2040,5477 2543,5476 2544,5477 2917,5476 2918,5477 2919,5477 2921,5479 2921,5480 2922,5481 2923,5481 2925,5483 2925,5529 2926,5529 3252,5529 3253,5530 3333,5529 3334,5530 3335,5530 3335,5531 3335,5536 3338,5538 3339,5538 3339,5539 3339,5540 3342,5542 3347,5542 3347,5543 3347,5544 3350,5546 3351,5546 3351,5547 3351,5566 3352,5567 3352,5594 3353,5594 3354,5594 3355,5596 3355,5598 3354,5599 3353,5599 3351,5601 3351,5606 3350,5607 3349,5607 3347,5609 3347,5610 3346,5611 3345,5611 3343,5613 3343,5614 3342,5615 3337,5615 3335,5617 3335,5618 3334,5619 3329,5619 3327,5621 3327,5622 3326,5623 3170,5624 3169,5624 3169,5661 3167,5664 3166,5664 3165,5665 3164,5665 3164,5666 3163,5668 3158,5668 3156,5669 3156,5670 3155,5672 3122,5672 3120,5670 3120,5626 3120,5626 2370,5627 2368,5625 593,5629 592,5630 592,5634 591,5635 1,5637 1,5637 1,5685 1,5686"/><TextEquiv index="1"><Unicode>contraſtoit avec ma ſcélérateſſe. Chaque</Unicode></TextEquiv></TextLine><TextLine id="r0_l028"><Coords points="-4,5890 -4,5889 -5,5686 -4,5686 1,5686 1,5686 1,5814 1,5815 192,5814 194,5813 194,5751 195,5749 196,5749 198,5748 198,5747 199,5745 200,5745 201,5745 202,5744 202,5743 203,5741 221,5741 222,5742 222,5743 224,5745 448,5745 450,5743 450,5742 451,5741 452,5741 454,5739 454,5738 455,5737 465,5737 466,5738 627,5737 629,5739 629,5741 629,5741 881,5741 882,5740 881,5688 882,5688 888,5688 889,5686 889,5685 891,5684 913,5684 913,5684 913,5714 915,5716 916,5716 917,5717 918,5732 918,5733 961,5733 962,5733 962,5734 964,5737 1176,5736 1177,5736 1177,5723 1179,5720 1181,5720 1181,5720 1181,5719 1184,5716 1185,5716 1185,5716 1185,5715 1188,5712 1189,5712 1189,5712 1189,5711 1192,5708 1193,5708 1193,5708 1194,5707 1194,5706 1196,5704 1217,5704 1218,5705 1218,5706 1220,5708 1229,5708 1230,5709 1230,5710 1231,5711 1232,5712 1233,5712 1234,5713 1234,5714 1235,5715 1236,5716 1237,5716 1238,5717 1239,5736 1239,5737 1298,5737 1299,5737 1299,5740 1299,5741 1559,5740 1560,5740 1559,5698 1561,5696 1562,5696 1564,5694 1564,5693 1565,5692 1652,5692 1653,5691 1653,5690 1655,5688 1660,5688 1661,5687 1661,5686 1663,5684 1664,5684 1665,5683 1665,5682 1667,5680 1697,5680 1697,5680 1697,5681 1698,5682 1700,5684 1701,5684 1702,5685 1702,5697 1701,5698 1701,5699 1701,5700 1685,5700 1684,5700 1685,5792 1685,5793 1904,5793 1905,5792 1905,5774 1906,5772 1907,5772 1909,5771 1909,5766 1910,5764 1912,5764 1913,5764 1913,5759 1914,5757 1915,5757 1917,5756 1917,5755 1918,5754 1918,5753 1919,5753 1921,5752 1921,5751 1922,5749 1931,5749 1933,5748 1933,5747 1933,5746 1934,5745 1935,5745 1937,5744 1937,5743 1938,5741 1975,5741 1978,5739 1978,5738 1978,5737 1981,5737 1982,5738 1982,5739 1984,5741 2099,5741 2100,5741 2100,5730 2101,5729 2100,5694 2102,5692 2228,5692 2229,5691 2230,5691 2230,5690 2230,5689 2232,5688 2237,5688 2238,5686 2238,5685 2240,5684 2298,5684 2299,5685 2299,5686 2301,5688 2306,5688 2307,5689 2308,5735 2308,5736 2368,5735 2369,5736 2369,5737 2369,5737 2699,5737 2701,5735 2701,5734 2702,5733 2703,5733 2704,5732 2722,5732 2723,5733 2724,5733 2725,5734 2896,5733 2897,5733 2896,5686 2898,5684 2907,5684 2909,5682 2909,5681 2910,5680 3049,5680 3051,5677 3051,5676 3052,5676 3054,5676 3055,5677 3055,5678 3057,5680 3066,5680 3067,5681 3067,5682 3069,5684 3164,5684 3165,5685 3165,5686 3167,5688 3172,5688 3172,5688 3172,5689 3175,5692 3176,5692 3176,5692 3176,5693 3177,5694 3178,5728 3178,5729 3228,5729 3230,5730 3230,5731 3231,5733 3257,5733 3258,5733 3258,5734 3262,5738 3262,5743 3262,5744 3263,5744 3264,5745 3265,5745 3266,5745 3266,5785 3266,5786 3333,5785 3335,5787 3335,5788 3336,5789 3348,5789 3349,5790 3350,5790 3351,5791 3351,5792 3353,5794 3354,5794 3355,5795 3355,5796 3357,5798 3358,5798 3359,5799 3359,5800 3361,5802 3362,5802 3363,5803 3363,5804 3365,5806 3370,5806 3372,5808 3372,5809 3373,5810 3386,5810 3388,5812 3388,5813 3389,5814 3390,5814 3392,5816 3392,5817 3393,5818 3398,5818 3400,5820 3400,5833 3398,5834 3364,5834 3364,5835 3364,5836 3363,5837 3363,5838 3362,5838 3361,5838 3359,5841 3359,5842 3358,5842 3357,5842 3355,5845 3355,5846 3354,5846 3349,5846 3347,5849 3347,5850 3346,5850 3345,5850 3344,5851 3327,5851 3327,5852 3327,5853 3324,5855 3321,5855 3320,5854 3319,5854 3319,5854 3319,5853 3318,5852 3316,5850 3315,5850 3315,5850 3315,5822 3314,5821 2722,5823 2717,5828 2717,5829 2716,5830 2710,5830 2710,5829 2710,5828 2707,5826 2698,5826 2697,5824 2697,5823 2695,5822 2385,5822 2385,5823 2385,5824 2382,5826 2377,5826 2376,5828 2376,5829 2374,5830 2369,5830 2368,5829 2182,5830 2181,5828 2181,5827 2179,5826 1998,5826 1998,5827 1998,5874 1996,5875 1995,5875 1994,5877 1994,5878 1992,5879 1983,5879 1982,5881 1982,5882 1980,5883 1951,5883 1947,5879 1946,5879 1946,5879 1946,5878 1945,5877 1945,5841 1944,5840 1782,5841 1781,5842 1780,5842 1779,5843 1779,5844 1776,5847 1775,5847 1775,5847 1775,5848 1772,5851 1771,5851 1771,5851 1771,5852 1768,5855 1767,5855 1767,5855 1767,5856 1764,5859 1763,5859 1763,5859 1763,5860 1760,5863 1744,5863 1742,5860 1742,5859 1741,5859 1740,5859 1738,5856 1738,5826 1737,5826 1573,5826 1572,5828 1572,5829 1570,5830 1499,5830 1499,5830 1499,5829 1496,5826 1275,5827 1275,5827 1275,5828 1273,5830 1036,5830 1035,5829 1035,5828 1033,5826 1032,5826 1031,5825 707,5826 706,5828 706,5829 704,5830 622,5830 621,5829 449,5830 449,5830 449,5887 448,5888 435,5888 435,5887 435,5830 434,5830 195,5830 194,5829 194,5828 192,5826 191,5826 190,5825 190,5824 188,5822 1,5823 1,5823 1,5889 0,5890"/><TextEquiv index="1"><Unicode>mot tendre &amp; naïf, qu'elle me diſoit,</Unicode></TextEquiv></TextLine><TextLine id="r0_l029"><Coords points="-3,6113 -4,6112 -4,5890 -4,5890 0,5890 1,5890 1,5948 1,5949 217,5948 218,5948 218,5930 219,5928 220,5928 222,5927 222,5923 223,5922 223,5921 223,5920 224,5920 226,5919 226,5907 227,5906 227,5905 228,5903 229,5903 231,5902 231,5893 232,5891 237,5891 238,5891 238,5890 239,5889 239,5888 239,5887 241,5887 242,5888 449,5888 450,5888 450,5889 451,5891 452,5891 454,5892 454,5939 454,5940 497,5940 499,5941 499,5942 500,5944 517,5944 518,5945 911,5944 913,5942 913,5941 914,5940 1135,5939 1138,5936 1375,5936 1376,5935 1376,5893 1378,5891 1379,5891 1380,5890 1380,5889 1382,5887 1395,5887 1397,5888 1397,5889 1398,5891 1399,5891 1401,5892 1401,5939 1401,5940 1403,5940 1405,5941 1405,5944 1405,5945 1630,5944 1633,5942 1633,5941 1633,5940 1688,5940 1689,5940 1689,5941 1690,5942 1690,5943 1690,5944 1916,5943 1917,5943 1917,5942 1918,5940 1948,5940 1949,5941 1949,5942 1950,5943 1950,5944 1950,5944 2383,5943 2384,5943 2384,5889 2385,5887 2403,5887 2404,5887 2404,5886 2406,5883 2411,5883 2413,5885 2413,5886 2414,5887 2415,5887 2417,5889 2417,5940 2417,5940 2826,5939 2827,5939 2827,5893 2828,5891 2829,5891 2831,5890 2831,5885 2832,5883 2850,5883 2851,5884 2851,5885 2853,5887 2854,5887 2855,5888 2855,5889 2856,5890 2856,5940 2856,5940 3195,5940 3197,5938 3197,5937 3198,5936 3269,5936 3270,5935 3270,5884 3271,5883 3276,5883 3278,5881 3278,5880 3279,5879 3284,5878 3285,5879 3297,5879 3298,5880 3298,5881 3300,5883 3301,5883 3302,5884 3302,5885 3304,5887 3305,5887 3307,5889 3307,5984 3308,5984 3349,5984 3350,5985 3351,5985 3351,5986 3351,5987 3353,5988 3361,5988 3362,5989 3363,5989 3364,5991 3364,5992 3366,5993 3367,5993 3368,5995 3368,6015 3367,6016 3367,6017 3367,6017 3366,6017 3363,6020 3363,6021 3363,6021 3358,6021 3355,6024 3355,6025 3355,6025 3341,6025 3340,6024 2967,6025 2966,6026 2966,6055 2965,6056 2965,6057 2964,6058 2959,6058 2957,6060 2957,6065 2956,6066 2951,6066 2949,6068 2949,6069 2948,6070 2943,6070 2941,6072 2941,6073 2940,6074 2939,6074 2937,6076 2937,6077 2936,6078 2931,6078 2929,6080 2929,6081 2928,6082 2788,6083 2787,6083 2787,6084 2787,6085 2759,6085 2758,6084 2758,6082 2758,6082 2642,6082 2640,6080 2640,6029 2640,6029 2198,6030 2197,6030 2197,6081 2197,6082 2196,6082 2192,6086 2158,6086 2157,6085 2157,6033 2157,6033 2114,6033 2112,6032 2112,6030 2112,6029 1996,6029 1994,6028 1994,6027 1993,6025 1752,6026 1750,6027 1750,6028 1750,6029 1639,6029 1637,6031 1637,6032 1636,6033 1634,6033 1632,6032 1632,6031 1631,6029 1594,6029 1593,6028 1326,6029 1324,6030 1324,6031 1323,6033 1313,6033 1312,6032 1312,6031 1310,6029 1297,6029 1295,6027 1295,6026 1294,6025 951,6026 950,6026 950,6027 949,6029 662,6029 661,6030 661,6085 657,6089 657,6090 657,6090 643,6090 641,6089 641,6088 640,6086 614,6086 613,6086 613,6084 612,6083 612,6033 612,6032 390,6033 389,6033 389,6091 389,6092 378,6092 377,6091 377,6033 377,6033 237,6033 235,6035 235,6036 234,6037 232,6037 231,6037 231,6036 229,6033 220,6033 219,6033 219,6032 217,6029 1,6030 1,6030 1,6110 0,6112 -1,6112 -2,6113"/><TextEquiv index="1"><Unicode>étoit pour moi un coup de poignard.</Unicode></TextEquiv></TextLine><TextLine id="r0_l030"><Coords points="-3,6297 -3,6296 -4,6114 -1,6112 0,6112 1,6111 210,6110 210,6110 210,6097 213,6094 214,6094 214,6094 214,6089 215,6088 215,6087 216,6086 225,6086 227,6088 1408,6086 1409,6087 1627,6086 1628,6087 2788,6085 2790,6087 3042,6086 3042,6087 3042,6088 3049,6094 3050,6094 3051,6095 3051,6138 3052,6139 3277,6139 3278,6140 3278,6167 3279,6168 3358,6167 3360,6170 3360,6171 3361,6171 3362,6171 3363,6173 3364,6179 3364,6179 3397,6179 3398,6180 3399,6180 3400,6181 3400,6187 3398,6188 3397,6188 3396,6190 3396,6191 3394,6192 3348,6192 3347,6194 3347,6195 3345,6196 3282,6196 3282,6197 3282,6223 3281,6223 3276,6224 3274,6226 3274,6227 3273,6228 3162,6228 3160,6230 3160,6231 3159,6232 3158,6232 3157,6233 2977,6233 2977,6234 2977,6287 2976,6287 2970,6287 2970,6287 2970,6241 2969,6240 2447,6241 2445,6239 2445,6237 2444,6236 999,6239 999,6240 999,6288 997,6289 996,6289 995,6290 994,6290 994,6291 994,6292 993,6292 1,6295 1,6295 1,6296 0,6297"/><TextEquiv index="1"><Unicode>J'étois trop au-deſſous d'elle. Je fus heu-</Unicode></TextEquiv></TextLine><TextLine id="r0_l031"><Coords points="-2,6509 -3,6508 -3,6297 -3,6297 0,6297 1,6297 1,6302 1,6303 1648,6299 1649,6298 1650,6298 1652,6297 1653,6296 1653,6295 1654,6293 1663,6293 1665,6292 1665,6291 1666,6289 2627,6287 2629,6285 2642,6285 2644,6286 2644,6287 2644,6288 2977,6287 2978,6288 2978,6289 2978,6289 2979,6289 2982,6292 2982,6293 2982,6293 2983,6293 2986,6296 2986,6342 2986,6342 3260,6342 3262,6343 3262,6398 3262,6399 3277,6399 3278,6399 3278,6403 3278,6404 3341,6403 3343,6405 3343,6406 3344,6407 3349,6407 3352,6410 3352,6411 3353,6411 3354,6411 3355,6413 3355,6414 3356,6415 3356,6419 3357,6419 3386,6419 3387,6420 3388,6420 3388,6421 3388,6426 3395,6432 3396,6432 3396,6433 3396,6439 3396,6439 3395,6439 3393,6441 3392,6442 3392,6443 3392,6443 3391,6443 3389,6445 3388,6446 3388,6447 3387,6448 3373,6448 3372,6449 3372,6450 3367,6455 3367,6456 3367,6456 3349,6456 3348,6457 3348,6458 3346,6460 3345,6460 3343,6462 3343,6463 3342,6464 3325,6464 3323,6466 3323,6467 3322,6468 1942,6471 1941,6472 1941,6488 1940,6489 1939,6489 1937,6491 1937,6492 1937,6492 1936,6492 1935,6493 1365,6495 1364,6495 1364,6497 1364,6498 818,6499 817,6499 817,6500 817,6501 812,6501 811,6502 1,6504 1,6504 1,6508 1,6509"/><TextEquiv index="1"><Unicode>reux; mais je ne fus pas dans les cieux,</Unicode></TextEquiv></TextLine><TextLine id="r0_l032"><Coords points="12,6773 11,6771 11,6723 10,6723 -2,6723 -2,6722 -3,6509 -2,6509 1,6509 1,6509 1,6577 1,6578 218,6577 219,6576 219,6575 220,6574 221,6574 223,6572 223,6571 224,6570 225,6570 227,6568 227,6567 228,6566 229,6566 231,6564 231,6563 232,6562 233,6562 235,6560 235,6519 241,6513 246,6513 247,6512 247,6511 249,6509 258,6509 259,6508 259,6506 260,6505 263,6505 263,6506 263,6507 266,6509 271,6509 271,6510 271,6511 274,6513 279,6513 279,6514 279,6515 282,6517 283,6517 283,6518 283,6519 284,6520 284,6524 286,6525 287,6525 287,6526 287,6527 288,6528 288,6541 289,6541 503,6541 503,6540 503,6510 506,6508 507,6508 507,6507 507,6506 509,6505 567,6504 568,6503 568,6502 569,6501 571,6501 572,6500 573,6500 574,6501 575,6501 576,6503 576,6504 577,6504 578,6504 580,6507 580,6557 581,6557 791,6557 791,6556 791,6543 792,6542 792,6541 793,6541 795,6541 795,6540 795,6531 798,6529 799,6529 799,6528 799,6519 800,6518 800,6517 801,6517 802,6517 803,6515 803,6507 804,6506 804,6505 805,6505 806,6505 809,6502 811,6502 812,6501 1016,6500 1017,6501 1018,6501 1019,6503 1019,6504 1020,6504 1021,6504 1022,6505 1027,6505 1027,6506 1027,6512 1028,6512 1226,6512 1226,6511 1226,6510 1228,6509 1229,6509 1230,6507 1230,6502 1232,6501 1237,6501 1238,6499 1238,6498 1240,6497 1241,6497 1242,6496 1269,6496 1271,6498 1364,6498 1367,6501 1368,6501 1368,6501 1368,6502 1369,6503 1369,6548 1370,6549 1412,6549 1413,6550 1413,6551 1416,6554 1925,6552 1928,6549 1936,6549 1937,6551 1937,6552 1939,6553 2177,6553 2177,6552 2177,6506 2179,6505 2201,6505 2201,6505 2201,6506 2204,6509 2205,6509 2205,6509 2205,6510 2208,6513 2209,6513 2209,6513 2209,6514 2210,6515 2210,6552 2211,6553 2282,6553 2283,6551 2283,6550 2285,6549 2404,6548 2407,6545 2409,6548 2409,6549 2410,6549 2705,6549 2705,6548 2705,6543 2708,6541 2709,6541 2709,6540 2709,6527 2710,6526 2710,6525 2711,6525 2712,6525 2713,6523 2713,6519 2714,6518 2714,6517 2715,6517 2716,6517 2717,6515 2717,6511 2718,6510 2718,6509 2719,6509 2720,6509 2721,6507 2721,6503 2722,6502 2722,6501 2723,6501 2724,6501 2726,6498 2726,6497 2727,6497 2728,6497 2729,6496 2733,6496 2734,6494 2734,6493 2735,6493 2736,6493 2737,6492 2754,6492 2754,6491 2754,6490 2757,6488 2760,6488 2761,6489 2762,6489 2762,6489 2762,6490 2765,6493 2766,6493 2766,6493 2766,6494 2769,6497 2770,6497 2770,6497 2770,6548 2771,6549 2953,6548 2956,6545 3191,6545 3192,6546 3193,6546 3193,6546 3193,6547 3199,6553 3200,6553 3201,6554 3201,6593 3202,6594 3232,6594 3238,6600 3238,6605 3239,6606 3248,6606 3254,6612 3255,6638 3255,6639 3256,6639 3258,6640 3258,6649 3256,6651 3226,6651 3226,6650 3226,6649 3219,6643 3019,6643 3018,6642 3018,6640 3017,6639 2811,6640 2811,6640 2811,6673 2809,6675 2803,6675 2803,6675 2803,6693 2800,6696 2795,6696 2795,6696 2795,6697 2792,6700 2784,6700 2782,6697 2782,6696 2781,6696 2752,6696 2751,6695 2750,6695 2750,6694 2750,6647 2749,6647 2258,6648 2258,6648 2258,6653 2256,6655 2255,6655 2254,6656 2254,6665 2251,6668 2250,6668 2250,6668 2250,6674 2249,6675 2248,6675 2247,6676 2246,6676 2246,6676 2246,6686 2245,6687 2244,6687 2242,6689 2242,6690 2241,6691 2240,6691 2238,6693 2238,6698 2237,6699 2236,6699 2234,6701 2234,6702 2232,6704 2227,6704 2226,6702 2226,6701 2224,6700 2219,6700 2218,6698 2218,6693 2216,6692 2215,6692 2214,6690 2214,6643 2213,6643 2040,6643 2039,6645 2039,6646 2037,6647 2032,6647 2031,6646 1653,6647 1653,6648 1653,6703 1651,6704 1605,6704 1604,6703 1604,6659 1603,6658 1418,6659 1417,6657 1417,6656 1415,6655 1410,6655 1409,6653 1409,6652 1407,6651 1088,6651 1088,6652 1088,6658 1086,6659 1081,6659 1080,6658 1080,6657 1078,6655 1065,6655 1064,6654 857,6655 857,6654 857,6653 854,6651 646,6651 645,6653 645,6654 643,6655 638,6655 637,6657 637,6658 635,6659 434,6660 434,6660 434,6661 432,6663 422,6663 422,6662 422,6661 421,6660 421,6659 420,6659 410,6659 410,6658 410,6657 409,6656 409,6652 407,6651 406,6651 406,6650 406,6649 405,6648 405,6643 404,6643 313,6643 312,6641 312,6640 310,6639 248,6639 247,6639 247,6637 246,6635 237,6635 235,6634 235,6633 234,6631 233,6631 231,6630 231,6629 231,6628 40,6629 39,6629 40,6673 37,6676 32,6676 32,6676 32,6763 33,6765 34,6765 36,6766 33,6769 24,6769 24,6769 24,6770 21,6773"/><TextEquiv index="1"><Unicode>&amp; elle étoit faite pour m'y tranſporter.</Unicode></TextEquiv></TextLine><TextLine id="r0_l033"><Coords points="0,7770 207,7770 208,7977 1,7977"/><TextEquiv index="1"><Unicode></Unicode></TextEquiv></TextLine></TextRegion></Page></PcGts>