4266 8295
2301 598 2830 794 n
1174 838 4106 1056 Je m'endormis après des plaiſirs ſi peu
973 1047 4098 1262 tranquilles; mais mon ſommeil fut ora
978 1248 4094 1457 geux, & je m'éveillai tout glacé. Je
969 1453 4086 1658 rougis de me ſentir dans un pareil état,
969 1661 4082 1928 auprès d'une perſonne ſi adorable. Je me
965 1868 4082 2081 levai; mon epouſe en fit autant. Nous
969 2063 4086 2286 fûmes complimentés par toute la maiſon;
969 2278 4082 2489 mais on nous plaignit d'avoir eu une
961 2480 4077 2693 pareille nuit pour la première de nos
970 2743 1442 2842 noces.
1178 2878 4082 3099 Le beau temps a ramené la ſérénité
973 3090 4086 3299 parmi nous. Nous avons pourſuivi les
965 3291 4082 3505 réjouiſſances que nos noces ont fait naître
969 3496 4090 3709 dans tout le village. J'y ai pris part de
466 3700 4110 3916 tout mon cœur, parce que je ſuis venu
978 3905 4094 4116 à bout d'aſſoupir un peu mes remords,
806 4114 4098 4328 ou peut-être de m'y faire. Je ſuis heu-
965 4323 4098 4524 reux; comment ne le ſerois - je pas en
965 4519 4098 4671 faiſant le bonheur d'Aurore & des chers
969 4724 4098 4925 auteurs de ſes jours? Cependant il ne
965 4921 4090 5128 faut pas que je m'endorme dans le ſein
965 5125 4090 5335 de la félicité. Je ſuis d'avis d'aller placer
961 5326 4086 5539 mon épouſe & ſes parens, pendant quel-
969 5535 4086 5748 que temps, dans la ville la plus voiſine
973 5737 4086 5953 de ce château, & de pourſuivre le cours
1002 5940 4086 6153 de mes travaux politiques & littéraires;
990 6145 4077 6364 d'ailleurs, il faut que j'aille délivrer
994 6358 4094 6567 Laure de la ſervitude où elle languit pour
1010 6559 4090 6780 moi, & des pourſuivans qui, ſans dou,
