4266 8002
447 689 3470 908 la perſécutent. Je ſuis obligé de lui pro-
381 888 3470 1101 curer un azile plus digne d'elle, où elle
440 1086 3462 1297 puiſſe ſe délivrer du fardeau chéri qu'elle
436 1278 3463 1482 doit à mon amour. Ah! mon bon ami, je
436 1473 3466 1680 ne ſuis pas tranquille; je fais naître, au-
436 1664 3455 1851 tour de moi, le calme & la ſérénité, &
440 1867 2434 2072 l'orage eſt dans mon cœur.
615 2633 3256 2837 Dumoulin, à Céſar de Perlencour.
2784 3059 3140 3214 Lyon.
444 3240 884 3426 L
412 3425 3462 3838 lere mu n ui enee omeome d p pie
416 3829 3455 4036 déteſtable, que te propoſe ce vilain Che-
416 4032 3440 4228 valier Marqué, relativement à la belle
416 4223 3451 4424 Aurore. Sais-tu bien que tu deviens un
416 4414 3451 4613 ſcélérat? N'aurois-tu pas dû rejeter avec
412 4605 3454 4810 horreur de pareils avis, ſur-tout de la
412 4804 3451 5005 part d'un miſérable, que tu connois pour
416 4999 3439 5190 un roué, & que tu ne devrois pas voir?
416 5190 3454 5385 Qu'eſt-ce que ces pitoyables raiſonnemens
420 5381 3447 5584 qui font impreſſion ſur toi? Ne faut - il
416 5580 3448 5779 pas que tu ſois déjà corrompu, pour n'en
416 5767 3462 5974 pas ſentir l'abſurdité frappante? Tu te
432 5958 3451 6165 raſſures ſur la fauſſeté du mariage que tu
420 6153 3439 6364 veux feindre de contracter, parce que tu
