4266 8929
1365 641 2212 903 .
-17 892 3689 1134 que le premier étoit l'abbé Guillau, le
-16 1099 3685 1353 ſecond, le neveu de M. Saget, & le
-16 1341 3694 1575 troiſième enfin, le fils du Seigneur du
-15 1561 3698 1791 village où Laure avoit vécu. Ces trois
-15 1776 3703 2020 rivaux paroiſſoient indignés & ſurpris
-14 2000 3703 2228 d'en reconnoître, dans moi, un qua-
-14 2223 3707 2440 trième. J'allai les regarder fièrement tous
-13 2419 3703 2667 les trois ſous le nez l'un après l'autre. Ils
-13 2660 3707 2915 paroiſſoient fort piqués; mais pas très-
-12 2879 3707 3104 méchans. Nul n'oſa me rien dire. Je
-12 3091 3707 3324 frappai; on m'ouvrit ſur - le- champ; ce
-12 3299 3716 3540 fut Laure elle-même qui me rendit ce
-11 3519 4068 3730 ſervice. Je reconnus la noble Laure ſous
-11 3730 3725 3962 le modeſte habillement d'une ſimple gri-
-10 3951 3720 4197 ſette, avec un grand tablier blanc. Elle
-10 4182 3720 4406 me reconnut de ſon côté, & la lumière
-9 4387 3725 4640 lui tomba de la main; mais le maître
-9 4626 3725 4882 parut ſur l'eſcalier, avec une autre lu-
-8 4837 3725 5081 mière. „Ma chère couſine, dis - je, à
-8 5061 3729 5294 “Laure en l'embraſſant, il y a long-
-7 5277 3729 5509 “temps que je vous cherche; enfin, j'ai
-7 5497 3729 5723 “le bonheur de vous trouver.“ Elle
-6 5713 3733 5941 reſtoit interdite & muette. Je lui donne
-6 5921 3993 6160 le bras pour monter chez ſon maître.
-5 6155 3742 6377 Soudain les trois rivaux arrivent; ils
-5 6373 3742 6606 m'avoient vu embraſſer la reine de leurs
-4 6597 3747 6858 penſées. „Qu'eſt-ce donc que ce Monſieur
-4 6812 3747 7045 “là, diſoient-ils?“ -- „Meſſieurs, leur
-3 7032 3751 7281 “répondis-je, c'eſt le couſin germain de
