4266 8210
511 765 3637 985 un peu reſſentie, parce qu'il y alloit ſans
514 975 3633 1181 ménagement. C'eſt vraîment un bon
515 1173 3649 1384 homme. Il m'a lu quelques-unes de ſes
503 1374 3645 1581 diſſertations ſur les amphores & autres
511 1580 3653 1784 meſures de vin Romaines, & ſur d'autres
519 1781 3657 1986 ſujets de la même importance. Il eſt ſa-
370 1979 3818 2177 vant, ou du moins érudit; mais, de plus,
293 2178 3662 2371 il eſt honnête homme, bon - humain &
511 2381 1431 2534 ſans malice.
713 2580 3670 2774 Le brave homme, ſans doute de crainte
523 2777 3669 2987 que les trois rivaux ne m'attendiſſent,
523 2983 3673 3185 a voulu que je couchaſſe chez lui; c'eſt-
523 3181 3669 3385 à-dire, ſous le même toît que Laure.
531 3378 3669 3582 J'en ai été ravi. Elle a préparé elle-même
531 3580 3677 3782 mon lit. J'ai été ſervi par celle que je
535 3778 3677 3984 voudrois ſervir à genoux. Elle m'a con-
547 3983 3673 4165 duit elle-même à ma chambre. „Qu'avez-
536 4176 3678 4378 “vous dit? qu'avez-vous fait, malheu-
547 4378 3681 4586 “reux, me diſoit-elle tout bas? De quel
551 4576 3685 4780 “droit venez vous troubler ma tranquil-
543 4778 3685 4982 “lité, qui me coûtoit ſi cher? Quel
547 4975 3689 5125 “droit avez-vous ſur moi? d'où ſommes-
555 5177 3689 5381 “nous parens?“ -- „Ah! ma chère
560 5379 3689 5583 “amie, lui répondis - je, pouvez-vous
196 5580 3689 5783 “trouver mauvais, que je vienne vous
572 5778 3693 5985 “tirer de l'état de ſervitude pour lequel
584 5982 3697 6186 “vous n'êtes pas née? que je vienne
584 6181 3701 6383 “vous arracher aux trois poliſſons qui
580 6371 3701 6601 “ſe prétendent maîtres de votre per-
810 6572 1580 6758 Tome IlI.
