4266 7901
1748 562 2213 756 t.
448 801 3483 1009 fils va la déterrer dans ſa retraite, pour
456 1003 3491 1154 mettre ſon déshonneur en évidence. Il
456 1196 3487 1397 eſt perdu de dettes, d'honneur & de
460 1386 3487 1591 réputation. Non sûrement, je ne ſuis
460 1580 3491 1799 point complice de toutes ces indignités.
456 1774 2413 1956 J'ai l'honneur d'être, &c.
670 2457 3302 2639 Céſar de Perlencour, à Dumoulin.
472 2801 3499 3117 P,n te continuer mon récit, mon
452 3111 3498 3306 cher ami, je dînai fort tranquillement
456 3304 3499 3483 avec Laure & ſon maître. Ma chère
473 3495 3503 3693 amante, redoutant ſon père, ne vouloit
456 3696 3498 3894 pas abſolument ſe rapprocher de Paris;
456 3891 3510 4060 d'un autre côté, elle vouloit encore
460 4079 3498 4279 moins ſe réfugier avec moi. Si l'on nous
468 4278 3626 4474 trouvoit enſemble, ſon déshonneur étoit
460 4471 3514 4696 confirmé. Au contraire, ſi l'on pouvoit
460 4661 3510 4857 conſtater qu'elle m'avoit fui, c'étoit une
468 4851 3510 5053 préſomption en ſa faveur. M. Saget ne
460 5044 3502 5248 vouloit pas la garder chez lui; & il ne
460 5239 3514 5446 le pouvoit pas réellement, puiſque tant
476 5434 3510 5634 de rivaux ſe la diſputoient. D'ailleurs,
464 5626 3502 5828 il ne ſe ſoucioit pas que l'enfant, qu'elle
472 5821 3502 6028 devoit mettre au monde, fût mis ſur ſon
212 6017 3506 6223 compte. Il promettoit de la placer à la cam-
464 6211 3498 6422 pagne, dans une maiſon sûre, dont il
2639 6423 3015 6611 Riv
