4266 7692
488 623 3388 829 qu'il faut venir en priſon; & l'on veut
488 817 3373 1016 me mettre les menottes. „Meſſieurs,
485 1000 3388 1199 “m'écriai-je, je vous ſuivrai, parce que
466 1191 3365 1385 “je n'ai rien à craindre. J'ai été atta-
470 1374 3380 1570 “qué, j'ai dû me défendre; mais gar-
466 1568 3377 1755 “dez-vous de m'outrager par vos in-
466 1751 3373 1945 “dignes liens; car je me défendrois
466 1938 3403 2130 “juſqu'à la dernière goutte de mon ſang,
473 2125 3362 2316 “plutôt que de m'en laiſſer enchaîner.“
459 2312 3369 2502 -- „Meſſieurs, ſongez, dit M. Saget, que
458 2502 3365 2687 “j'ai à me plaindre de ce que vous venez
458 2685 3377 2857 “arrêter Monſieur chez moi; conduiſez-
451 2861 3369 3057 “le ſans violence & ſans outrage, puiſ-
458 3048 3362 3250 “qu'il veut bien vous ſuivre.“ Laure,
451 3231 3391 3421 belle & irréſiſtible dans ſes larmes, joi-
444 3376 3369 3612 gnoit ſes ſupplications à nos remontrance
447 3601 3362 3799 Les archers conſentoient à me conduire
443 3795 3354 3974 ſans m'enchaîner, & j'allois les ſuivre.
301 3985 3347 4173 J'embraſſois tendrement ma chère Laure,
451 4172 3362 4378 & j'avois peine à m'arracher de ſes bras.
630 4348 3358 4535 Soudain, paroiſſent, avec d'autres
443 4535 3365 4737 archers, deux hommes redoutables qui
443 4714 3362 4890 nous font rentrer, d'effroi, dans le ſein
448 4913 3351 5089 de la terre; c'eſt mon père, c'eſt celui
447 5091 3358 5287 de Laure. Pour cette fois, elle tombe
473 5274 3350 5470 évanouie. Je ſuis tenté d'en faire autant;
462 5465 3358 5615 mais l'envie de ſecourir mon amante
448 5649 3351 5847 me ſoutient. Je m'avance pour lui donner
2630 5866 2922 6000 Av
