4266 8012
410 646 3492 855 ſacrée & jadis chérie; elle alloit être
413 851 3480 1067 ma priſon. On m'a bandé les yeux, on
409 1053 3496 1211 m'a fait deſcendre dans une cave. On m'a
405 1246 3492 1463 paſſé un cercle de fer autour du corps.
409 1447 3496 1650 J'ai entendu le bruit des chaînes. J'ai
417 1645 3508 1852 entendu qu'un ſerrurier les rivoit; j'ai
417 1846 3512 2044 ſenti le feu de ſon réchaud, qui lui ſer-
417 2047 3504 2246 voit ſans doute pour m'attacher au mur,
417 2241 3504 2443 en maſtiquant mes fers avec du plomb
413 2438 3504 2641 fondu. On m'a laiſſé dans cet horrible
417 2639 3508 2839 état, & l'on a fermé, à triple tour,
417 2833 3508 3026 l'énorme ſerrure, qui répondoit de moi.
409 3018 3500 3226 Je ſuis reſté ſeul, étendu ſur la terre
417 3208 3524 3418 humide. „Ah, ciel! me diſois-je, peut-
421 3409 3520 3612 “être je le mérite; mais ô Dieu ſaint!
425 3608 3528 3804 “eſt-ce un père qui devroit me traiter
433 3808 3516 4009 “ſi rigoureuſement? Dans la maiſon
437 4005 3536 4207 “paternelle, le fils unique de la maiſon!
307 4209 1787 4359 “O Dieu!.....“
634 4396 3539 4611 Dans un moment d'indignation je me
441 4597 3536 4797 levai, je ſentis le poids de mes fers. Je
441 4790 3532 4992 voulus courir. Je ſentis que j'étois attaché
449 4984 3540 5190 au mur. Je voulus briſer ces indignes
453 5181 3540 5379 chaînes: efforts inutiles qui ne faiſoient
457 5383 3543 5588 que me diſloquer les membres en pure
465 5584 2758 5793 perte! Je retombai ſur la terre.
662 5781 3555 5984 Je vins à bout de me débander les
473 5979 3528 6176 yeux; mais je ne vis rien qu'un chat,
480 6177 3541 6384 dont les deux prunelles étinceloienr, &
