4266 7975
2157 435 2675 640 s.
871 675 4265 897 qui étoit deſcendu par le ſoupirail de la
886 887 4265 1091 cave. Il paroiſſoit me craindre. Hélasl
895 1079 4266 1292 toute la nature pouvoit me mépriſer im-
538 1265 4267 1488 punément. Il remonta bientôt, & ſortit
887 1476 4267 1682 par où il étoit entré. Je n'avois pas le
887 1666 4267 1882 même privilège; cet animal étoit plus
891 1865 4268 2074 heureux que moi. Après les réflexions les
891 2058 4268 2270 plus amères, je m'aſſoupis; mais quel
887 2257 4269 2465 ſommeil! C'étoit le tranſport d'un homme
895 2464 4269 2665 qui a la fièvre. Les remords me tour-
891 2655 4270 2859 mentoient autant que mon père. J'avois,
887 2846 4270 3057 autour de moi, les Furies & l'ombre
887 3036 2804 3233 déſolée de mon amante.
1071 3224 4271 3433 Le jour vint par degrés, & ſon hor-
879 3423 4271 3631 reur égala celle de la nuit, parce que
878 3624 4272 3826 ſa lumière, qui ne perçoit qu'avec peine
883 3822 4272 4019 dans mon cachot, m'en dévoila toute la
883 4018 4273 4225 triſteſſe. Je vis mes chaînes incruſtées
879 4214 4273 4435 dans le mur, un morceau de pain noir,
879 4407 4273 4605 une cruche d'eau, & deux piſtolets char-
572 4596 3936 4799 gés. Cette dernière vue me glaça. „Ah!
879 4796 4274 5014 “me dis-je, mon père veut ma mort;
879 4987 4272 5191 “il la met dans mes mains; nul eſpoir
883 5181 4275 5386 “de grace. Dois-je faire uſage du pré-
887 5373 4275 5579 “ſent fatal qu'on me laiſſe? Voyons au-
879 5574 4276 5789 “paravant s'il n'y auroit pas moyen de
879 5776 2345 5970 “nous échapper.“
852 5971 4277 6174 Le ſoupirail de la cave étoit trop haut
883 6167 4277 6384 pour que je puſſe y atteindre, trop étroit
