<PcGts xmlns="http://schema.primaresearch.org/PAGE/gts/pagecontent/2017-07-15" xmlns:xsi="http://www.w3.org/2001/XMLSchema-instance" xsi:schemaLocation="http://schema.primaresearch.org/PAGE/gts/pagecontent/2017-07-15 http://schema.primaresearch.org/PAGE/gts/pagecontent/2017-07-15/pagecontent.xsd"><Metadata><Creator>User123</Creator><Created>2020-10-17T17:12:48</Created><LastChange>2020-10-17T17:12:48</LastChange></Metadata><Page imageFilename="0242.png" imageHeight="7748" imageWidth="4266"><TextRegion id="r0" type="paragraph" orientation="-0.0"><Coords points="1,1 4264,1 4264,7746 1,7746"/><TextLine id="r0_l001"><Coords points="1713,521 2192,521 2192,698 1713,698"/><TextEquiv index="1"><Unicode>asnà</Unicode></TextEquiv></TextLine><TextLine id="r0_l002"><Coords points="510,942 508,941 508,940 507,938 502,938 501,938 501,937 500,935 499,935 497,934 497,932 498,931 499,931 503,927 504,927 504,927 504,926 505,925 505,824 503,821 502,821 501,821 501,815 502,814 503,814 504,813 504,809 507,806 511,806 515,802 523,802 523,802 523,801 525,799 530,799 531,801 531,802 532,802 533,802 535,805 535,806 536,806 945,806 946,805 946,804 947,803 948,803 949,802 1066,802 1067,801 1067,800 1068,799 1074,799 1074,800 1074,802 1075,802 1251,802 1251,802 1251,771 1253,769 1254,769 1255,768 1255,767 1257,765 1258,765 1258,765 1259,764 1259,763 1261,761 1266,761 1266,762 1266,763 1269,765 1273,765 1278,771 1278,802 1279,802 1323,802 1323,802 1323,801 1325,799 1640,799 1640,799 1640,793 1642,791 1643,791 1644,790 1644,789 1645,788 1646,788 1647,787 1647,779 1650,776 1651,776 1651,776 1651,771 1654,768 1655,768 1655,768 1655,767 1657,765 1658,765 1658,765 1659,764 1659,763 1661,761 1662,761 1663,760 1663,759 1665,757 1681,757 1681,757 1681,756 1684,753 1715,753 1716,752 1716,751 1717,750 1718,750 1719,749 1719,748 1721,746 1745,746 1746,748 1746,749 1748,750 1749,750 1749,751 1749,752 1750,752 1752,754 1753,754 1753,755 1753,802 1754,802 1770,802 1771,803 1772,803 1772,804 1772,805 1774,806 2088,806 2089,805 2089,804 2090,803 2091,803 2092,802 2247,802 2247,802 2247,790 2250,787 2251,787 2251,787 2251,782 2253,780 2254,780 2255,779 2255,770 2256,769 2257,769 2257,769 2259,767 2259,766 2260,765 2265,765 2266,764 2266,759 2268,757 2273,757 2274,756 2274,755 2275,754 2276,754 2277,753 2307,753 2308,752 2308,751 2309,750 2314,750 2315,749 2315,748 2317,746 2322,746 2323,745 2323,744 2325,742 2352,742 2353,744 2353,745 2354,745 2355,746 2356,746 2357,748 2357,753 2358,753 2359,753 2361,756 2361,795 2362,795 2609,795 2609,795 2609,749 2610,748 2610,747 2611,746 2673,746 2674,748 2674,749 2676,750 2877,750 2877,750 2877,748 2879,746 2880,746 2881,745 2881,744 2883,742 2990,742 2990,742 2990,741 2993,738 2997,738 2998,740 2998,745 3000,746 3001,746 3002,748 3002,795 3003,795 3353,795 3353,795 3353,793 3355,791 3356,791 3356,791 3356,787 3357,786 3357,785 3358,784 3378,784 3379,783 3379,782 3381,780 3405,780 3406,782 3406,783 3407,784 3408,784 3409,784 3409,785 3409,798 3408,799 3407,799 3406,800 3406,827 3405,828 3405,829 3405,829 3404,829 3402,831 3402,832 3401,833 3399,833 3398,834 3398,881 3397,882 3396,882 3394,884 3394,889 3394,889 3393,889 3391,891 3391,895 3385,901 3384,901 3383,902 3383,907 3382,908 3381,908 3379,910 3379,911 3378,912 3366,912 3364,914 3364,915 3363,916 3359,916 3356,914 3356,913 3356,912 3355,912 3353,911 3353,883 3353,882 3324,882 3323,883 3323,937 3323,937 3320,937 3319,937 3319,883 3319,882 3249,882 3247,881 3247,880 3246,878 2936,878 2934,880 2934,881 2933,882 2867,882 2866,883 2866,936 2866,936 2856,936 2855,936 2855,883 2855,882 2479,882 2478,883 2478,884 2476,886 2474,885 2474,884 2473,882 2117,882 2116,883 2116,932 2115,933 2115,934 2114,935 2083,935 2082,936 2082,937 2081,938 2079,938 2077,937 2077,936 2077,935 2076,934 2075,934 2074,934 2074,932 2074,931 1899,931 1896,929 1896,928 1896,927 1895,927 1889,922 1889,887 1889,886 1502,886 1501,887 1501,929 1499,931 1498,931 1497,932 1497,933 1495,935 1469,935 1466,933 1466,932 1466,931 1461,931 1459,930 1459,887 1459,886 1350,886 1349,887 1349,940 1349,940 1332,940 1331,940 1331,887 1331,886 1268,886 1267,887 1267,903 1266,904 1265,904 1263,906 1263,915 1263,915 1262,915 1259,918 1259,919 1259,919 1258,919 1255,922 1255,926 1250,931 1246,931 1244,930 1244,929 1243,927 1242,927 1240,926 1240,890 1240,889 1136,889 1135,890 1135,941 1135,941 1124,941 1123,941 1123,890 1123,889 992,889 991,890 991,930 990,931 989,931 987,933 987,934 986,935 952,935 950,934 950,890 950,889 543,889 542,890 542,934 541,935 540,935 538,937 538,938 538,938 533,938 531,940 531,941 530,942"/><TextEquiv index="1"><Unicode>pour que je puſſe y paſſer. D'ailleurs;</Unicode></TextEquiv></TextLine><TextLine id="r0_l003"><Coords points="2728,1128 2727,1128 2727,1102 2727,1101 2577,1101 2576,1102 2576,1103 2575,1104 2574,1104 2573,1105 2572,1106 2572,1107 2571,1108 2570,1108 2569,1109 2568,1110 2568,1111 2567,1112 2562,1112 2561,1113 2561,1114 2561,1114 2559,1116 2558,1116 2557,1117 2557,1118 2556,1119 2555,1119 2554,1120 2543,1120 2542,1121 2542,1122 2541,1123 2536,1123 2534,1122 2534,1121 2534,1120 2522,1120 2518,1116 2514,1116 2511,1114 2511,1113 2511,1112 2510,1112 2507,1110 2507,1109 2507,1108 2506,1108 2504,1107 2504,1099 2503,1097 2502,1097 2500,1096 2500,1072 2500,1071 2034,1071 2033,1072 2033,1117 2032,1118 2032,1119 2032,1119 2031,1119 2029,1121 2029,1122 2028,1123 1996,1123 1995,1123 1995,1122 1993,1119 1992,1119 1991,1119 1991,1075 1991,1074 1902,1074 1900,1073 1900,1072 1899,1070 1710,1070 1709,1071 1535,1071 1534,1072 1534,1093 1534,1093 1533,1093 1531,1095 1531,1103 1530,1104 1529,1104 1528,1105 1527,1106 1527,1107 1526,1108 1525,1108 1523,1110 1523,1111 1522,1112 1521,1112 1519,1114 1519,1115 1518,1116 1513,1116 1512,1117 1512,1118 1511,1119 1510,1119 1509,1120 1494,1120 1493,1121 1493,1122 1492,1123 1487,1123 1485,1122 1485,1121 1485,1120 1474,1120 1473,1119 1472,1119 1471,1119 1470,1118 1470,1117 1470,1116 1465,1116 1463,1115 1463,1114 1462,1112 1461,1112 1459,1111 1459,1106 1459,1105 1458,1105 1455,1103 1455,1072 1455,1071 1283,1071 1282,1072 1282,1073 1281,1074 1272,1074 1270,1073 1270,1072 1270,1071 1081,1071 1053,1071 1051,1073 1051,1074 1051,1074 1046,1074 1044,1073 1044,1072 1044,1071 864,1071 863,1072 863,1073 862,1074 521,1074 520,1074 520,1073 518,1070 514,1070 508,1065 508,1061 507,1059 506,1059 505,1059 505,1058 504,1057 504,1053 503,1051 502,1051 501,1051 501,1019 502,1018 503,1018 505,1016 505,1015 506,1014 507,1014 508,1013 508,1009 520,997 520,996 521,995 530,995 531,994 531,993 533,991 587,991 587,991 587,975 590,972 591,972 591,972 591,967 593,965 594,965 595,964 595,959 597,957 598,957 599,956 599,951 600,950 601,950 603,948 603,944 605,942 620,942 622,945 622,946 623,946 790,946 791,945 791,944 793,942 805,942 806,944 806,946 807,946 1119,946 1119,946 1119,945 1123,941 1135,941 1135,942 1135,991 1136,991 1330,991 1331,990 1331,941 1332,940 1350,940 1350,941 1350,942 1351,942 1352,942 1353,944 1353,991 1354,991 1560,991 1561,990 1561,989 1563,987 1708,987 1708,987 1708,974 1710,972 1711,972 1712,971 1712,963 1718,957 1719,957 1719,957 1719,952 1721,950 1722,950 1723,949 1723,948 1725,946 1726,946 1727,945 1727,944 1729,942 1734,942 1734,942 1734,941 1735,940 1737,938 1738,938 1738,938 1738,937 1740,935 1741,935 1742,934 1762,934 1763,935 1764,935 1765,937 1765,938 1766,938 1861,938 1863,941 1863,942 1864,942 1865,942 1866,944 1866,948 1869,950 1870,950 1870,951 1870,991 1871,991 2085,991 2085,991 2085,944 2087,942 2096,942 2096,942 2096,941 2098,939 2100,939 2101,941 2101,942 2102,942 2103,942 2104,944 2104,949 2105,949 2106,949 2108,952 2108,991 2109,991 2319,991 2319,991 2319,951 2320,950 2321,950 2325,946 2326,946 2326,946 2326,945 2327,944 2327,940 2329,938 2330,938 2330,938 2330,937 2332,935 2333,935 2334,934 2339,934 2340,935 2341,935 2342,937 2342,938 2343,938 2344,938 2346,941 2346,987 2347,987 2634,987 2635,988 2636,988 2636,989 2636,990 2638,991 2642,991 2655,1005 2655,1013 2657,1014 2658,1014 2659,1016 2659,1044 2660,1044 2840,1044 2840,1044 2840,997 2846,991 2847,991 2847,991 2847,944 2849,942 2850,942 2851,941 2851,940 2852,939 2853,939 2856,936 2912,936 2913,935 2914,935 2915,934 3032,934 3032,934 3032,933 3034,931 3054,931 3055,933 3055,934 3056,934 3192,934 3193,935 3194,935 3194,936 3194,937 3195,937 3323,937 3324,938 3325,938 3326,940 3326,941 3328,942 3329,942 3330,944 3330,984 3331,984 3379,984 3379,985 3379,986 3381,987 3400,987 3406,994 3406,1054 3404,1056 3403,1056 3402,1057 3402,1058 3401,1059 3400,1059 3398,1061 3398,1062 3397,1063 3392,1063 3391,1064 3391,1065 3389,1067 3388,1067 3387,1068 3387,1069 3386,1070 3385,1070 3384,1071 3368,1071 3367,1070 3366,1070 3363,1067 3041,1067 3040,1068 3040,1122 3040,1122 3033,1122 3032,1122 3032,1068 3032,1067 2996,1067 2994,1069 2994,1070 2994,1070 2993,1070 2992,1071 2990,1071 2989,1070 2988,1070 2987,1070 2987,1068 2987,1067 2754,1067 2753,1068 2753,1081 2753,1081 2752,1081 2749,1084 2749,1089 2749,1089 2748,1089 2744,1093 2744,1128 2744,1128"/><TextEquiv index="1"><Unicode>eût-il été vingt fois plus large, il falloit</Unicode></TextEquiv></TextLine><TextLine id="r0_l004"><Coords points="2199,1315 2198,1315 2198,1260 2198,1259 2125,1259 2123,1261 2123,1262 2123,1262 2122,1263 2121,1263 2119,1265 2119,1266 2119,1266 2118,1266 2117,1267 2095,1267 2093,1266 2093,1265 2092,1264 2092,1263 2091,1263 2089,1262 2089,1261 2088,1259 1868,1259 1867,1260 1867,1261 1865,1263 1862,1261 1862,1260 1862,1259 1766,1259 1765,1259 1765,1258 1765,1257 1592,1257 1590,1259 1483,1259 1482,1259 1482,1256 1482,1255 1261,1255 1259,1257 1259,1258 1258,1259 797,1259 795,1261 795,1262 794,1263 661,1263 659,1262 659,1261 658,1259 499,1259 497,1258 497,1257 496,1255 480,1255 478,1254 478,1250 481,1247 482,1247 482,1247 482,1246 484,1244 485,1244 485,1244 485,1243 486,1242 486,1241 487,1240 493,1240 493,1240 493,1190 497,1186 497,1185 498,1184 499,1184 500,1183 504,1183 505,1182 505,1181 506,1180 553,1180 553,1181 553,1182 555,1183 810,1183 810,1183 810,1136 811,1135 812,1135 813,1134 817,1134 818,1133 818,1132 819,1131 899,1131 901,1129 901,1128 902,1127 911,1127 912,1129 912,1176 913,1176 1127,1176 1127,1176 1127,1133 1133,1127 1137,1127 1139,1125 1139,1124 1140,1123 1148,1123 1152,1127 1153,1127 1153,1128 1153,1172 1154,1172 1250,1172 1252,1175 1252,1176 1253,1176 1470,1176 1470,1176 1470,1137 1473,1134 1474,1134 1474,1134 1474,1133 1476,1131 1489,1131 1489,1132 1489,1133 1497,1141 1497,1180 1498,1180 2104,1180 2104,1180 2104,1133 2106,1131 2110,1131 2112,1129 2112,1128 2113,1127 2160,1127 2161,1129 2161,1176 2162,1176 2220,1176 2221,1178 2221,1179 2223,1180 2416,1180 2417,1179 2417,1178 2419,1176 2424,1176 2425,1178 2425,1179 2427,1180 2661,1180 2663,1178 2663,1177 2664,1176 2726,1176 2726,1176 2726,1130 2728,1128 2745,1128 2748,1131 2749,1131 2749,1132 2749,1176 2750,1176 2922,1176 2923,1175 2923,1174 2925,1172 3028,1172 3028,1172 3028,1133 3030,1131 3031,1131 3032,1130 3032,1123 3033,1122 3040,1122 3041,1123 3050,1123 3051,1125 3051,1130 3052,1130 3053,1130 3055,1133 3055,1172 3056,1172 3277,1172 3277,1172 3277,1152 3280,1149 3281,1149 3281,1149 3281,1148 3283,1146 3284,1146 3285,1145 3285,1144 3287,1142 3288,1142 3288,1142 3288,1141 3291,1138 3303,1138 3304,1137 3304,1136 3305,1135 3306,1135 3307,1134 3309,1134 3310,1135 3311,1135 3311,1136 3311,1137 3313,1138 3321,1138 3323,1141 3323,1142 3324,1142 3325,1142 3330,1148 3330,1161 3331,1161 3390,1161 3390,1162 3390,1163 3392,1165 3393,1165 3394,1165 3394,1166 3394,1240 3394,1240 3393,1240 3385,1248 3373,1248 3372,1249 3372,1250 3370,1252 3358,1252 3357,1253 3357,1254 3356,1255 3354,1255 3353,1255 3353,1254 3352,1252 3116,1252 3115,1253 3115,1254 3114,1255 3098,1255 3096,1254 3096,1253 3096,1252 2928,1252 2927,1253 2927,1302 2926,1303 2926,1304 2926,1304 2920,1304 2919,1304 2919,1303 2911,1295 2911,1253 2911,1252 2803,1252 2802,1253 2802,1254 2801,1255 2797,1255 2794,1258 2794,1259 2794,1259 2781,1259 2779,1258 2779,1257 2778,1255 2682,1255 2593,1255 2591,1257 2591,1258 2590,1259 2332,1259 2331,1260 2331,1305 2330,1306 2330,1308 2330,1308 2325,1308 2323,1310 2323,1311 2322,1312 2302,1312 2300,1311 2300,1260 2300,1259 2211,1259 2210,1260 2210,1315 2210,1315"/><TextEquiv index="1"><Unicode>me détacher du mur. Je pouvois crier &amp;</Unicode></TextEquiv></TextLine><TextLine id="r0_l005"><Coords points="996,1499 995,1499 995,1441 995,1440 907,1440 903,1444 895,1444 893,1446 893,1447 892,1448 770,1448 769,1449 769,1450 768,1451 694,1451 693,1452 693,1496 692,1497 582,1497 580,1496 580,1495 579,1493 574,1493 573,1493 573,1492 572,1491 572,1449 572,1448 511,1448 510,1447 509,1447 508,1447 508,1446 507,1444 499,1444 497,1443 497,1442 496,1440 495,1440 493,1439 493,1397 492,1395 491,1395 490,1395 490,1394 489,1393 491,1391 492,1391 493,1390 493,1386 503,1376 507,1376 512,1371 512,1370 513,1369 514,1369 515,1368 670,1368 670,1368 670,1367 672,1365 810,1365 810,1365 810,1325 812,1323 813,1323 814,1322 814,1321 816,1319 817,1319 818,1318 818,1317 819,1316 824,1316 825,1315 825,1314 827,1312 832,1312 833,1314 833,1315 835,1316 836,1316 836,1317 836,1318 837,1319 837,1361 838,1361 1142,1361 1142,1361 1142,1317 1143,1316 1148,1316 1150,1314 1150,1313 1151,1312 1164,1312 1165,1314 1165,1365 1166,1365 1348,1365 1349,1364 1349,1357 1350,1356 1350,1355 1351,1354 1352,1353 1353,1353 1353,1353 1353,1348 1355,1346 1356,1346 1357,1345 1357,1336 1358,1335 1359,1335 1361,1333 1361,1329 1363,1327 1364,1327 1364,1327 1364,1326 1367,1323 1368,1323 1368,1323 1368,1322 1371,1319 1372,1319 1372,1319 1372,1318 1375,1315 1376,1315 1376,1315 1376,1314 1378,1312 1402,1312 1402,1313 1402,1314 1405,1316 1406,1316 1406,1317 1406,1318 1409,1320 1410,1320 1410,1321 1410,1365 1411,1365 1519,1365 1519,1366 1519,1367 1521,1368 1723,1368 1723,1368 1723,1367 1725,1365 1726,1365 1727,1364 1728,1364 1729,1365 1805,1365 1808,1368 2013,1368 2014,1367 2014,1366 2015,1365 2191,1365 2191,1365 2191,1321 2193,1319 2194,1319 2195,1318 2195,1317 2196,1316 2197,1316 2198,1315 2211,1315 2212,1316 2213,1316 2213,1317 2213,1318 2214,1319 2214,1323 2215,1323 2216,1323 2217,1325 2217,1327 2218,1327 2367,1327 2368,1329 2368,1333 2371,1335 2372,1335 2372,1336 2372,1364 2373,1364 2541,1364 2542,1363 2542,1362 2543,1361 2544,1361 2545,1360 2545,1356 2548,1353 2549,1353 2549,1353 2549,1340 2551,1338 2552,1338 2553,1337 2553,1333 2557,1329 2557,1325 2559,1323 2560,1323 2560,1323 2560,1319 2561,1318 2561,1317 2562,1316 2563,1316 2564,1315 2564,1314 2566,1312 2590,1312 2590,1312 2590,1311 2591,1310 2591,1309 2592,1308 2594,1308 2594,1309 2594,1310 2597,1312 2601,1316 2602,1316 2602,1317 2602,1364 2603,1364 2832,1364 2832,1364 2832,1321 2833,1320 2834,1320 2836,1318 2836,1314 2838,1312 2850,1312 2851,1314 2851,1315 2852,1315 2853,1315 2855,1318 2855,1361 2856,1361 3197,1361 3198,1360 3198,1359 3200,1357 3288,1357 3288,1357 3288,1324 3289,1323 3289,1317 3290,1316 3295,1316 3296,1315 3296,1314 3298,1312 3303,1312 3303,1312 3303,1311 3306,1308 3318,1308 3319,1310 3319,1361 3320,1361 3386,1361 3387,1363 3387,1364 3388,1364 3389,1365 3390,1365 3390,1366 3390,1367 3392,1368 3393,1368 3394,1370 3394,1375 3396,1376 3397,1376 3398,1378 3398,1383 3399,1383 3400,1383 3401,1384 3402,1384 3402,1385 3402,1420 3400,1422 3399,1422 3398,1423 3398,1424 3397,1425 3396,1425 3394,1427 3394,1428 3393,1429 3392,1429 3391,1430 3391,1431 3389,1433 3388,1433 3387,1434 3387,1435 3386,1436 3385,1436 3383,1438 3383,1439 3382,1440 3381,1440 3379,1442 3379,1443 3378,1444 3355,1444 3353,1443 3353,1442 3352,1440 3157,1440 3144,1440 3141,1443 3141,1444 3141,1444 3075,1444 3074,1445 3074,1488 3073,1489 3072,1489 3071,1490 3070,1491 3070,1492 3069,1493 3034,1493 3032,1492 3032,1491 3031,1489 3030,1489 3028,1488 3028,1445 3028,1444 2777,1444 2776,1445 2776,1446 2774,1448 2772,1447 2772,1446 2771,1444 2430,1444 2429,1445 2429,1446 2427,1448 2365,1448 2364,1449 2364,1458 2363,1459 2362,1459 2361,1460 2361,1472 2360,1473 2360,1474 2360,1474 2359,1474 2357,1476 2357,1480 2349,1488 2349,1489 2349,1489 2343,1489 2342,1489 2342,1488 2340,1485 2339,1485 2338,1485 2338,1449 2338,1448 1913,1448 1912,1449 1912,1465 1910,1467 1909,1467 1908,1468 1908,1473 1907,1474 1906,1474 1904,1476 1904,1477 1903,1478 1902,1478 1900,1480 1900,1481 1899,1482 1898,1482 1897,1483 1897,1484 1896,1485 1895,1485 1894,1486 1893,1487 1893,1488 1892,1489 1891,1489 1889,1491 1889,1492 1888,1493 1880,1493 1878,1492 1878,1449 1878,1448 1416,1448 1414,1447 1414,1446 1413,1444 1121,1444 1120,1444 1120,1443 1118,1440 1007,1440 1006,1441 1006,1499 1006,1499"/><TextEquiv index="1"><Unicode>appeler du ſecours; mais je ſavois que le</Unicode></TextEquiv></TextLine><TextLine id="r0_l006"><Coords points="1914,1690 1913,1690 1913,1634 1913,1633 1762,1633 1761,1634 1761,1635 1760,1636 1577,1636 1576,1636 1576,1635 1575,1633 922,1633 919,1631 919,1630 919,1629 762,1629 761,1630 761,1681 761,1681 760,1681 759,1682 751,1682 750,1683 750,1684 749,1685 606,1685 605,1686 592,1686 591,1686 591,1630 591,1629 488,1629 486,1628 486,1627 485,1625 484,1625 482,1624 482,1619 483,1618 484,1618 486,1616 486,1558 487,1557 488,1557 492,1553 496,1553 497,1552 497,1551 498,1550 499,1550 501,1548 501,1540 503,1538 504,1538 504,1538 504,1526 516,1514 516,1510 518,1508 523,1508 523,1508 523,1507 530,1500 542,1500 542,1500 542,1499 544,1497 549,1497 550,1499 550,1500 551,1500 559,1500 560,1501 561,1501 561,1502 561,1507 563,1508 564,1508 565,1510 565,1549 566,1549 810,1549 810,1549 810,1506 812,1504 813,1504 814,1503 814,1502 815,1501 816,1501 817,1500 994,1500 995,1499 1051,1499 1053,1497 1055,1497 1055,1498 1055,1499 1057,1500 1174,1500 1175,1501 1176,1501 1176,1502 1176,1503 1182,1508 1183,1508 1183,1509 1183,1510 1184,1511 1184,1553 1185,1553 1553,1553 1553,1553 1553,1514 1555,1512 1556,1512 1557,1511 1557,1506 1559,1504 1752,1504 1753,1503 1753,1502 1754,1501 1757,1501 1757,1502 1757,1503 1763,1508 1764,1508 1764,1509 1764,1510 1767,1512 1768,1512 1768,1513 1768,1557 1769,1557 1971,1557 1972,1556 1972,1555 1974,1553 2059,1553 2059,1553 2059,1510 2061,1508 2062,1508 2062,1508 2062,1507 2065,1504 2069,1504 2073,1500 2083,1500 2084,1501 2085,1501 2085,1502 2085,1526 2086,1526 2259,1526 2259,1526 2259,1521 2261,1519 2262,1519 2262,1519 2262,1518 2263,1517 2264,1516 2265,1516 2266,1515 2266,1510 2268,1508 2269,1508 2270,1507 2270,1506 2272,1504 2277,1504 2277,1504 2277,1503 2280,1500 2285,1500 2285,1500 2285,1499 2287,1497 2307,1497 2308,1499 2308,1500 2309,1500 2310,1500 2312,1503 2312,1504 2313,1504 2314,1504 2315,1506 2315,1553 2316,1553 2508,1553 2508,1553 2508,1506 2510,1504 2511,1504 2511,1504 2511,1503 2514,1500 2519,1500 2519,1500 2519,1499 2521,1497 2534,1497 2534,1498 2534,1499 2536,1500 2672,1500 2674,1503 2674,1508 2675,1508 2718,1508 2719,1510 2719,1511 2721,1512 2722,1512 2723,1514 2723,1515 2725,1516 2726,1516 2727,1518 2727,1550 2728,1550 2940,1550 2941,1549 3332,1549 3338,1556 3338,1602 3339,1602 3389,1602 3390,1604 3390,1608 3398,1616 3398,1639 3397,1640 3396,1640 3394,1642 3394,1647 3393,1648 3392,1648 3390,1650 3390,1651 3390,1651 3389,1651 3387,1653 3387,1654 3387,1654 3386,1655 3385,1655 3383,1657 3383,1658 3382,1659 3373,1659 3372,1660 3372,1661 3370,1663 3366,1663 3364,1662 3364,1661 3363,1659 3362,1659 3360,1658 3360,1634 3360,1633 3280,1633 3279,1632 3150,1632 3080,1632 3079,1633 2151,1633 2149,1635 2149,1636 2149,1636 1962,1636 1961,1636 1961,1635 1960,1633 1923,1633 1922,1634 1922,1690 1922,1690"/><TextEquiv index="1"><Unicode>ſoupirail donnoit dans le fond d'une cour,</Unicode></TextEquiv></TextLine><TextLine id="r0_l007"><Coords points="1994,1882 1993,1882 1993,1822 1993,1821 1861,1821 1859,1823 1859,1824 1858,1825 1698,1825 1697,1826 1697,1827 1695,1829 1596,1829 1595,1830 1595,1869 1594,1870 1593,1870 1592,1871 1591,1872 1591,1873 1590,1874 1589,1874 1587,1876 1587,1877 1586,1878 1567,1878 1564,1876 1564,1875 1564,1874 1559,1874 1557,1873 1557,1826 1557,1825 1452,1825 1451,1826 1451,1879 1451,1879 1449,1879 1448,1879 1448,1826 1448,1825 1265,1825 1263,1824 1263,1823 1262,1821 736,1821 735,1822 735,1869 734,1870 702,1870 701,1870 701,1869 699,1866 698,1866 697,1866 697,1818 697,1817 502,1817 501,1817 501,1816 499,1813 498,1813 497,1813 497,1808 496,1806 495,1806 493,1805 493,1804 492,1802 491,1802 489,1801 489,1800 488,1798 487,1798 486,1798 486,1762 487,1761 488,1761 489,1760 489,1756 503,1742 511,1742 512,1741 512,1740 514,1738 588,1738 588,1738 588,1690 589,1689 590,1689 591,1688 591,1687 592,1686 606,1686 607,1688 607,1689 608,1689 609,1689 610,1691 610,1699 613,1701 614,1701 614,1702 614,1707 616,1708 617,1708 618,1710 618,1711 620,1712 621,1712 621,1713 621,1714 624,1716 625,1716 625,1717 625,1738 626,1738 927,1738 927,1738 927,1732 928,1731 929,1731 931,1729 931,1717 932,1716 933,1716 935,1714 935,1713 936,1712 937,1712 938,1711 938,1707 946,1699 946,1698 947,1697 948,1697 950,1695 950,1694 951,1693 952,1693 954,1691 954,1690 955,1689 964,1689 965,1688 965,1687 967,1685 979,1685 980,1687 980,1688 982,1689 987,1689 987,1690 987,1742 988,1742 1164,1742 1164,1742 1164,1741 1167,1738 1273,1738 1274,1740 1274,1741 1276,1742 1727,1742 1727,1742 1727,1736 1729,1734 1730,1734 1730,1734 1730,1726 1734,1722 1734,1718 1737,1715 1738,1715 1738,1715 1738,1714 1741,1711 1742,1711 1742,1711 1742,1710 1744,1708 1748,1708 1752,1704 1756,1704 1757,1703 1757,1702 1758,1701 1759,1701 1760,1700 1771,1700 1772,1699 1772,1698 1773,1697 1793,1697 1795,1695 1795,1694 1796,1693 1805,1693 1806,1692 1806,1691 1808,1689 1831,1689 1832,1690 1923,1690 1923,1691 1923,1692 1924,1693 1925,1693 1926,1693 1927,1695 1927,1700 1928,1700 1929,1700 1930,1702 1930,1738 1931,1738 1967,1738 1968,1740 1968,1741 1970,1742 1971,1742 1971,1743 1972,1744 1972,1745 1974,1746 1994,1746 1995,1748 1995,1749 1996,1749 1997,1749 1998,1751 1998,1752 1999,1753 1999,1757 2000,1757 2172,1757 2172,1757 2172,1728 2173,1727 2174,1727 2176,1725 2176,1717 2177,1716 2178,1716 2178,1716 2180,1714 2180,1713 2181,1712 2182,1712 2183,1711 2183,1710 2185,1708 2190,1708 2191,1707 2191,1706 2193,1704 2356,1704 2357,1703 2357,1698 2358,1697 2363,1697 2364,1696 2364,1695 2366,1693 2371,1693 2372,1692 2372,1691 2374,1689 2390,1689 2391,1691 2391,1692 2393,1693 2398,1693 2398,1694 2398,1695 2401,1697 2402,1697 2402,1698 2402,1742 2403,1742 2571,1742 2571,1742 2571,1741 2574,1738 2696,1738 2696,1738 2696,1699 2699,1696 2700,1696 2700,1696 2700,1695 2702,1693 2707,1693 2707,1693 2707,1692 2710,1689 2714,1689 2718,1685 2721,1685 2727,1692 2727,1738 2728,1738 2929,1738 2934,1733 2934,1732 2935,1731 2936,1731 2937,1730 2943,1730 2944,1731 2945,1731 2945,1732 2945,1734 2946,1734 3012,1734 3013,1736 3013,1737 3015,1738 3329,1738 3330,1737 3330,1736 3331,1735 3332,1735 3333,1734 3336,1734 3338,1737 3338,1738 3339,1738 3386,1738 3386,1739 3386,1740 3389,1742 3390,1742 3390,1743 3390,1744 3391,1745 3391,1772 3392,1772 3393,1772 3394,1774 3394,1797 3397,1799 3398,1799 3398,1800 3398,1817 3398,1817 3347,1817 3346,1818 3330,1818 3329,1817 3016,1817 3012,1821 2374,1821 2372,1823 2372,1824 2371,1825 2253,1825 2251,1824 2251,1823 2250,1821 2181,1821 2180,1822 2180,1882 2180,1882"/><TextEquiv index="1"><Unicode>où perſonne ne paſſoit, &amp; ſans doute mon</Unicode></TextEquiv></TextLine><TextLine id="r0_l008"><Coords points="3125,2244 3123,2243 3123,2242 3122,2241 3122,2240 3121,2240 3119,2239 3119,2196 3119,2195 2909,2195 2908,2196 2908,2197 2907,2198 2907,2198 2906,2198 2905,2199 2766,2199 2764,2201 2764,2202 2764,2202 2644,2202 2643,2203 2643,2206 2643,2206 2642,2206 2636,2212 2636,2216 2634,2218 2633,2218 2632,2219 2632,2220 2631,2221 2630,2221 2629,2222 2629,2223 2627,2225 2623,2225 2619,2229 2612,2229 2610,2228 2610,2227 2609,2225 2608,2225 2606,2224 2606,2199 2606,2198 2423,2198 2421,2200 2421,2201 2420,2202 1729,2202 1727,2204 1727,2205 1726,2206 1725,2206 1724,2205 1723,2205 1723,2204 1722,2202 1437,2202 1436,2203 1436,2213 1436,2213 1435,2213 1433,2215 1433,2219 1432,2220 1432,2221 1432,2221 1431,2221 1425,2227 1425,2228 1425,2228 1424,2228 1423,2229 1415,2229 1414,2230 1414,2231 1413,2232 1400,2232 1399,2232 1399,2226 1398,2225 1398,2199 1398,2198 1167,2198 1166,2199 1104,2199 1103,2198 1102,2198 1101,2198 1101,2197 1101,2196 928,2196 926,2198 805,2198 804,2199 803,2199 802,2198 800,2198 799,2198 799,2197 799,2196 626,2196 625,2197 625,2198 625,2198 537,2198 535,2200 535,2201 534,2202 533,2202 531,2204 531,2205 530,2206 521,2206 520,2207 520,2208 518,2210 499,2210 497,2209 497,2208 496,2206 491,2206 490,2206 490,2205 489,2204 489,2186 492,2183 493,2183 493,2183 493,1936 494,1935 495,1935 497,1933 497,1932 498,1931 499,1931 500,1930 504,1930 505,1929 505,1928 506,1927 507,1927 507,1927 508,1926 508,1925 510,1923 595,1923 595,1923 595,1880 599,1876 599,1875 600,1874 602,1874 603,1876 603,1877 605,1878 606,1878 606,1879 606,1880 609,1882 610,1882 610,1883 610,1884 612,1885 613,1885 614,1887 614,1892 616,1893 617,1893 618,1895 618,1900 619,1900 620,1900 622,1903 622,1904 623,1904 624,1904 625,1906 625,1907 626,1907 627,1908 628,1908 629,1910 629,1927 630,1927 859,1927 859,1928 859,1930 860,1930 923,1930 923,1930 923,1891 925,1889 926,1889 926,1889 927,1888 927,1887 929,1885 934,1885 935,1884 935,1883 937,1881 940,1881 941,1882 942,1882 942,1883 942,1884 944,1885 945,1885 946,1887 946,1888 947,1888 948,1889 949,1889 950,1891 950,1930 951,1930 1055,1930 1055,1930 1055,1929 1057,1927 1059,1927 1059,1928 1059,1929 1061,1930 1227,1930 1231,1934 1440,1934 1440,1934 1440,1887 1442,1885 1443,1885 1444,1884 1444,1883 1445,1882 1446,1882 1447,1881 1447,1880 1448,1879 1452,1879 1452,1880 1452,1881 1453,1881 1457,1881 1458,1882 1459,1882 1459,1883 1459,1884 1463,1888 1463,1923 1464,1923 1507,1923 1508,1925 1508,1933 1510,1934 1775,1934 1776,1933 1776,1932 1777,1931 1778,1931 1779,1930 1866,1930 1866,1930 1866,1888 1873,1881 1877,1881 1878,1880 1878,1879 1879,1878 1889,1878 1889,1879 1889,1882 1890,1882 2113,1882 2114,1881 2285,1881 2285,1881 2285,1880 2287,1878 2296,1878 2296,1879 2296,1880 2297,1881 2297,1931 2298,1931 2551,1931 2552,1930 2624,1930 2625,1929 2625,1928 2626,1927 2685,1927 2685,1927 2685,1925 2687,1923 2696,1923 2696,1924 2696,1927 2697,1927 3129,1927 3130,1926 3130,1925 3132,1923 3250,1923 3251,1922 3251,1921 3253,1919 3333,1919 3334,1921 3334,1922 3336,1923 3341,1923 3341,1924 3341,1925 3344,1927 3352,1927 3353,1929 3353,1934 3354,1934 3355,1934 3357,1937 3357,1945 3359,1946 3360,1946 3360,1947 3360,1968 3361,1968 3393,1968 3395,1971 3395,1972 3396,1972 3397,1972 3398,1974 3398,1979 3399,1979 3400,1979 3402,1982 3402,2108 3403,2108 3409,2108 3409,2109 3409,2114 3411,2115 3412,2115 3413,2117 3413,2160 3414,2160 3415,2160 3417,2163 3417,2167 3416,2168 3415,2168 3414,2169 3413,2170 3413,2171 3412,2172 3411,2172 3410,2173 3409,2174 3409,2175 3408,2176 3407,2176 3406,2177 3406,2178 3404,2180 3403,2180 3402,2181 3402,2182 3401,2183 3400,2183 3399,2184 3398,2185 3398,2186 3397,2187 3392,2187 3391,2188 3391,2189 3389,2191 3245,2191 3243,2193 3243,2194 3242,2195 3154,2195 3153,2196 3153,2201 3152,2202 3151,2202 3149,2204 3149,2213 3149,2213 3148,2213 3145,2216 3145,2224 3144,2225 3143,2225 3142,2226 3142,2230 3141,2231 3141,2232 3141,2232 3140,2232 3138,2234 3138,2239 3137,2240 3132,2240 3130,2242 3130,2243 3129,2244"/><TextEquiv index="1"><Unicode>ee eertaois de ooueemn e eelemnoeu</Unicode></TextEquiv></TextLine><TextLine id="r0_l009"><Coords points="1181,2442 1180,2442 1180,2388 1180,2387 1008,2387 1006,2389 1006,2390 1005,2391 1001,2391 999,2390 999,2389 998,2387 831,2387 829,2386 829,2385 828,2383 624,2383 621,2386 621,2387 621,2387 608,2387 607,2387 607,2386 605,2383 548,2383 546,2382 546,2381 546,2380 512,2380 511,2379 510,2379 509,2378 508,2378 508,2377 508,2376 503,2376 501,2375 501,2374 500,2372 495,2372 493,2371 493,2362 493,2361 492,2361 489,2359 489,2325 491,2323 492,2323 493,2322 493,2321 495,2319 496,2319 497,2318 497,2317 499,2315 504,2315 504,2315 504,2314 507,2311 508,2311 508,2311 508,2310 510,2308 518,2308 520,2306 520,2305 521,2304 531,2304 531,2304 531,2253 533,2251 545,2251 546,2250 546,2249 548,2247 549,2247 550,2249 550,2250 552,2251 560,2251 561,2253 561,2254 562,2255 563,2255 564,2255 565,2257 565,2304 566,2304 851,2304 851,2305 851,2306 854,2308 1077,2308 1078,2307 1078,2306 1080,2304 1201,2304 1202,2303 1202,2295 1204,2293 1205,2293 1206,2292 1206,2280 1209,2277 1210,2277 1210,2277 1210,2268 1212,2266 1213,2266 1214,2265 1214,2264 1215,2263 1216,2263 1218,2261 1218,2260 1219,2259 1220,2259 1221,2258 1221,2257 1223,2255 1228,2255 1229,2254 1229,2253 1231,2251 1254,2251 1255,2253 1255,2254 1257,2255 1258,2255 1259,2257 1259,2308 1260,2308 1484,2308 1486,2306 1486,2305 1487,2304 1496,2304 1497,2306 1497,2307 1499,2308 1851,2308 1851,2308 1851,2265 1854,2262 1862,2262 1863,2261 1863,2260 1864,2259 1873,2259 1874,2261 1874,2269 1876,2270 1877,2270 1878,2272 1878,2308 1879,2308 2013,2308 2013,2309 2013,2310 2015,2311 2206,2311 2206,2311 2206,2264 2207,2263 2208,2263 2209,2262 2213,2262 2213,2262 2213,2261 2215,2259 2220,2259 2221,2258 2221,2257 2223,2255 2232,2255 2232,2256 2232,2262 2233,2262 2351,2262 2352,2263 2353,2263 2353,2264 2353,2265 2355,2266 2359,2266 2361,2269 2361,2292 2363,2293 2364,2293 2364,2294 2364,2304 2365,2304 2542,2304 2542,2304 2542,2264 2544,2262 2545,2262 2545,2262 2545,2261 2547,2259 2555,2259 2559,2255 2567,2255 2568,2257 2568,2258 2570,2259 2571,2259 2572,2261 2572,2304 2573,2304 2628,2304 2628,2305 2628,2306 2631,2308 2816,2308 2817,2307 2817,2306 2819,2304 2972,2304 2972,2304 2972,2257 2978,2251 2982,2251 2983,2253 2983,2254 2985,2255 3148,2255 3149,2257 3149,2258 3151,2259 3152,2259 3153,2261 3153,2262 3154,2262 3155,2262 3157,2265 3157,2266 3158,2266 3159,2266 3160,2268 3160,2296 3161,2296 3287,2296 3289,2299 3289,2300 3290,2300 3321,2300 3323,2303 3323,2304 3324,2304 3333,2304 3334,2306 3334,2307 3336,2308 3337,2308 3338,2310 3338,2315 3339,2315 3340,2315 3341,2317 3341,2318 3342,2319 3342,2323 3343,2323 3401,2323 3402,2325 3402,2326 3403,2327 3404,2327 3405,2327 3406,2329 3406,2332 3405,2333 3405,2334 3405,2334 3404,2334 3402,2336 3402,2341 3402,2341 3401,2341 3398,2344 3398,2348 3397,2349 3340,2349 3338,2351 3338,2359 3336,2361 3335,2361 3334,2362 3334,2363 3332,2365 3331,2365 3330,2366 3330,2367 3329,2368 3325,2368 3322,2371 3322,2372 3322,2372 3313,2372 3311,2374 3311,2428 3311,2428 3310,2428 3307,2431 3307,2432 3307,2432 3264,2432 3262,2431 3262,2384 3262,2383 2944,2383 2941,2386 2941,2387 2941,2387 2875,2387 2874,2388 2874,2431 2873,2432 2842,2432 2840,2434 2840,2435 2839,2436 2830,2436 2829,2436 2829,2435 2827,2432 2826,2432 2825,2432 2825,2431 2824,2430 2824,2388 2824,2387 2634,2387 2632,2389 2632,2390 2631,2391 2616,2391 2612,2387 2310,2387 2308,2389 2308,2390 2307,2391 2148,2391 2145,2389 2145,2388 2145,2387 1948,2387 1944,2391 1495,2391 1493,2390 1493,2389 1492,2387 1301,2387 1287,2387 1286,2388 1286,2389 1284,2391 1269,2391 1266,2389 1266,2388 1266,2387 1188,2387 1187,2388 1187,2442 1187,2442"/><TextEquiv index="1"><Unicode>de renverſer tous les obſtacles qui s'op-</Unicode></TextEquiv></TextLine><TextLine id="r0_l010"><Coords points="1577,2633 1576,2633 1576,2577 1576,2576 1574,2576 1573,2577 1573,2632 1573,2632 1565,2632 1564,2632 1564,2577 1564,2576 1296,2576 1295,2575 1294,2575 1293,2575 1293,2574 1292,2572 539,2572 538,2573 538,2617 538,2617 537,2617 534,2620 534,2621 534,2621 521,2621 520,2622 520,2623 518,2625 496,2625 489,2619 489,2616 492,2613 493,2613 493,2613 493,2495 495,2493 503,2493 505,2491 505,2490 506,2489 511,2489 512,2488 512,2487 514,2485 677,2485 678,2484 678,2472 680,2470 681,2470 682,2469 682,2464 683,2463 684,2463 686,2461 686,2456 687,2455 688,2455 697,2446 697,2445 698,2444 699,2444 701,2442 701,2441 702,2440 703,2440 705,2438 705,2437 706,2436 726,2436 727,2438 727,2439 729,2440 832,2440 833,2442 833,2447 834,2447 835,2447 837,2450 837,2489 838,2489 1047,2489 1048,2491 1048,2493 1049,2493 1176,2493 1176,2493 1176,2445 1177,2444 1178,2444 1180,2442 1188,2442 1190,2444 1191,2444 1191,2445 1191,2450 1193,2451 1194,2451 1195,2453 1195,2458 1197,2459 1198,2459 1199,2461 1199,2469 1201,2470 1202,2470 1202,2471 1202,2476 1205,2478 1206,2478 1206,2479 1206,2496 1207,2496 1572,2496 1572,2496 1572,2480 1575,2477 1576,2477 1576,2477 1576,2468 1578,2466 1579,2466 1580,2465 1580,2456 1581,2455 1582,2455 1584,2453 1584,2452 1585,2451 1590,2451 1591,2450 1591,2449 1592,2448 1593,2448 1595,2446 1595,2445 1596,2444 1597,2444 1598,2443 1606,2443 1606,2443 1606,2442 1608,2440 1621,2440 1621,2441 1621,2442 1624,2444 1628,2444 1629,2446 1629,2447 1630,2447 1722,2447 1723,2449 1723,2450 1724,2450 1725,2451 1726,2451 1727,2453 1727,2458 1729,2459 1730,2459 1731,2461 1731,2493 1732,2493 1775,2493 1776,2495 1776,2496 1777,2496 1854,2496 1855,2498 1855,2499 1857,2500 1858,2500 1859,2502 1859,2503 1861,2504 1862,2504 1862,2505 1862,2506 1865,2508 1866,2508 1866,2509 1866,2510 1869,2512 1870,2512 1870,2513 1870,2522 1872,2523 1873,2523 1874,2525 1874,2545 1875,2545 2010,2545 2010,2545 2010,2457 2016,2451 2130,2451 2130,2452 2130,2453 2131,2454 2131,2458 2133,2459 2134,2459 2134,2460 2134,2500 2135,2500 2322,2500 2323,2499 2323,2498 2325,2496 2326,2496 2326,2496 2327,2495 2327,2494 2328,2493 2329,2493 2330,2492 2330,2491 2332,2489 2459,2489 2459,2489 2459,2449 2461,2447 2462,2447 2462,2447 2462,2446 2464,2444 2465,2444 2466,2443 2475,2443 2476,2444 2477,2444 2478,2446 2478,2454 2484,2459 2485,2459 2485,2460 2485,2469 2487,2470 2488,2470 2489,2472 2489,2477 2490,2477 2491,2477 2493,2480 2493,2485 2494,2485 2495,2485 2496,2487 2496,2488 2497,2489 2497,2496 2498,2496 2617,2496 2617,2496 2617,2495 2619,2493 2866,2493 2866,2494 2866,2495 2868,2496 2891,2496 2893,2499 2893,2500 2894,2500 2899,2500 2900,2502 2900,2503 2902,2504 2903,2504 2904,2506 2904,2511 2905,2511 2906,2511 2908,2514 2908,2519 2909,2519 2910,2519 2911,2521 2911,2545 2912,2545 3096,2545 3096,2545 3096,2502 3098,2500 3100,2500 3100,2500 3100,2468 3102,2466 3103,2466 3104,2465 3104,2456 3105,2455 3145,2455 3145,2455 3145,2453 3147,2451 3148,2451 3149,2450 3149,2445 3150,2444 3151,2444 3152,2443 3162,2443 3163,2444 3164,2444 3164,2445 3164,2446 3170,2451 3171,2451 3171,2452 3171,2453 3172,2454 3172,2489 3173,2489 3405,2489 3405,2489 3405,2473 3406,2472 3406,2471 3407,2470 3424,2470 3424,2471 3424,2478 3425,2479 3424,2480 3424,2481 3424,2481 3423,2481 3421,2483 3421,2484 3420,2485 3418,2485 3417,2486 3417,2526 3417,2526 3416,2526 3413,2529 3413,2533 3412,2534 3411,2534 3410,2535 3410,2536 3408,2538 3392,2538 3391,2539 3391,2540 3389,2542 3346,2542 3345,2543 3345,2564 3345,2564 3344,2564 3341,2567 3341,2568 3341,2568 3226,2568 3225,2569 3225,2570 3223,2572 3124,2572 3123,2573 3123,2578 3122,2579 3121,2579 3119,2581 3119,2597 3118,2598 3117,2598 3115,2600 3115,2601 3115,2601 3114,2602 3113,2602 3111,2604 3111,2609 3110,2610 3109,2610 3108,2611 3108,2615 3107,2616 3107,2617 3107,2617 3106,2617 3104,2619 3104,2620 3103,2621 3094,2621 3093,2621 3093,2620 3091,2617 3090,2617 3089,2617 3089,2607 3089,2606 2875,2606 2874,2607 2874,2620 2873,2621 2872,2621 2868,2625 2838,2625 2836,2624 2836,2623 2835,2621 2834,2621 2832,2620 2832,2577 2832,2576 2355,2576 2353,2578 2353,2579 2353,2579 2086,2579 2085,2579 2085,2577 2085,2576 1997,2576 1906,2576 1904,2578 1904,2579 1904,2579 1672,2579 1670,2578 1670,2577 1670,2576 1580,2576 1579,2577 1579,2633 1579,2633"/><TextEquiv index="1"><Unicode>poſoient à ma fuite. Tout-à-coup, j'en-</Unicode></TextEquiv></TextLine><TextLine id="r0_l011"><Coords points="1615,2822 1614,2822 1614,2796 1614,2795 1422,2795 1421,2794 1415,2794 1414,2794 1414,2765 1414,2764 1144,2764 1142,2763 1142,2762 1142,2761 583,2761 582,2760 581,2760 580,2760 580,2759 579,2757 511,2757 504,2751 504,2694 504,2693 503,2693 501,2692 501,2679 502,2678 503,2678 504,2677 508,2677 508,2677 508,2676 510,2674 511,2674 512,2673 512,2672 514,2670 757,2670 757,2670 757,2634 758,2633 759,2633 761,2631 761,2630 762,2629 763,2629 764,2628 768,2628 769,2627 769,2626 770,2625 779,2625 780,2627 780,2628 781,2628 1288,2628 1289,2630 1289,2632 1290,2632 2484,2632 2485,2634 2485,2635 2487,2636 2488,2636 2489,2638 2489,2639 2490,2639 2491,2639 2493,2642 2493,2666 2494,2666 3318,2666 3319,2668 3319,2670 3320,2670 3401,2670 3402,2672 3402,2673 3404,2674 3405,2674 3406,2676 3406,2677 3407,2677 3408,2677 3409,2679 3409,2680 3411,2681 3412,2681 3413,2683 3413,2688 3415,2689 3416,2689 3417,2691 3417,2729 3419,2730 3420,2730 3421,2732 3421,2733 3420,2734 3419,2734 3417,2736 3417,2741 3417,2741 3416,2741 3409,2748 3409,2749 3409,2749 3404,2749 3402,2751 3402,2752 3401,2753 3400,2753 3398,2755 3398,2756 3397,2757 3105,2757 3104,2758 3104,2801 3103,2802 3102,2802 3101,2803 3100,2804 3100,2805 3099,2806 3068,2806 3066,2805 3066,2804 3065,2802 3060,2802 3059,2802 3059,2801 3058,2800 3058,2792 3058,2791 2678,2791 2677,2792 2677,2815 2677,2815 2667,2815 2666,2815 2666,2792 2666,2791 1777,2791 1776,2792 1776,2793 1774,2795 1773,2795 1772,2796 1772,2797 1767,2802 1766,2802 1765,2803 1765,2804 1763,2806 1755,2806 1753,2808 1753,2809 1753,2809 1752,2809 1751,2810 1743,2810 1742,2811 1742,2812 1741,2813 1725,2813 1723,2815 1723,2816 1722,2817 1634,2817 1633,2818 1633,2821 1632,2822"/><TextEquiv index="1"><Unicode>tends ouvrir, à grand bruit, ma porte</Unicode></TextEquiv></TextLine><TextLine id="r0_l012"><Coords points="1525,2998 1523,2997 1523,2950 1523,2949 1026,2949 1025,2950 1025,2956 1024,2957 1023,2957 1021,2959 1021,2967 1020,2968 1019,2968 1018,2969 1018,2970 1016,2972 1015,2972 1014,2973 1014,2978 1013,2979 1012,2979 1010,2981 1010,2982 1009,2983 1008,2983 1006,2985 1006,2986 1005,2987 1004,2987 1003,2988 1003,2989 1001,2991 1000,2991 999,2992 999,2993 998,2994 989,2994 987,2993 987,2947 987,2946 838,2946 836,2948 836,2949 836,2949 819,2949 818,2949 818,2948 816,2945 600,2945 599,2945 599,2944 598,2942 511,2942 508,2940 508,2939 508,2938 503,2938 501,2937 501,2936 500,2934 499,2934 497,2933 497,2932 496,2930 495,2930 493,2929 493,2921 492,2919 491,2919 490,2919 490,2918 489,2917 489,2891 491,2889 492,2889 493,2888 493,2883 495,2881 496,2881 496,2881 497,2880 497,2879 498,2878 499,2878 500,2877 504,2877 505,2876 505,2875 506,2874 507,2874 508,2873 508,2872 510,2870 522,2870 524,2868 524,2867 525,2866 531,2866 531,2866 531,2815 533,2813 564,2813 565,2815 565,2866 566,2866 746,2866 746,2866 746,2849 748,2847 749,2847 750,2846 750,2841 751,2840 752,2840 753,2839 753,2835 756,2832 757,2832 757,2832 757,2827 760,2824 761,2824 761,2824 761,2823 763,2821 764,2821 765,2820 765,2819 767,2817 772,2817 772,2817 772,2816 775,2813 791,2813 791,2813 791,2812 794,2809 797,2809 799,2812 799,2813 800,2813 805,2813 806,2815 806,2862 807,2862 892,2862 893,2864 893,2866 894,2866 922,2866 923,2868 923,2870 924,2870 1614,2870 1614,2870 1614,2823 1615,2822 1632,2822 1635,2825 1636,2825 1636,2826 1636,2831 1638,2832 1639,2832 1640,2834 1640,2835 1642,2836 1643,2836 1644,2838 1644,2843 1645,2843 1646,2843 1648,2846 1648,2850 1655,2857 1655,2866 1656,2866 2062,2866 2062,2866 2062,2865 2065,2862 2144,2862 2146,2865 2146,2866 2147,2866 2658,2866 2658,2866 2658,2824 2659,2823 2659,2822 2660,2821 2661,2821 2663,2819 2663,2818 2664,2817 2665,2817 2667,2815 2678,2815 2678,2816 2678,2817 2679,2817 2891,2817 2895,2813 2899,2813 2900,2812 2900,2811 2901,2810 2902,2810 2903,2809 2913,2809 2914,2810 2915,2810 2915,2811 2915,2812 2917,2813 2918,2813 2919,2815 2919,2855 2920,2855 3153,2855 3153,2855 3153,2815 3155,2813 3160,2813 3160,2813 3160,2812 3162,2810 3302,2810 3303,2809 3324,2809 3325,2810 3326,2810 3326,2811 3326,2812 3328,2813 3329,2813 3330,2815 3330,2862 3331,2862 3393,2862 3394,2864 3394,2865 3395,2866 3396,2866 3397,2866 3398,2868 3398,2877 3399,2877 3400,2877 3402,2880 3402,2911 3403,2911 3415,2911 3421,2918 3421,2925 3419,2927 3418,2927 3417,2928 3417,2933 3416,2934 3411,2934 3409,2936 3409,2937 3408,2938 3355,2938 3353,2937 3353,2936 3352,2934 3302,2934 3300,2933 3300,2932 3299,2930 3057,2930 3055,2932 3055,2933 3054,2934 3045,2934 3044,2935 3044,2936 3042,2938 2963,2938 2960,2936 2960,2935 2960,2934 2607,2934 2606,2935 2606,2986 2605,2987 2574,2987 2572,2986 2572,2985 2572,2984 2571,2983 2570,2983 2568,2982 2568,2939 2568,2938 2215,2938 2214,2939 2214,2940 2212,2942 2204,2942 2202,2944 2202,2945 2202,2945 1782,2945 1779,2948 1779,2949 1779,2949 1562,2949 1561,2950 1561,2993 1559,2995 1558,2995 1557,2996 1557,2997 1556,2998"/><TextEquiv index="1"><Unicode>de fer; mon père entre un piſtolet à la</Unicode></TextEquiv></TextLine><TextLine id="r0_l013"><Coords points="1136,3177 1135,3177 1135,3116 1135,3115 887,3115 886,3116 886,3117 884,3119 883,3119 882,3120 882,3125 881,3126 871,3126 870,3127 578,3127 576,3129 576,3130 576,3130 495,3130 493,3129 493,3061 496,3058 500,3058 501,3057 501,3056 502,3055 507,3055 508,3054 508,3053 510,3051 712,3051 712,3051 712,3008 718,3002 730,3002 731,3004 731,3005 732,3005 733,3006 734,3006 735,3008 735,3051 736,3051 779,3051 780,3053 780,3055 781,3055 825,3055 825,3056 825,3057 828,3059 829,3059 829,3060 829,3065 831,3066 832,3066 833,3068 833,3074 834,3074 1001,3074 1002,3073 1002,3069 1003,3068 1003,3067 1004,3066 1009,3066 1010,3065 1010,3064 1012,3062 1055,3062 1055,3062 1055,3061 1058,3058 1172,3058 1172,3058 1172,3015 1174,3013 1175,3013 1176,3012 1176,3011 1177,3010 1178,3010 1179,3009 1417,3009 1417,3009 1417,3008 1419,3006 1424,3006 1425,3005 1425,3004 1427,3002 1435,3002 1436,3001 1436,3000 1438,2998 1439,2998 1440,3000 1440,3002 1441,3002 1485,3002 1485,3003 1485,3004 1488,3006 1489,3006 1489,3007 1489,3043 1490,3043 1911,3043 1911,3043 1911,3042 1913,3040 1997,3040 1998,3039 2108,3039 2108,3039 2108,3011 2109,3010 2110,3010 2112,3008 2112,3007 2113,3006 2114,3006 2115,3005 2115,3004 2117,3002 2130,3002 2130,3003 2130,3004 2131,3004 2133,3006 2134,3006 2134,3007 2134,3043 2135,3043 2405,3043 2406,3042 2406,3041 2407,3040 2572,3040 2572,3040 2572,2996 2574,2994 2632,2994 2632,2994 2632,2993 2633,2992 2634,2991 2635,2991 2636,2990 2836,2990 2836,2990 2836,2989 2838,2987 2843,2987 2843,2988 2843,2989 2844,2990 2844,2994 2845,2994 2846,2994 2847,2996 2847,3096 2848,3096 3017,3096 3017,3096 3017,3015 3019,3013 3020,3013 3021,3012 3021,3012 3021,3011 3022,3010 3023,3010 3025,3008 3025,3007 3026,3006 3031,3006 3032,3005 3032,3004 3034,3002 3035,3002 3036,3004 3036,3005 3038,3006 3039,3006 3040,3007 3040,3008 3040,3009 3041,3009 3042,3009 3043,3011 3043,3012 3045,3013 3046,3013 3047,3015 3047,3040 3048,3040 3208,3040 3209,3039 3209,3038 3211,3036 3251,3036 3251,3036 3251,3000 3253,2998 3254,2998 3255,2997 3255,2996 3257,2994 3379,2994 3379,2994 3379,2993 3381,2991 3382,2991 3383,2990 3399,2990 3400,2991 3401,2991 3402,2993 3402,2994 3403,2994 3404,2994 3406,2997 3406,3001 3408,3002 3409,3002 3409,3003 3409,3005 3410,3006 3410,3107 3411,3107 3415,3107 3417,3110 3417,3122 3417,3122 3416,3122 3415,3123 3358,3123 3357,3124 3357,3125 3356,3126 3354,3126 3353,3126 3353,3125 3352,3123 3037,3123 3036,3124 3036,3144 3035,3145 3034,3145 3032,3147 3032,3152 3031,3153 3030,3153 3028,3155 3028,3156 3027,3157 3026,3157 3025,3158 3025,3159 3024,3160 3023,3160 3021,3162 3021,3163 3020,3164 3019,3164 3018,3165 3017,3166 3017,3167 3016,3168 3011,3168 3010,3168 3010,3167 3009,3166 3009,3154 3009,3153 2910,3153 2908,3152 2908,3151 2907,3150 2907,3120 2907,3119 2706,3119 2704,3121 2704,3122 2703,3123 2589,3123 2588,3122 2465,3122 2420,3122 2419,3123 2416,3123 2413,3121 2413,3120 2413,3119 2136,3119 2134,3121 2134,3130 2134,3130 2113,3130 2112,3130 2112,3129 2110,3126 2109,3126 2108,3126 2108,3120 2108,3119 1925,3119 1923,3121 1923,3122 1923,3122 1922,3122 1921,3123 1819,3123 1817,3125 1817,3126 1817,3126 1816,3126 1815,3127 1639,3127 1638,3128 1638,3176 1638,3176 1631,3176 1630,3176 1630,3128 1630,3127 1587,3127 1586,3126 1585,3126 1584,3126 1583,3125 1583,3124 1583,3123 1271,3123 1270,3124 1270,3177 1270,3177"/><TextEquiv index="1"><Unicode>main. „Malheureux! me dit-il, je t'ai</Unicode></TextEquiv></TextLine><TextLine id="r0_l014"><Coords points="2287,3364 2285,3363 2285,3362 2284,3360 2275,3360 2274,3360 2274,3359 2273,3357 2272,3357 2270,3356 2270,3312 2270,3311 2230,3311 2229,3311 2229,3310 2228,3308 2045,3308 2044,3309 2044,3310 2043,3311 1852,3311 1851,3312 1851,3360 1851,3360 1850,3360 1847,3363 1847,3364 1847,3364 1827,3364 1825,3363 1825,3362 1824,3360 1808,3360 1806,3359 1806,3312 1806,3311 1283,3311 1282,3311 1282,3310 1281,3308 1056,3308 1055,3309 1055,3311 1055,3311 1054,3311 1052,3313 1052,3321 1050,3323 1049,3323 1048,3324 1048,3333 1047,3334 1046,3334 1044,3336 1044,3341 1044,3341 1043,3341 1040,3344 1040,3348 1039,3349 1038,3349 1037,3350 1037,3351 1035,3353 1031,3353 1029,3355 1029,3356 1029,3356 1026,3356 1025,3356 1025,3355 1024,3353 1020,3353 1016,3349 1015,3349 1014,3349 1014,3316 1014,3315 721,3315 720,3316 720,3317 718,3319 714,3319 712,3318 712,3317 711,3315 703,3315 692,3304 499,3304 497,3303 497,3302 496,3300 495,3300 493,3299 493,3298 492,3297 492,3296 491,3296 489,3295 492,3292 493,3292 493,3292 493,3291 495,3289 496,3289 497,3288 497,3257 501,3253 501,3252 502,3251 541,3251 542,3250 542,3249 544,3247 692,3247 697,3242 697,3241 698,3240 699,3240 701,3238 701,3237 702,3236 707,3236 708,3235 708,3234 710,3232 726,3232 727,3234 727,3235 729,3236 960,3236 961,3235 961,3234 963,3232 1123,3232 1123,3232 1123,3208 1126,3205 1127,3205 1127,3205 1127,3192 1128,3191 1129,3191 1131,3189 1131,3185 1133,3183 1134,3183 1134,3183 1134,3178 1135,3177 1270,3177 1272,3179 1273,3179 1274,3181 1274,3182 1276,3183 1621,3183 1621,3183 1621,3181 1623,3179 1628,3179 1629,3178 1629,3177 1630,3176 1640,3176 1640,3177 1640,3178 1642,3179 1643,3179 1644,3181 1644,3228 1645,3228 1835,3228 1836,3230 1836,3232 1837,3232 2035,3232 2036,3231 2036,3230 2038,3228 2225,3228 2225,3228 2225,3218 2226,3217 2227,3217 2228,3216 2228,3212 2231,3209 2232,3209 2232,3209 2232,3197 2235,3194 2236,3194 2236,3194 2236,3181 2238,3179 2239,3179 2240,3178 2240,3177 2242,3175 2250,3175 2251,3177 2251,3178 2252,3179 2253,3179 2254,3179 2255,3181 2255,3228 2256,3228 2454,3228 2455,3227 2455,3226 2456,3225 2543,3225 2544,3224 2545,3224 2545,3224 2545,3216 2549,3212 2549,3204 2551,3202 2552,3202 2553,3201 2553,3196 2555,3194 2556,3194 2557,3193 2557,3192 2558,3191 2559,3191 2560,3190 2560,3186 2561,3185 2561,3184 2562,3183 2563,3183 2565,3181 2565,3180 2566,3179 2575,3179 2576,3178 2576,3177 2578,3175 2597,3175 2598,3177 2598,3178 2599,3178 2600,3179 2601,3179 2602,3181 2602,3225 2603,3225 2685,3225 2685,3226 2685,3228 2686,3228 3126,3228 3126,3228 3126,3182 3127,3181 3127,3180 3128,3179 3175,3179 3175,3179 3175,3178 3178,3175 3189,3175 3191,3178 3191,3179 3192,3179 3212,3179 3213,3181 3213,3182 3215,3183 3224,3183 3224,3184 3224,3185 3227,3187 3231,3187 3232,3189 3232,3190 3233,3190 3238,3190 3240,3193 3240,3194 3241,3194 3242,3194 3244,3197 3244,3198 3245,3198 3246,3198 3247,3200 3247,3201 3248,3201 3249,3202 3250,3202 3251,3204 3251,3205 3252,3205 3253,3206 3254,3206 3255,3208 3255,3213 3256,3213 3257,3213 3258,3215 3258,3216 3259,3217 3259,3228 3260,3228 3321,3228 3323,3231 3323,3232 3324,3232 3329,3232 3330,3234 3330,3235 3332,3236 3333,3236 3334,3238 3334,3243 3335,3243 3336,3243 3338,3246 3338,3255 3339,3255 3416,3255 3417,3257 3417,3276 3415,3278 3414,3278 3413,3279 3413,3280 3412,3281 3400,3281 3398,3283 3398,3284 3397,3285 3343,3285 3342,3286 3342,3297 3341,3298 3341,3299 3329,3311 3188,3311 3187,3311 3187,3310 3186,3308 2634,3308 2632,3310 2632,3311 2632,3311 2536,3311 2534,3310 2534,3309 2534,3308 2313,3308 2312,3309 2312,3358 2311,3359 2311,3360 2311,3360 2310,3360 2308,3362 2308,3363 2307,3364"/><TextEquiv index="1"><Unicode>“envoyé à Paris pour épouſer une De-</Unicode></TextEquiv></TextLine><TextLine id="r0_l015"><Coords points="1386,3557 1385,3557 1385,3501 1385,3500 1347,3500 1346,3501 1346,3514 1345,3515 1344,3515 1342,3517 1342,3518 1341,3519 1340,3519 1339,3520 1338,3521 1338,3522 1338,3522 1337,3522 1336,3523 1334,3525 1334,3526 1334,3526 1325,3526 1323,3528 1323,3529 1322,3530 1310,3530 1308,3529 1308,3528 1308,3527 1307,3526 1306,3526 1304,3525 1304,3501 1304,3500 1061,3500 1059,3502 1059,3503 1058,3504 1054,3504 1051,3502 1051,3501 1051,3500 699,3500 697,3499 697,3498 696,3496 691,3496 689,3495 689,3490 689,3489 511,3489 508,3487 508,3486 508,3485 507,3485 504,3483 504,3480 507,3477 508,3477 508,3477 508,3442 511,3439 512,3439 512,3439 512,3438 514,3436 522,3436 524,3434 524,3433 525,3432 560,3432 561,3431 561,3430 563,3428 693,3428 693,3428 693,3426 694,3425 695,3425 696,3424 700,3424 701,3423 701,3422 702,3421 790,3421 791,3420 923,3420 923,3420 923,3374 926,3371 927,3371 927,3371 927,3370 929,3368 1114,3368 1116,3366 1116,3365 1117,3364 1175,3364 1176,3366 1176,3413 1177,3413 1239,3413 1240,3415 1240,3416 1242,3417 1243,3417 1244,3419 1244,3420 1246,3421 1251,3421 1251,3422 1251,3423 1252,3424 1252,3428 1253,3428 1254,3428 1255,3430 1255,3431 1257,3432 1258,3432 1259,3434 1259,3442 1262,3444 1263,3444 1263,3445 1263,3473 1264,3473 1444,3473 1444,3473 1444,3452 1445,3451 1446,3451 1461,3436 1465,3436 1466,3435 1466,3397 1469,3394 1470,3394 1470,3394 1470,3393 1473,3390 1474,3390 1474,3390 1474,3389 1480,3383 1511,3383 1512,3385 1512,3386 1514,3387 1515,3387 1516,3389 1516,3394 1517,3394 1518,3394 1519,3396 1519,3413 1520,3413 1699,3413 1700,3415 1700,3417 1701,3417 1948,3417 1950,3415 1950,3414 1951,3413 1956,3413 1957,3415 1957,3417 1958,3417 2393,3417 2397,3413 2405,3413 2406,3412 2406,3411 2408,3409 2412,3413 2492,3413 2492,3414 2492,3415 2495,3417 2843,3417 2843,3417 2843,3393 2846,3390 2847,3390 2847,3390 2847,3385 2849,3383 2850,3383 2851,3382 2851,3377 2852,3376 2853,3376 2853,3376 2855,3374 2855,3373 2856,3372 2861,3372 2862,3371 2862,3370 2864,3368 2903,3368 2904,3370 2904,3371 2906,3372 2911,3372 2911,3373 2911,3413 2912,3413 3024,3413 3024,3414 3024,3415 3027,3417 3153,3417 3153,3417 3153,3369 3154,3368 3175,3368 3175,3369 3175,3370 3178,3372 3179,3372 3179,3373 3179,3417 3180,3417 3303,3417 3303,3417 3303,3416 3304,3415 3304,3414 3305,3413 3307,3413 3307,3414 3307,3415 3310,3417 3409,3417 3409,3418 3409,3419 3412,3421 3416,3421 3417,3423 3417,3424 3418,3424 3419,3424 3421,3427 3421,3477 3422,3477 3423,3477 3424,3479 3424,3480 3425,3481 3425,3492 3426,3492 3427,3492 3428,3494 3428,3507 3428,3507 3427,3507 3424,3510 3424,3514 3423,3515 3422,3515 3421,3516 3421,3521 3419,3523 3418,3523 3417,3524 3417,3525 3415,3527 3414,3527 3413,3528 3413,3529 3412,3530 3407,3530 3406,3531 3406,3532 3400,3538 3385,3538 3383,3537 3383,3501 3383,3500 3294,3500 3293,3500 3293,3499 3291,3496 3106,3496 3104,3498 3104,3499 3103,3500 2589,3500 2587,3498 2414,3498 2412,3500 2125,3500 2123,3502 2123,3503 2123,3503 2122,3503 2121,3504 2118,3504 2115,3502 2115,3501 2115,3500 2012,3500 1913,3500 1912,3501 1912,3502 1910,3504 1717,3504 1716,3505 1716,3547 1715,3548 1715,3549 1715,3549 1668,3549 1667,3549 1667,3548 1665,3545 1664,3545 1663,3545 1663,3501 1663,3500 1398,3500 1397,3501 1397,3557 1397,3557"/><TextEquiv index="1"><Unicode>“moiſelle, &amp; pour entrer au Service;</Unicode></TextEquiv></TextLine><TextLine id="r0_l016"><Coords points="2750,3743 2749,3743 2749,3690 2749,3689 2570,3689 2567,3692 2558,3692 2557,3692 2557,3691 2556,3689 2149,3689 2148,3688 2147,3688 2146,3688 2146,3687 2145,3685 1951,3685 1949,3687 1949,3688 1949,3688 1948,3688 1947,3689 1460,3689 1459,3690 1459,3691 1458,3692 1442,3692 1440,3691 1440,3690 1440,3689 1257,3689 1255,3691 1255,3692 1255,3692 1249,3692 1248,3692 1248,3691 1247,3689 845,3689 804,3689 803,3690 803,3691 802,3692 793,3692 791,3691 791,3690 791,3689 704,3689 703,3688 702,3688 701,3688 701,3687 700,3685 699,3685 698,3684 697,3684 697,3683 696,3681 503,3681 500,3679 500,3678 500,3677 499,3677 497,3676 497,3671 498,3670 499,3670 501,3668 501,3634 507,3628 511,3628 512,3627 512,3626 513,3625 514,3625 515,3624 545,3624 548,3621 549,3621 550,3620 689,3620 689,3620 689,3616 690,3615 690,3614 691,3613 692,3613 693,3612 693,3611 694,3610 695,3610 695,3610 697,3608 697,3607 698,3606 699,3606 701,3604 701,3603 702,3602 708,3602 708,3603 708,3604 711,3606 712,3606 712,3607 712,3609 713,3609 1010,3609 1010,3609 1010,3570 1016,3564 1017,3564 1017,3564 1017,3563 1020,3560 1031,3560 1039,3568 1040,3568 1040,3569 1040,3609 1041,3609 1145,3609 1146,3608 1146,3607 1147,3606 1148,3606 1149,3605 1255,3605 1255,3605 1255,3604 1257,3602 1258,3602 1259,3601 1259,3585 1261,3583 1262,3583 1263,3582 1263,3577 1265,3575 1266,3575 1266,3575 1266,3571 1267,3570 1267,3569 1268,3568 1273,3568 1274,3567 1274,3566 1276,3564 1281,3564 1281,3564 1281,3563 1284,3560 1289,3560 1289,3560 1289,3559 1292,3556 1310,3556 1311,3557 1398,3557 1399,3559 1399,3560 1400,3560 1401,3560 1402,3562 1402,3602 1403,3602 1443,3602 1444,3604 1444,3605 1445,3605 1446,3605 1447,3606 1663,3606 1663,3606 1663,3565 1664,3564 1665,3564 1669,3560 1802,3560 1802,3560 1802,3559 1805,3556 1809,3556 1810,3555 1810,3554 1811,3553 1817,3553 1817,3554 1817,3560 1818,3560 1854,3560 1855,3562 1855,3563 1857,3564 1862,3564 1862,3565 1862,3566 1865,3568 1866,3568 1866,3569 1866,3570 1867,3570 1869,3572 1870,3572 1870,3573 1870,3605 1871,3605 1989,3605 1990,3606 2228,3606 2228,3606 2228,3563 2231,3560 2232,3560 2232,3560 2232,3559 2235,3556 2349,3556 2349,3556 2349,3555 2351,3553 2356,3553 2357,3555 2357,3556 2358,3556 2359,3556 2361,3559 2361,3560 2362,3560 2408,3560 2413,3566 2413,3574 2415,3575 2416,3575 2417,3577 2417,3605 2418,3605 2605,3605 2606,3604 2606,3603 2607,3602 2617,3602 2617,3603 2617,3605 2618,3605 2952,3605 2953,3604 2953,3603 2954,3602 2959,3602 2961,3600 2961,3599 2962,3598 2971,3598 2972,3600 2972,3605 2973,3605 3171,3605 3172,3604 3172,3603 3173,3602 3217,3602 3217,3602 3217,3562 3219,3560 3235,3560 3236,3562 3236,3563 3238,3564 3239,3564 3239,3565 3239,3566 3242,3568 3243,3568 3243,3569 3243,3602 3244,3602 3356,3602 3356,3603 3356,3604 3358,3605 3392,3605 3393,3606 3394,3606 3394,3607 3394,3608 3396,3609 3397,3609 3398,3611 3398,3612 3400,3613 3405,3613 3405,3614 3405,3615 3406,3616 3406,3620 3408,3621 3409,3621 3409,3622 3409,3664 3413,3668 3413,3669 3414,3669 3415,3669 3416,3670 3420,3670 3421,3672 3421,3683 3415,3689 3280,3689 3277,3687 3277,3686 3277,3685 3165,3685 2977,3685 2976,3686 2976,3687 2974,3689 2932,3689 2931,3690 2931,3741 2931,3741 2920,3741 2919,3741 2919,3690 2919,3689 2867,3689 2866,3690 2866,3695 2865,3696 2864,3696 2862,3698 2862,3703 2861,3704 2860,3704 2859,3705 2859,3709 2858,3710 2858,3711 2858,3711 2857,3711 2855,3713 2855,3717 2847,3725 2847,3726 2847,3726 2842,3726 2840,3728 2840,3729 2839,3730 2830,3730 2828,3729 2828,3690 2828,3689 2757,3689 2756,3690 2756,3743 2756,3743"/><TextEquiv index="1"><Unicode>“tu n'as fait ni l'un ni l'autre; tu t'en</Unicode></TextEquiv></TextLine><TextLine id="r0_l017"><Coords points="722,3881 719,3879 719,3878 719,3877 710,3877 708,3876 708,3875 707,3873 706,3873 705,3872 704,3872 704,3871 704,3870 703,3870 701,3869 701,3868 700,3866 503,3866 501,3865 501,3864 500,3862 499,3862 497,3861 497,3815 498,3814 498,3813 238,3813 237,3813 237,3806 236,3805 237,3804 237,3803 238,3802 258,3802 259,3801 259,3800 261,3798 927,3798 927,3798 927,3785 929,3783 930,3783 931,3782 931,3773 932,3772 933,3772 934,3771 934,3764 935,3763 935,3762 937,3760 938,3760 938,3760 938,3759 941,3756 942,3756 942,3756 942,3755 948,3749 952,3749 954,3747 954,3746 955,3745 960,3745 961,3744 961,3743 963,3741 982,3741 986,3745 2748,3745 2750,3743 2919,3743 2919,3743 2919,3742 2920,3741 2933,3741 2934,3743 2934,3756 2935,3756 3064,3756 3065,3757 3066,3757 3066,3758 3066,3759 3068,3760 3069,3760 3070,3762 3070,3763 3072,3764 3073,3764 3073,3765 3073,3766 3076,3768 3077,3768 3077,3769 3077,3786 3078,3786 3135,3786 3136,3787 3137,3787 3137,3788 3138,3789 3138,3790 3139,3790 3238,3790 3240,3793 3240,3794 3241,3794 3333,3794 3334,3796 3334,3797 3336,3798 3341,3798 3341,3799 3341,3811 3342,3812 3342,3813 3343,3813 3344,3813 3345,3815 3345,3817 3346,3817 3413,3817 3413,3818 3413,3819 3417,3823 3417,3842 3416,3843 3415,3843 3414,3844 3414,3845 3412,3847 3361,3847 3360,3848 3360,3877 3360,3877 2510,3877 2507,3880 2507,3881 2507,3881"/><TextEquiv index="1"><Unicode>“es fermé la voie. Tu t'es ruiné &amp; en-</Unicode></TextEquiv></TextLine><TextLine id="r0_l018"><Coords points="498,3931 3426,3931 3426,4112 498,4112"/><TextEquiv index="1"><Unicode>“detté horriblement; tu t'es battu; tu</Unicode></TextEquiv></TextLine><TextLine id="r0_l019"><Coords points="3079,4308 3078,4308 3078,4286 3078,4285 2967,4285 2964,4283 2964,4255 2964,4254 2464,4254 2462,4253 2462,4252 2462,4251 2117,4251 2116,4252 2116,4253 2115,4254 1733,4254 1732,4255 1577,4255 1576,4256 1576,4257 1575,4258 1566,4258 1565,4258 1565,4257 1563,4254 1378,4254 1377,4255 1376,4255 1375,4254 1132,4254 1131,4254 1131,4253 1130,4251 898,4251 897,4252 897,4253 896,4254 710,4254 708,4253 708,4252 708,4251 707,4251 704,4249 704,4248 704,4247 703,4247 700,4245 700,4244 700,4243 502,4243 501,4243 501,4196 503,4194 504,4194 504,4194 504,4193 507,4190 542,4190 542,4190 542,4189 545,4186 693,4186 693,4186 693,4181 695,4179 696,4179 696,4179 697,4178 697,4177 699,4175 700,4175 701,4174 701,4173 703,4171 708,4171 708,4171 708,4170 710,4168 712,4168 712,4169 712,4170 718,4175 750,4175 750,4175 750,4135 751,4134 752,4134 752,4134 754,4132 754,4131 755,4130 772,4130 772,4131 772,4132 774,4134 775,4134 776,4134 776,4135 776,4140 778,4141 779,4141 780,4143 780,4175 781,4175 980,4175 980,4175 980,4131 981,4130 982,4130 984,4128 984,4124 986,4122 1001,4122 1003,4125 1003,4126 1004,4126 1005,4126 1006,4128 1006,4167 1007,4167 1136,4167 1137,4168 1138,4168 1138,4169 1138,4171 1139,4171 1364,4171 1364,4171 1364,4130 1365,4129 1365,4128 1367,4126 1368,4126 1368,4126 1368,4125 1371,4122 1514,4122 1516,4125 1516,4126 1517,4126 1522,4126 1523,4128 1523,4129 1525,4130 1526,4130 1527,4132 1527,4171 1528,4171 1704,4171 1704,4171 1704,4128 1706,4126 1711,4126 1712,4125 1712,4124 1714,4122 1729,4122 1731,4125 1731,4126 1732,4126 1733,4126 1734,4128 1734,4129 1735,4130 1735,4171 1736,4171 1850,4171 1851,4173 1851,4175 1852,4175 2062,4175 2062,4175 2062,4174 2065,4171 2303,4171 2304,4170 2304,4162 2306,4160 2307,4160 2308,4159 2308,4154 2309,4153 2310,4153 2312,4151 2312,4150 2313,4149 2314,4149 2315,4148 2315,4147 2316,4146 2317,4145 2318,4145 2319,4144 2319,4139 2320,4138 2321,4138 2322,4137 2326,4137 2327,4136 2327,4135 2328,4134 2333,4134 2334,4133 2334,4132 2336,4130 2341,4130 2341,4130 2341,4129 2344,4126 2360,4126 2360,4126 2360,4125 2363,4122 2378,4122 2380,4125 2380,4126 2381,4126 2405,4126 2406,4128 2406,4129 2408,4130 2413,4130 2413,4131 2413,4132 2416,4134 2417,4134 2417,4135 2417,4167 2418,4167 2581,4167 2582,4168 2583,4168 2583,4169 2583,4170 2585,4171 2865,4171 2868,4168 2869,4168 2870,4167 2875,4167 2876,4168 2877,4168 2877,4169 2877,4174 2879,4175 2903,4175 2904,4177 2904,4228 2905,4228 3104,4228 3104,4228 3104,4180 3105,4179 3110,4179 3112,4177 3112,4176 3113,4175 3114,4175 3115,4174 3115,4173 3116,4172 3117,4172 3118,4171 3333,4171 3334,4170 3334,4169 3335,4168 3374,4168 3375,4167 3410,4167 3411,4168 3413,4168 3413,4169 3413,4170 3415,4172 3416,4172 3417,4172 3417,4173 3417,4246 3416,4247 3415,4247 3413,4249 3413,4250 3412,4251 3407,4251 3406,4252 3406,4253 3405,4254 3370,4254 3369,4255 3368,4255 3367,4254 3146,4254 3145,4255 3145,4303 3145,4303 3133,4303 3129,4307 3124,4307 3123,4307 3123,4306 3121,4303 3109,4303 3108,4303 3108,4302 3107,4301 3107,4286 3107,4285 3089,4285 3088,4286 3088,4308 3088,4308"/><TextEquiv index="1"><Unicode>“t'es introduit dans un Couvent, pour</Unicode></TextEquiv></TextLine><TextLine id="r0_l020"><Coords points="2731,4494 2730,4494 2730,4440 2730,4439 2431,4439 2429,4441 2429,4442 2428,4443 2305,4443 2304,4444 2304,4453 2302,4455 2301,4455 2300,4456 2300,4461 2299,4462 2298,4462 2297,4463 2297,4464 2295,4466 2294,4466 2293,4467 2293,4468 2291,4470 2290,4470 2289,4471 2289,4472 2288,4473 2287,4473 2285,4475 2285,4476 2284,4477 2283,4477 2282,4478 2282,4479 2280,4481 2272,4481 2270,4480 2270,4440 2270,4439 2045,4439 2044,4439 2044,4438 2043,4436 1910,4436 1909,4437 1909,4492 1909,4492 1900,4492 1899,4492 1899,4437 1899,4436 1819,4436 1817,4438 1817,4439 1817,4439 1645,4439 1644,4439 1644,4438 1643,4436 1430,4436 1429,4437 1429,4438 1428,4439 1201,4439 1198,4442 1198,4443 1198,4443 721,4443 720,4444 720,4449 718,4451 717,4451 716,4452 716,4461 715,4462 714,4462 712,4464 712,4472 711,4473 710,4473 709,4474 709,4475 707,4477 706,4477 705,4478 705,4482 704,4483 704,4484 703,4485 698,4485 697,4486 697,4487 696,4488 687,4488 686,4488 686,4487 686,4486 684,4484 683,4484 682,4484 682,4433 682,4432 510,4432 508,4434 508,4435 508,4435 506,4435 504,4434 504,4433 504,4432 499,4432 498,4432 497,4431 497,4430 496,4428 495,4428 493,4427 493,4423 497,4419 497,4381 499,4379 500,4379 500,4379 500,4378 503,4375 541,4375 545,4371 682,4371 682,4371 682,4369 683,4368 684,4368 686,4366 686,4365 687,4364 851,4364 851,4364 851,4326 852,4325 852,4324 854,4322 855,4322 855,4322 855,4321 858,4318 870,4318 870,4318 870,4314 871,4313 871,4312 872,4311 986,4311 990,4307 994,4307 995,4309 995,4310 997,4311 998,4311 999,4313 999,4360 1000,4360 1258,4360 1259,4359 1259,4358 1261,4356 1293,4356 1293,4356 1293,4317 1299,4311 1303,4311 1305,4309 1305,4308 1306,4307 1315,4307 1315,4308 1315,4309 1316,4310 1316,4356 1317,4356 1663,4356 1663,4356 1663,4312 1664,4311 1677,4311 1678,4310 1678,4309 1680,4307 1688,4307 1689,4309 1689,4310 1691,4311 1692,4311 1693,4313 1693,4360 1694,4360 1912,4360 1912,4360 1912,4346 1913,4345 1914,4345 1915,4344 1915,4340 1918,4337 1919,4337 1919,4337 1919,4328 1921,4326 1922,4326 1923,4325 1923,4324 1925,4322 1926,4322 1927,4321 1927,4320 1928,4319 1929,4319 1931,4317 1931,4316 1932,4315 1933,4315 1934,4314 1934,4313 1936,4311 1945,4311 1945,4311 1945,4310 1948,4307 2009,4307 2010,4306 2010,4305 2012,4303 2065,4303 2066,4305 2066,4306 2068,4307 2069,4307 2070,4309 2070,4356 2071,4356 2193,4356 2195,4359 2195,4360 2196,4360 2412,4360 2420,4352 2427,4352 2429,4355 2429,4356 2430,4356 2643,4356 2643,4356 2643,4355 2646,4352 2681,4352 2681,4352 2681,4321 2684,4318 2685,4318 2685,4318 2685,4317 2687,4315 2703,4315 2704,4317 2704,4318 2705,4318 2706,4318 2708,4321 2708,4322 2709,4322 2710,4322 2711,4324 2711,4325 2712,4326 2712,4356 2713,4356 2941,4356 2941,4356 2941,4348 2942,4347 2942,4346 2943,4345 2944,4345 2945,4344 2945,4336 2948,4333 2949,4333 2949,4333 2949,4332 2951,4330 2952,4330 2953,4329 2953,4320 2954,4319 2955,4319 2955,4319 2957,4317 2957,4316 2958,4315 2967,4315 2968,4314 2968,4313 2970,4311 2971,4311 2972,4310 2972,4309 2974,4307 2986,4307 2987,4306 2987,4305 2989,4303 2993,4303 2994,4305 2994,4306 2996,4307 3005,4307 3006,4308 3088,4308 3091,4311 3092,4311 3092,4312 3092,4313 3093,4314 3093,4352 3094,4352 3136,4352 3138,4355 3138,4356 3139,4356 3306,4356 3308,4359 3308,4360 3309,4360 3348,4360 3349,4362 3349,4363 3351,4364 3352,4364 3353,4366 3353,4383 3354,4383 3424,4383 3424,4384 3424,4385 3425,4386 3425,4388 3424,4389 3424,4390 3424,4390 3423,4390 3421,4392 3421,4404 3420,4405 3419,4405 3417,4407 3417,4408 3416,4409 3365,4409 3364,4410 3364,4438 3363,4439 3249,4439 3247,4441 3247,4442 3246,4443 3234,4443 3232,4442 3232,4441 3231,4439 2739,4439 2738,4440 2738,4494 2738,4494"/><TextEquiv index="1"><Unicode>“y débaucher des filles; tu t'es fait en-</Unicode></TextEquiv></TextLine><TextLine id="r0_l021"><Coords points="1512,4673 1511,4673 1511,4663 1511,4662 1201,4662 1199,4661 1199,4629 1199,4628 688,4628 684,4624 683,4624 682,4624 682,4621 682,4620 506,4620 504,4619 504,4618 504,4617 500,4617 499,4616 498,4616 497,4616 497,4591 497,4590 153,4590 152,4590 152,4565 153,4564 541,4564 542,4563 542,4562 544,4560 688,4560 697,4551 697,4535 698,4534 699,4534 701,4532 701,4520 703,4518 704,4518 704,4518 704,4517 706,4515 707,4515 708,4514 708,4513 710,4511 711,4511 712,4510 712,4509 714,4507 715,4507 716,4506 716,4506 716,4505 718,4503 719,4503 720,4502 720,4501 721,4500 722,4500 723,4499 727,4499 727,4499 727,4498 729,4496 1896,4496 1896,4496 1896,4495 1899,4492 2865,4492 2866,4494 2866,4495 2867,4496 2868,4496 2869,4496 2870,4498 2870,4499 2871,4499 2872,4499 2874,4502 2874,4537 2875,4537 3434,4537 3435,4538 3436,4538 3436,4539 3436,4551 3434,4553 3433,4553 3432,4554 3432,4555 3431,4556 3422,4556 3421,4557 3421,4630 3419,4632 3418,4632 3417,4633 3417,4646 3417,4646 3416,4646 3413,4649 3413,4650 3413,4650 3412,4650 3411,4651 3407,4651 3405,4653 3405,4654 3405,4654 3400,4654 3398,4656 3398,4657 3397,4658 3385,4658 3383,4657 3383,4656 3383,4655 3382,4655 3379,4653 3379,4633 3379,4632 2914,4632 2911,4630 2911,4629 2911,4628 1668,4628 1667,4629 1667,4637 1666,4638 1666,4639 1666,4639 1665,4639 1663,4641 1663,4645 1661,4647 1660,4647 1659,4648 1659,4653 1657,4655 1656,4655 1655,4656 1655,4657 1654,4658 1653,4658 1652,4659 1652,4660 1650,4662 1517,4662 1516,4663 1516,4673 1516,4673"/><TextEquiv index="1"><Unicode>“fermer; tu as joué une infinité de tours,</Unicode></TextEquiv></TextLine><TextLine id="r0_l022"><Coords points="1958,4860 1957,4860 1957,4802 1957,4801 1865,4801 1863,4803 1863,4804 1862,4805 1797,4805 1794,4808 1794,4809 1794,4809 1706,4809 1704,4808 1704,4807 1704,4806 1703,4805 1702,4805 1700,4804 1700,4802 1700,4801 1518,4801 1515,4804 1515,4805 1515,4805 1506,4805 1505,4806 1505,4807 1503,4809 1502,4809 1501,4809 1500,4808 1500,4807 1499,4805 1483,4805 1482,4805 1482,4804 1480,4801 1307,4801 1304,4804 1304,4805 1304,4805 842,4805 841,4806 841,4807 840,4808 840,4809 840,4809 774,4809 773,4810 773,4851 772,4852 772,4854 772,4854 771,4854 768,4857 768,4858 768,4858 737,4858 731,4853 731,4810 731,4809 722,4809 718,4805 710,4805 708,4804 708,4803 707,4801 706,4801 704,4800 704,4799 704,4798 517,4798 516,4799 516,4800 515,4801 498,4801 497,4801 497,4788 499,4786 501,4786 501,4786 501,4754 503,4752 508,4752 508,4752 508,4751 509,4750 510,4749 511,4749 512,4748 542,4748 542,4748 542,4747 544,4745 545,4745 546,4744 546,4743 548,4741 703,4741 707,4737 708,4737 708,4737 708,4736 711,4733 719,4733 720,4732 720,4731 721,4730 874,4730 874,4730 874,4687 880,4681 884,4681 885,4680 885,4679 887,4677 889,4677 889,4678 889,4679 892,4681 1077,4681 1078,4683 1078,4684 1079,4684 1084,4684 1086,4687 1086,4724 1087,4724 1195,4724 1197,4722 1281,4722 1282,4721 1282,4720 1284,4718 1376,4718 1376,4718 1376,4679 1378,4677 1382,4677 1386,4673 1518,4673 1522,4677 1523,4677 1523,4678 1523,4726 1524,4726 1782,4726 1784,4724 1784,4723 1785,4722 1946,4722 1946,4722 1946,4682 1948,4680 1949,4680 1949,4680 1949,4679 1951,4677 1956,4677 1957,4676 1957,4675 1959,4673 1964,4673 1964,4673 1964,4672 1967,4669 1971,4669 1972,4671 1972,4672 1973,4673 1974,4673 1975,4673 1976,4675 1976,4726 1977,4726 2236,4726 2236,4726 2236,4683 2242,4677 2250,4677 2251,4676 2251,4675 2253,4673 2262,4673 2262,4674 2262,4675 2263,4676 2263,4726 2264,4726 2591,4726 2591,4726 2591,4682 2592,4681 2593,4681 2593,4681 2595,4679 2595,4678 2596,4677 2650,4677 2651,4676 2651,4675 2653,4673 2658,4673 2658,4674 2658,4675 2661,4677 2662,4677 2662,4678 2662,4710 2663,4711 2663,4726 2664,4726 2726,4726 2726,4727 2726,4728 2729,4730 2975,4730 2976,4732 2976,4733 2977,4733 3126,4733 3126,4733 3126,4691 3133,4684 3186,4684 3187,4683 3187,4682 3188,4681 3190,4681 3191,4680 3192,4681 3194,4681 3194,4682 3194,4683 3196,4684 3245,4684 3246,4685 3247,4685 3247,4686 3247,4737 3248,4737 3318,4737 3318,4738 3318,4739 3319,4739 3321,4741 3322,4741 3322,4742 3322,4743 3325,4745 3326,4745 3326,4746 3326,4747 3329,4749 3330,4749 3330,4750 3330,4751 3333,4753 3334,4753 3334,4754 3334,4763 3336,4764 3337,4764 3338,4766 3338,4786 3339,4786 3401,4786 3401,4787 3401,4788 3404,4790 3408,4790 3413,4796 3413,4800 3421,4808 3421,4819 3420,4820 3419,4820 3417,4822 3417,4830 3409,4838 3409,4839 3409,4839 3404,4839 3402,4841 3402,4842 3401,4843 3381,4843 3379,4842 3379,4814 3379,4813 3189,4813 3187,4812 3187,4811 3186,4809 2838,4809 2836,4808 2836,4807 2835,4805 2548,4805 2544,4809 2540,4809 2538,4808 2538,4806 2538,4805 2192,4805 2191,4806 2191,4850 2191,4850 2190,4850 2189,4851 2188,4851 2187,4852 2187,4853 2186,4854 2178,4854 2176,4856 2176,4857 2176,4857 2175,4858 2174,4858 2172,4857 2172,4856 2171,4854 2151,4854 2149,4853 2149,4806 2149,4805 2045,4805 2044,4805 2044,4804 2042,4801 1969,4801 1968,4802 1968,4860 1968,4860"/><TextEquiv index="1"><Unicode>“qui t'ont lié avec la plus vile canaille,</Unicode></TextEquiv></TextLine><TextLine id="r0_l023"><Coords points="1579,5047 1578,5046 1577,5046 1576,5046 1576,5045 1575,5043 1574,5043 1572,5042 1572,4991 1572,4990 1189,4990 1188,4991 1188,4992 1186,4994 1140,4994 1139,4994 1139,4993 1137,4990 1077,4990 1076,4991 1076,5047 1076,5047 1066,5047 1065,5047 1065,4991 1065,4990 925,4990 923,4992 923,4993 922,4994 800,4994 799,4995 799,4996 797,4998 740,4998 738,5000 738,5001 738,5001 721,5001 720,5001 720,5000 719,4998 711,4998 708,4996 708,4995 708,4994 707,4994 704,4992 704,4988 703,4986 522,4986 519,4989 519,4990 519,4990 506,4990 505,4990 505,4989 503,4986 502,4986 501,4986 501,4985 499,4982 498,4982 497,4982 497,4931 498,4930 507,4930 508,4929 508,4928 510,4926 526,4926 530,4930 708,4930 708,4930 708,4898 711,4895 712,4895 712,4895 712,4894 714,4892 719,4892 719,4892 719,4891 722,4888 726,4888 727,4887 727,4886 728,4885 729,4885 730,4884 744,4884 745,4885 746,4885 746,4886 746,4887 748,4888 756,4888 758,4891 758,4892 759,4892 760,4892 761,4894 761,4899 762,4899 763,4899 765,4902 765,4911 766,4911 911,4911 912,4912 946,4912 946,4912 946,4875 948,4873 949,4873 949,4873 950,4872 950,4871 952,4869 967,4869 969,4872 969,4876 971,4877 972,4877 972,4878 972,4912 973,4912 1086,4912 1087,4911 1171,4911 1172,4910 1172,4909 1174,4907 1183,4907 1183,4908 1183,4909 1184,4910 1184,4911 1185,4911 1707,4911 1708,4913 1708,4914 1709,4914 1953,4914 1953,4914 1953,4864 1955,4862 1956,4862 1958,4860 1969,4860 1976,4868 1976,4911 1977,4911 2032,4911 2032,4912 2032,4913 2034,4914 2296,4914 2297,4913 2297,4912 2298,4911 2474,4911 2474,4911 2474,4867 2475,4866 2476,4866 2478,4864 2478,4863 2479,4862 2488,4862 2489,4861 2489,4860 2491,4858 2499,4858 2500,4860 2500,4862 2501,4862 2707,4862 2708,4864 2708,4865 2709,4865 2710,4865 2711,4867 2711,4868 2713,4869 2926,4869 2926,4869 2926,4868 2929,4865 2930,4865 2930,4865 2930,4864 2932,4862 2941,4862 2941,4863 2941,4864 2942,4864 2944,4866 2945,4866 2945,4867 2945,4914 2946,4914 3075,4914 3076,4915 3077,4915 3077,4916 3077,4917 3079,4918 3205,4918 3205,4918 3205,4877 3206,4876 3206,4875 3212,4869 3325,4869 3326,4871 3326,4872 3328,4873 3329,4873 3330,4875 3330,4880 3331,4880 3332,4880 3334,4883 3334,4918 3335,4918 3412,4918 3413,4920 3413,4936 3415,4937 3416,4937 3417,4939 3417,4979 3418,4979 3420,4979 3421,4981 3421,4982 3422,4982 3423,4982 3424,4984 3424,4985 3425,4986 3425,4995 3424,4996 3424,4997 3423,4998 3411,4998 3409,5000 3409,5001 3409,5001 3396,5001 3394,5000 3394,4999 3394,4998 3057,4998 3055,4997 3055,4996 3054,4994 2701,4994 2679,4994 2678,4995 2678,4996 2676,4998 2671,4998 2670,4999 2670,5000 2669,5001 2645,5001 2644,5001 2644,5000 2643,4998 2642,4998 2640,4997 2640,4991 2640,4990 2378,4990 2374,4994 1615,4994 1614,4995 1614,5042 1613,5043 1612,5043 1608,5047"/><TextEquiv index="1"><Unicode>“&amp; t'ont compromis avec la Juſtice. Tu</Unicode></TextEquiv></TextLine><TextLine id="r0_l024"><Coords points="3405,5257 3404,5257 3402,5255 3401,5255 3400,5254 3399,5254 3398,5253 3397,5253 3396,5252 3395,5252 3394,5251 3393,5251 3392,5250 3391,5250 3390,5249 3389,5249 3388,5248 3386,5248 3385,5247 3384,5247 3383,5246 3380,5246 3379,5246 3379,5187 3379,5186 3230,5186 3228,5185 3228,5184 3228,5183 3070,5183 3069,5182 2987,5182 2986,5183 2986,5236 2986,5236 2978,5236 2977,5236 2977,5183 2977,5182 2853,5182 2852,5183 2764,5183 2763,5184 2763,5236 2763,5236 2604,5236 2603,5236 2603,5180 2603,5179 2381,5179 2379,5181 2379,5182 2379,5182 2378,5182 2377,5183 2376,5182 2244,5182 2192,5182 2191,5183 1785,5183 1784,5184 1784,5238 1784,5238 1777,5238 1776,5238 1776,5184 1776,5183 1557,5183 1556,5182 1555,5182 1554,5182 1553,5181 1553,5180 1553,5179 1472,5179 1471,5180 1471,5235 1471,5235 1456,5235 1455,5235 1455,5180 1455,5179 1136,5179 1135,5180 1135,5181 1134,5182 1133,5182 1132,5183 1119,5183 1118,5182 1117,5182 1116,5182 1116,5181 1115,5179 812,5179 810,5181 810,5182 810,5182 743,5182 742,5183 721,5183 719,5185 719,5186 719,5186 710,5186 708,5185 708,5184 707,5182 702,5182 701,5182 701,5177 700,5175 518,5175 514,5179 507,5179 504,5177 504,5133 505,5132 505,5131 506,5130 507,5130 508,5129 508,5128 510,5126 511,5126 511,5126 512,5125 512,5124 514,5122 553,5122 553,5122 553,5121 556,5118 704,5118 704,5118 704,5117 707,5114 712,5114 712,5114 712,5113 718,5107 787,5107 787,5107 787,5106 790,5103 798,5103 799,5102 799,5101 801,5099 809,5099 810,5101 810,5102 812,5103 1009,5103 1010,5102 1010,5101 1011,5100 1012,5100 1013,5099 1059,5099 1059,5099 1059,5056 1061,5054 1062,5054 1063,5053 1063,5048 1064,5047 1223,5047 1224,5046 1225,5046 1225,5046 1225,5045 1227,5043 1232,5043 1233,5045 1233,5046 1235,5047 1236,5047 1236,5048 1236,5095 1237,5096 1237,5099 1238,5099 1689,5099 1689,5099 1689,5098 1691,5096 1692,5096 1693,5095 1806,5095 1806,5095 1806,5056 1808,5054 1809,5054 1810,5053 1810,5052 1812,5050 1824,5050 1825,5049 1825,5048 1826,5047 1828,5047 1829,5049 1829,5050 1830,5050 1831,5050 1833,5053 1833,5054 1834,5054 1835,5054 1836,5056 1836,5099 1837,5099 1948,5099 1949,5101 1949,5103 1950,5103 2115,5103 2115,5103 2115,5057 2119,5053 2119,5052 2120,5051 2121,5051 2122,5050 2134,5050 2134,5050 2134,5049 2136,5047 2137,5047 2138,5046 2139,5046 2140,5047 2141,5047 2142,5049 2142,5050 2143,5050 2318,5050 2322,5046 2343,5046 2344,5047 2345,5047 2345,5048 2345,5049 2347,5050 2435,5050 2436,5052 2436,5057 2438,5058 2439,5058 2440,5060 2440,5099 2441,5099 2636,5099 2636,5099 2636,5052 2638,5050 2639,5050 2640,5049 2640,5049 2640,5048 2641,5047 2642,5047 2643,5046 2664,5046 2665,5047 2666,5047 2666,5048 2666,5099 2667,5099 3001,5099 3002,5098 3002,5090 3004,5088 3005,5088 3006,5087 3006,5075 3008,5073 3009,5073 3009,5073 3009,5068 3012,5065 3013,5065 3013,5065 3013,5060 3015,5058 3020,5058 3021,5057 3021,5056 3023,5054 3024,5054 3024,5054 3024,5053 3027,5050 3032,5050 3032,5050 3032,5049 3035,5046 3049,5046 3051,5049 3051,5050 3052,5050 3057,5050 3059,5053 3059,5054 3060,5054 3061,5054 3062,5056 3062,5103 3063,5103 3401,5103 3402,5105 3402,5106 3404,5107 3405,5107 3405,5108 3405,5109 3408,5111 3413,5111 3413,5112 3413,5117 3415,5118 3416,5118 3417,5120 3417,5166 3421,5170 3421,5182 3422,5182 3423,5182 3423,5183 3424,5184 3424,5185 3425,5186 3425,5187 3424,5188 3424,5189 3423,5190 3422,5190 3421,5191 3421,5196 3419,5198 3418,5198 3417,5199 3417,5204 3416,5205 3415,5205 3413,5207 3413,5216 3413,5216 3412,5216 3409,5219 3409,5220 3409,5220 3407,5220 3406,5221 3406,5258 3406,5258"/><TextEquiv index="1"><Unicode>“as mis la mort dans le ſein de ta ſœur;</Unicode></TextEquiv></TextLine><TextLine id="r0_l025"><Coords points="2067,5427 2066,5427 2066,5372 2066,5371 2037,5371 2036,5372 2036,5419 2035,5420 2034,5420 2033,5421 2033,5422 2031,5424 1997,5424 1993,5420 1992,5420 1991,5420 1991,5402 1991,5401 1853,5401 1851,5400 1851,5372 1851,5371 1408,5371 1406,5370 1406,5369 1405,5367 1377,5367 1376,5368 1376,5423 1376,5423 1369,5423 1368,5423 1368,5368 1368,5367 1034,5367 1033,5368 1033,5423 1033,5423 1030,5423 1029,5423 1029,5368 1029,5367 1024,5367 1020,5371 737,5371 733,5375 729,5375 727,5374 727,5373 726,5371 714,5371 712,5370 712,5365 712,5364 711,5364 710,5364 708,5362 708,5361 708,5360 525,5360 523,5362 523,5363 523,5363 522,5363 521,5364 511,5364 508,5362 508,5313 510,5311 522,5311 523,5310 523,5309 525,5307 704,5307 704,5307 704,5298 706,5296 710,5296 711,5295 712,5295 712,5295 712,5294 718,5288 726,5288 727,5290 727,5292 728,5292 1016,5292 1018,5290 1018,5289 1019,5288 1175,5288 1176,5287 1176,5286 1178,5284 1451,5284 1451,5284 1451,5241 1453,5239 1454,5239 1455,5238 1455,5236 1456,5235 1575,5235 1576,5237 1576,5238 1578,5239 1579,5239 1580,5241 1580,5288 1581,5288 1761,5288 1761,5288 1761,5275 1767,5269 1768,5269 1768,5269 1768,5256 1770,5254 1771,5254 1772,5253 1772,5241 1774,5239 1775,5239 1776,5238 1784,5238 1785,5239 1786,5239 1787,5241 1787,5294 1799,5306 1799,5341 1800,5341 1995,5341 1995,5341 1995,5297 1996,5296 1997,5296 1998,5295 2002,5295 2002,5295 2002,5294 2004,5292 2171,5292 2172,5291 2172,5290 2174,5288 2390,5288 2391,5289 2565,5289 2566,5288 2594,5288 2594,5288 2594,5242 2595,5241 2595,5240 2596,5239 2601,5239 2602,5238 2602,5237 2603,5236 2656,5236 2657,5235 2665,5235 2666,5236 2764,5236 2764,5237 2764,5238 2766,5239 2767,5239 2768,5241 2768,5284 2769,5284 2964,5284 2964,5284 2964,5271 2966,5269 2967,5269 2968,5268 2968,5260 2970,5258 2971,5258 2972,5257 2972,5248 2973,5247 2974,5247 2975,5246 2975,5238 2977,5236 2987,5236 2987,5237 2987,5238 2989,5239 2990,5239 2990,5240 2990,5241 2991,5242 2991,5246 2992,5246 3102,5246 3104,5249 3104,5250 3105,5250 3106,5250 3108,5253 3108,5254 3109,5254 3110,5254 3111,5256 3111,5264 3114,5266 3115,5266 3115,5267 3115,5268 3117,5269 3118,5269 3119,5271 3119,5272 3121,5273 3122,5273 3123,5275 3123,5284 3124,5284 3170,5284 3172,5287 3172,5291 3174,5292 3190,5292 3190,5293 3190,5294 3191,5294 3193,5296 3194,5296 3194,5297 3194,5306 3195,5306 3368,5306 3368,5306 3368,5305 3370,5303 3378,5303 3379,5302 3379,5247 3380,5246 3383,5246 3384,5247 3385,5247 3386,5248 3388,5248 3389,5249 3390,5249 3391,5250 3392,5250 3393,5251 3394,5251 3395,5252 3396,5252 3397,5253 3398,5253 3399,5254 3400,5254 3401,5255 3402,5255 3404,5257 3405,5257 3406,5259 3406,5265 3407,5265 3408,5265 3409,5266 3409,5267 3409,5268 3411,5269 3416,5269 3417,5271 3417,5276 3419,5277 3420,5277 3421,5279 3421,5348 3422,5348 3430,5348 3431,5349 3432,5349 3432,5350 3432,5366 3427,5371 3419,5371 3417,5373 3417,5374 3416,5375 3286,5375 3285,5376 3285,5389 3284,5390 3279,5390 3277,5392 3277,5393 3276,5394 3275,5394 3274,5395 3274,5396 3273,5397 3269,5397 3268,5398 3267,5398 3266,5399 3266,5400 3265,5401 3261,5401 3258,5404 3258,5405 3258,5405 3249,5405 3247,5404 3247,5403 3246,5402 3246,5401 3245,5401 3243,5400 3243,5372 3243,5371 2853,5371 2851,5370 2851,5369 2850,5367 2572,5367 2571,5368 2571,5425 2571,5425 2559,5425 2558,5425 2558,5368 2558,5367 2546,5367 2545,5368 2545,5371 2545,5371 2536,5371 2534,5370 2534,5368 2534,5367 2480,5367 2351,5367 2350,5368 2350,5369 2348,5371 2079,5371 2078,5372 2078,5427 2078,5427"/><TextEquiv index="1"><Unicode>“tu as contribué, par un vil intérêt, à</Unicode></TextEquiv></TextLine><TextLine id="r0_l026"><Coords points="1491,5614 1490,5613 1416,5613 1415,5613 1415,5557 1415,5556 1279,5556 1278,5557 1278,5604 1277,5605 1276,5605 1275,5606 1274,5607 1274,5608 1273,5609 1243,5609 1242,5608 1241,5608 1240,5608 1240,5607 1240,5606 1239,5605 1238,5605 1236,5604 1236,5557 1236,5556 1132,5556 1131,5557 1131,5611 1131,5611 1120,5611 1119,5611 1119,5557 1119,5556 812,5556 810,5558 810,5559 809,5560 707,5560 704,5558 704,5557 704,5556 703,5556 701,5555 701,5553 701,5552 624,5552 533,5552 531,5554 531,5555 530,5556 518,5556 516,5555 516,5554 515,5552 514,5552 512,5551 512,5550 511,5548 510,5548 508,5547 508,5502 515,5495 519,5495 520,5494 520,5493 521,5492 704,5492 704,5492 704,5434 707,5431 715,5431 716,5430 716,5429 717,5428 727,5428 727,5429 727,5430 730,5432 731,5432 731,5433 731,5447 732,5447 899,5447 901,5445 901,5440 902,5439 903,5439 908,5434 908,5430 910,5428 922,5428 923,5427 923,5426 925,5424 930,5424 931,5423 931,5422 933,5420 949,5420 949,5421 949,5422 951,5423 1034,5423 1035,5424 1036,5424 1036,5425 1036,5426 1039,5428 1040,5428 1040,5429 1040,5472 1041,5472 1042,5472 1043,5473 1353,5473 1353,5473 1353,5456 1355,5454 1356,5454 1357,5453 1357,5437 1359,5435 1360,5435 1361,5434 1361,5433 1363,5431 1364,5431 1365,5430 1365,5425 1366,5424 1367,5424 1368,5423 1376,5423 1377,5424 1477,5424 1478,5426 1478,5427 1480,5428 1485,5428 1485,5429 1485,5477 1486,5477 1699,5477 1701,5475 1701,5474 1702,5473 1707,5473 1708,5472 1708,5471 1710,5469 1711,5469 1712,5471 1712,5472 1714,5473 1813,5473 1814,5475 1814,5476 1816,5477 2059,5477 2059,5477 2059,5433 2061,5431 2062,5431 2063,5430 2063,5429 2064,5428 2065,5428 2066,5427 2079,5427 2080,5428 2081,5428 2081,5429 2081,5430 2082,5431 2082,5473 2083,5473 2085,5473 2085,5474 2085,5476 2086,5476 2124,5476 2125,5477 2126,5477 2127,5479 2127,5480 2128,5480 2466,5480 2466,5480 2466,5433 2468,5431 2469,5431 2472,5428 2480,5428 2481,5427 2481,5426 2483,5424 2492,5424 2493,5425 2667,5425 2668,5424 2673,5424 2673,5424 2673,5423 2676,5420 2695,5420 2700,5426 2700,5477 2701,5477 2745,5477 2745,5478 2745,5479 2747,5480 2952,5480 2953,5479 2953,5478 2954,5477 3013,5477 3013,5478 3013,5479 3015,5480 3303,5480 3304,5479 3304,5478 3305,5477 3310,5477 3311,5476 3311,5475 3313,5473 3318,5473 3319,5475 3319,5476 3321,5477 3322,5477 3323,5479 3323,5480 3324,5480 3404,5480 3406,5483 3406,5484 3407,5484 3412,5484 3413,5486 3413,5487 3415,5488 3420,5488 3421,5490 3421,5552 3422,5552 3423,5552 3424,5554 3424,5555 3425,5556 3425,5568 3424,5569 3424,5570 3423,5571 3422,5571 3421,5572 3421,5577 3419,5579 3418,5579 3417,5580 3417,5585 3416,5586 3415,5586 3413,5588 3413,5589 3412,5590 3411,5590 3409,5592 3409,5593 3408,5594 3407,5594 3406,5595 3406,5596 3405,5597 3405,5597 3404,5597 3402,5599 3402,5600 3401,5601 3396,5601 3394,5603 3394,5604 3393,5605 3385,5605 3383,5604 3383,5561 3383,5560 3057,5560 3055,5559 3055,5558 3054,5556 2016,5556 1993,5556 1991,5558 1991,5559 1991,5559 1990,5559 1989,5560 1899,5560 1896,5558 1896,5557 1896,5556 1784,5556 1729,5556 1725,5560 1637,5560 1636,5561 1636,5570 1635,5571 1634,5571 1633,5572 1633,5573 1631,5575 1630,5575 1629,5576 1629,5581 1628,5582 1627,5582 1625,5584 1625,5589 1624,5590 1623,5590 1621,5592 1621,5593 1621,5593 1620,5593 1617,5596 1617,5601 1617,5601 1608,5601 1606,5603 1606,5604 1605,5605 1604,5605 1602,5604 1602,5603 1602,5602 1601,5601 1600,5601 1599,5601 1599,5557 1599,5556 1505,5556 1504,5557 1504,5614 1504,5614"/><TextEquiv index="1"><Unicode>“la faire périr; tu as immolé ſon amant;</Unicode></TextEquiv></TextLine><TextLine id="r0_l027"><Coords points="2596,5803 2595,5803 2595,5746 2595,5745 2422,5745 2421,5746 2421,5747 2420,5748 2287,5748 2285,5750 2285,5751 2284,5752 2192,5752 2191,5753 2191,5770 2190,5771 2189,5771 2187,5773 2187,5778 2187,5778 2186,5778 2183,5781 2183,5785 2182,5786 2178,5786 2172,5792 2172,5793 2172,5793 2171,5793 2170,5794 2162,5794 2161,5795 2161,5796 2160,5797 2128,5797 2127,5797 2127,5796 2126,5794 2122,5794 2119,5792 2119,5791 2119,5790 2114,5790 2112,5789 2112,5788 2111,5787 2111,5746 2111,5745 1728,5745 1727,5746 1727,5747 1726,5748 1600,5748 1599,5749 1599,5754 1597,5756 1596,5756 1595,5757 1595,5762 1593,5764 1592,5764 1591,5765 1591,5766 1590,5767 1589,5767 1587,5769 1587,5770 1586,5771 1581,5771 1580,5772 1580,5773 1578,5775 1563,5775 1561,5774 1561,5773 1561,5772 1560,5771 1559,5771 1557,5770 1557,5746 1557,5745 1238,5745 1237,5746 1237,5747 1236,5748 1234,5748 1232,5747 1232,5746 1232,5745 1173,5745 1172,5746 1172,5799 1172,5799 958,5799 957,5799 957,5746 957,5745 736,5745 735,5746 735,5747 734,5748 725,5748 723,5747 723,5746 723,5745 715,5745 714,5744 713,5744 712,5744 712,5739 711,5737 514,5737 512,5736 512,5735 511,5734 511,5733 510,5733 508,5732 508,5731 509,5730 510,5730 511,5729 512,5729 512,5729 512,5724 514,5722 516,5722 516,5722 516,5690 522,5684 530,5684 531,5683 531,5682 533,5680 704,5680 704,5680 704,5676 705,5675 705,5674 706,5673 707,5673 708,5672 708,5671 710,5669 711,5669 712,5668 712,5667 714,5665 719,5665 720,5664 720,5663 722,5661 729,5661 730,5662 731,5662 731,5663 731,5665 732,5665 987,5665 987,5665 987,5664 990,5661 1104,5661 1104,5661 1104,5649 1111,5642 1112,5642 1112,5642 1112,5633 1114,5631 1115,5631 1116,5630 1116,5625 1117,5624 1118,5624 1119,5623 1119,5612 1120,5611 1131,5611 1132,5612 1133,5612 1134,5614 1134,5616 1135,5616 1364,5616 1365,5615 1365,5614 1367,5612 1368,5612 1368,5612 1368,5611 1370,5609 1375,5609 1376,5611 1376,5612 1377,5612 1378,5612 1379,5613 1425,5613 1426,5614 1504,5614 1504,5615 1504,5671 1505,5672 1505,5673 1506,5673 1507,5673 1508,5675 1508,5676 1509,5676 1510,5676 1512,5679 1512,5680 1513,5680 1514,5680 1516,5682 1689,5682 1690,5681 1691,5681 1693,5679 1693,5678 1694,5677 1695,5677 1697,5675 1697,5670 1698,5669 1703,5669 1704,5668 1704,5667 1706,5665 1771,5665 1772,5664 1772,5663 1773,5662 1938,5662 1938,5662 1938,5656 1940,5654 1941,5654 1942,5653 1942,5644 1943,5643 1944,5643 1946,5641 1946,5618 1948,5616 1953,5616 1953,5616 1953,5615 1956,5612 1963,5612 1965,5615 1965,5616 1966,5616 1967,5616 1968,5618 1968,5630 1970,5631 1971,5631 1972,5633 1972,5642 1973,5642 1974,5642 1976,5645 1976,5653 1978,5654 1979,5654 1979,5655 1979,5656 1980,5657 1980,5662 1981,5662 2206,5662 2206,5662 2206,5618 2208,5616 2224,5616 2225,5618 2225,5627 2226,5627 2227,5627 2229,5630 2229,5658 2230,5658 2341,5658 2342,5660 2342,5661 2343,5661 2623,5661 2625,5664 2625,5665 2626,5665 2631,5665 2632,5667 2632,5668 2633,5669 2634,5669 2635,5669 2636,5671 2636,5672 2637,5672 2638,5673 2639,5673 2640,5675 2640,5680 2641,5680 2642,5680 2644,5683 2644,5687 2646,5688 2647,5688 2647,5689 2647,5718 2648,5718 2825,5718 2825,5718 2825,5693 2826,5692 2827,5692 2828,5691 2828,5687 2836,5679 2836,5678 2837,5677 2842,5677 2844,5675 2844,5674 2845,5673 2850,5673 2851,5672 2851,5671 2853,5669 3005,5669 3006,5668 3006,5667 3008,5665 3023,5665 3025,5668 3025,5669 3026,5669 3288,5669 3288,5669 3288,5668 3291,5665 3293,5668 3293,5669 3294,5669 3412,5669 3413,5671 3413,5672 3415,5673 3420,5673 3421,5675 3421,5676 3422,5677 3423,5677 3424,5677 3424,5678 3424,5679 3426,5680 3427,5680 3428,5682 3428,5683 3430,5684 3431,5684 3432,5686 3432,5691 3434,5692 3435,5692 3436,5694 3436,5728 3434,5730 3433,5730 3432,5731 3432,5736 3431,5737 3430,5737 3428,5739 3428,5740 3427,5741 3426,5741 3424,5743 3424,5744 3424,5744 3423,5744 3421,5746 3421,5747 3420,5748 3415,5748 3413,5750 3413,5751 3412,5752 3404,5752 3402,5754 3402,5755 3401,5756 3393,5756 3390,5754 3390,5753 3390,5752 3385,5752 3383,5751 3383,5750 3382,5748 2940,5748 2938,5750 2938,5751 2937,5752 2932,5752 2930,5751 2930,5750 2929,5748 2739,5748 2738,5749 2738,5755 2737,5756 2736,5756 2734,5758 2734,5763 2734,5763 2733,5763 2723,5773 2723,5777 2722,5778 2721,5778 2720,5779 2703,5779 2702,5778 2701,5778 2700,5778 2700,5749 2700,5748 2607,5748 2606,5749 2606,5803 2606,5803"/><TextEquiv index="1"><Unicode>“tu as été lié, en Angleterre, avec une</Unicode></TextEquiv></TextLine><TextLine id="r0_l028"><Coords points="1652,5989 1651,5989 1651,5934 1651,5933 1484,5933 1482,5935 1482,5936 1481,5937 1287,5937 1286,5937 1286,5936 1285,5935 1285,5934 1285,5933 1091,5933 1089,5932 1089,5931 1088,5929 835,5929 833,5931 833,5932 832,5933 756,5933 752,5937 729,5937 727,5936 727,5935 726,5933 721,5933 720,5933 720,5932 718,5929 714,5929 707,5922 533,5922 531,5924 531,5925 531,5925 530,5925 529,5926 522,5926 520,5925 520,5921 519,5920 519,5919 519,5918 518,5918 516,5917 516,5912 517,5911 518,5911 520,5909 520,5874 521,5873 522,5873 524,5871 524,5870 525,5869 564,5869 565,5868 565,5867 567,5865 704,5865 704,5865 704,5838 705,5837 705,5836 706,5835 707,5835 708,5834 708,5830 711,5827 712,5827 712,5827 712,5822 714,5820 715,5820 716,5819 716,5818 718,5816 723,5816 723,5816 723,5815 726,5812 730,5812 731,5811 731,5810 732,5809 761,5809 761,5810 761,5811 763,5812 771,5812 772,5814 772,5815 774,5816 775,5816 776,5818 776,5851 777,5851 909,5851 910,5850 953,5850 953,5850 953,5804 954,5803 954,5802 955,5801 956,5801 958,5799 1293,5799 1295,5797 1299,5797 1301,5800 1301,5801 1302,5801 1303,5801 1304,5803 1304,5807 1307,5809 1308,5809 1308,5810 1308,5850 1309,5850 1367,5850 1369,5853 1369,5854 1370,5854 1617,5854 1617,5854 1617,5807 1619,5805 1624,5805 1625,5804 1625,5803 1627,5801 1639,5801 1640,5803 1640,5850 1641,5850 2088,5850 2089,5849 2089,5848 2091,5846 2095,5846 2097,5849 2097,5850 2098,5850 2099,5850 2100,5852 2100,5854 2101,5854 2367,5854 2368,5853 2368,5852 2370,5850 2378,5850 2380,5853 2380,5854 2381,5854 2591,5854 2591,5854 2591,5806 2592,5805 2593,5805 2595,5803 2606,5803 2608,5805 2609,5805 2609,5806 2609,5807 2610,5808 2610,5812 2611,5812 2612,5812 2613,5814 2613,5815 2614,5816 2614,5850 2615,5850 2665,5850 2667,5853 2667,5854 2668,5854 2673,5854 2674,5856 2674,5857 2675,5858 2676,5858 2677,5858 2677,5859 2677,5860 2679,5861 2858,5861 2859,5860 2859,5859 2860,5858 2870,5858 2870,5858 2870,5810 2871,5809 2872,5809 2872,5809 2874,5807 2874,5806 2875,5805 2884,5805 2885,5804 2885,5803 2887,5801 2892,5801 2892,5802 2892,5803 2895,5805 2896,5805 2896,5806 2896,5854 2897,5854 3420,5854 3421,5856 3421,5857 3423,5858 3428,5858 3428,5859 3428,5860 3430,5861 3434,5861 3436,5864 3436,5865 3437,5865 3442,5865 3443,5867 3443,5909 3446,5911 3447,5911 3447,5912 3447,5917 3446,5918 3445,5918 3443,5920 3443,5921 3442,5922 3441,5922 3440,5923 3440,5927 3439,5928 3439,5929 3439,5929 3434,5929 3432,5931 3432,5932 3431,5933 3426,5933 3425,5934 3425,5949 3424,5950 3424,5952 3424,5952 3419,5952 3417,5951 3417,5946 3417,5945 3416,5945 3414,5944 3413,5943 3413,5942 3413,5941 3408,5941 3405,5939 3405,5938 3405,5937 2962,5937 2961,5938 2961,5939 2959,5941 2956,5939 2956,5938 2956,5937 2754,5937 2753,5938 2753,5947 2752,5948 2751,5948 2749,5950 2749,5951 2748,5952 2747,5952 2746,5953 2746,5954 2744,5956 2743,5956 2742,5957 2742,5958 2740,5960 2735,5960 2734,5961 2734,5962 2733,5963 2720,5963 2719,5963 2719,5934 2719,5933 2381,5933 2380,5934 2380,5935 2378,5937 2003,5937 2002,5938 2002,5951 2001,5952 2000,5952 1999,5953 1999,5954 1998,5955 1998,5959 1997,5960 1996,5960 1995,5961 1995,5962 1995,5962 1994,5963 1993,5963 1991,5965 1991,5970 1990,5971 1989,5971 1987,5973 1987,5974 1987,5974 1986,5974 1983,5977 1983,5978 1983,5978 1973,5978 1972,5978 1972,5938 1972,5937 1902,5937 1900,5936 1900,5935 1899,5933 1792,5933 1706,5933 1704,5935 1704,5936 1703,5937 1691,5937 1689,5936 1689,5935 1688,5933 1660,5933 1659,5934 1659,5989 1659,5989"/><TextEquiv index="1"><Unicode>“Société de voleurs; tu as mis, dans une</Unicode></TextEquiv></TextLine><TextLine id="r0_l029"><Coords points="1577,6178 1576,6178 1576,6177 1572,6173 1572,6130 1572,6129 1193,6129 1191,6128 1191,6127 1191,6126 1092,6126 951,6126 950,6127 950,6128 949,6129 944,6129 942,6128 942,6127 942,6126 707,6126 704,6124 704,6115 704,6114 525,6114 523,6113 523,6112 523,6111 522,6110 521,6110 520,6110 520,6109 519,6107 518,6107 516,6106 516,6101 515,6099 514,6099 512,6098 512,6093 513,6092 514,6092 515,6091 516,6091 516,6091 516,6059 517,6058 518,6058 518,6058 520,6056 520,6055 521,6054 561,6054 561,6054 561,6052 563,6050 708,6050 708,6050 708,6048 709,6047 710,6047 716,6041 716,6040 717,6039 927,6039 927,6039 927,5995 928,5994 929,5994 931,5992 931,5991 932,5990 1009,5990 1010,5989 1010,5988 1012,5986 1036,5986 1036,5987 1036,5988 1039,5990 1040,5990 1040,5991 1040,6039 1041,6039 1138,6039 1138,6040 1138,6041 1140,6042 1357,6042 1357,6042 1357,5992 1359,5990 1371,5990 1372,5989 1372,5988 1374,5986 1375,5986 1376,5988 1376,5989 1378,5990 1379,5990 1380,5992 1380,5993 1381,5993 1382,5993 1384,5996 1384,6039 1385,6039 1443,6039 1444,6041 1444,6042 1445,6042 1651,6042 1651,6042 1651,5990 1652,5989 1660,5989 1661,5990 1666,5990 1666,5991 1666,5992 1668,5993 1923,5993 1923,5993 1923,5991 1924,5990 1937,5990 1942,5996 1942,6035 1943,6035 2168,6035 2168,6035 2168,5992 2170,5990 2183,5990 2183,5991 2183,5992 2186,5994 2187,5994 2187,5995 2187,5996 2190,5998 2191,5998 2191,5999 2191,6039 2192,6039 2322,6039 2323,6041 2323,6042 2324,6042 2359,6042 2361,6045 2361,6046 2362,6046 2363,6046 2365,6049 2365,6050 2366,6050 2367,6050 2368,6052 2368,6057 2369,6057 2370,6057 2372,6060 2372,6095 2373,6095 2645,6095 2645,6095 2645,6005 2643,6003 2643,6002 2643,6001 2642,6001 2640,6000 2640,5995 2641,5994 2642,5994 2644,5992 2644,5991 2645,5990 2650,5990 2651,5989 2651,5988 2653,5986 2658,5986 2658,5987 2658,5988 2661,5990 2662,5990 2662,5991 2662,6042 2663,6042 2892,6042 2892,6042 2892,6027 2893,6026 2893,6025 2894,6024 2895,6024 2896,6023 2896,6018 2898,6016 2899,6016 2900,6015 2900,6010 2901,6009 2902,6009 2904,6007 2904,6003 2906,6001 2910,6001 2918,5993 2926,5993 2926,5993 2926,5992 2928,5990 3047,5990 3047,5991 3047,5992 3050,5994 3051,5994 3051,5995 3051,6042 3052,6042 3121,6042 3123,6045 3123,6046 3124,6046 3322,6046 3322,6046 3322,5997 3323,5996 3323,5995 3325,5993 3333,5993 3334,5992 3334,5991 3335,5990 3337,5990 3338,5992 3338,5993 3339,5993 3347,5993 3348,5994 3349,5994 3349,5995 3349,6042 3350,6042 3415,6042 3417,6045 3417,6046 3418,6046 3423,6046 3424,6048 3424,6052 3427,6054 3443,6054 3443,6055 3443,6056 3444,6057 3444,6059 3443,6060 3443,6061 3443,6061 3441,6061 3440,6062 3440,6155 3442,6156 3443,6156 3443,6157 3443,6159 3442,6160 3441,6160 3439,6162 3439,6163 3439,6163 3433,6163 3432,6163 3432,6154 3431,6152 3430,6152 3428,6151 3428,6146 3427,6144 3426,6144 3424,6143 3424,6142 3424,6141 3423,6141 3421,6140 3421,6134 3421,6133 3347,6133 3345,6132 3345,6131 3344,6129 3332,6129 3330,6128 3330,6127 3330,6126 3117,6126 3114,6129 2883,6129 2881,6128 2881,6127 2881,6126 2737,6126 2736,6125 2698,6125 2696,6124 2696,6123 2696,6122 2501,6122 2500,6123 2500,6136 2499,6137 2498,6137 2496,6139 2496,6144 2496,6144 2495,6144 2494,6145 2493,6146 2493,6147 2492,6148 2487,6148 2485,6150 2485,6151 2484,6152 2484,6152 2483,6152 2481,6154 2481,6155 2480,6156 2480,6156 2479,6156 2478,6157 2478,6158 2477,6159 2476,6159 2475,6160 2471,6160 2470,6161 2470,6162 2469,6163 2460,6163 2459,6163 2459,6158 2458,6156 2457,6156 2455,6155 2455,6130 2455,6129 2144,6129 2142,6131 2142,6132 2141,6133 1992,6133 1991,6133 1991,6132 1990,6131 1990,6130 1990,6129 1622,6129 1621,6130 1621,6174 1621,6174 1620,6174 1619,6175 1617,6177 1617,6178 1617,6178"/><TextEquiv index="1"><Unicode>“maiſon de proſtitution, la fille de</Unicode></TextEquiv></TextLine></TextRegion></Page></PcGts>