4266 7786
2223 526 2946 752 .
983 751 3945 950 “condition que tu devois épouſer; tu
990 941 3934 1143 “as commencé par lui ravir ſon honneur;
994 1131 3942 1332 “tu as mis, dans une maiſon auſſi infâme,
979 1330 3938 1527 “une jeune Demoiſelle qui ſe confioit
971 1516 3934 1719 “à toi, qui t'ouvroit ſon cœur; tu l'as
617 1711 3930 1948 “abuſée par un faux mariage, pour lui
979 1902 3942 2097 “ravir ſon honneur. Tu t'es joue de ce
983 2096 3945 2291 “qu'il y a de plus ſacré, pour un but
983 2283 3942 2479 “auſſi indigne. Enfin je t'ai pris ſur le
975 2477 3945 2649 “fait, dans un autre endroit, où tu venois
963 2672 3942 2863 “de maltraiter trois rivaux, au point
960 2855 3953 3034 “qu'ils en ſont peut-être morts. On t'ar-
994 3038 3945 3229 “rêtoit, dans le moment, de la part de
986 3225 3949 3423 “la Juſtice, de ſorte que tu ſerois peut-
986 3419 3953 3618 “être à préſent ſur l'échafaud. Tu es
990 3610 3945 3808 “ruiné, perdu de dettes, de réputation
1002 3800 3949 4000 “& d'honneur. Je ne veux pas que tu
983 3995 3953 4182 “déshonores davantage ta famille. Je dois
975 4189 3949 4373 “me punir d'avoir mis au monde un
979 4369 3949 4567 “fléau de la ſociété, & l'en décharger
983 4555 3945 4754 “au plutôt. Je t'avois laiſſé de quoi te
964 4746 3942 4918 “délivrer de la vie, & mourir en homme
994 4940 3949 5143 “libre; mais tu veux ſubir le ſupplice
979 5131 3949 5326 “que tu mérites, & recevoir la mort,
983 5324 3942 5518 “comme une punition de tes crimes.
983 5516 3938 5715 “Hé bien, il vaut mieux, pour toi,
979 5703 3938 5906 “mourir de la main d'un père, que de
994 5897 3942 6096 “celle d'un bourreau. J'ai prononcé l'ar-
857 6092 3926 6291 “rêt de ta mort. Prépare-toi à la ſubir.
