4266 8295
763 877 3963 1326 ord iauert leve muion larali,
768 1305 3963 1533 “dit-il; mais, on aura beau faire, tu
773 1510 3963 1731 “ne m'échapperas pas. Foible femme,
777 1723 3992 1947 “c'étoit bien à toi de croire que tu m'em-
773 1923 3991 2149 “pêcherois d'exécuter ce que mon hon-
773 2127 3971 2356 “neur m'ordonne! Tombe dans un éva-
773 2333 3975 2561 “nouiſſement propice pour toi; à ton
773 2550 3340 2767 “réveil, tu me verras vengé.“
777 2751 3983 2966 Alors, décidé à commettre le meurtre,
385 2958 3995 3157 il a voulu l'épargner à ſes yeux mater-
773 3144 3979 3340 nels, en cas qu'elle les rouvrît. Il a voulu
781 3333 3984 3553 enlever ma mère hors de la cave; mais
781 3545 3975 3767 elle me tenoit ſi fortement la jambe,
781 3750 3995 4176 eerpoſe eeproudre ſeſ ee eeie en
789 4155 3983 4356 “chaînée, dit - il, dans cet évanouiſſe-
785 4376 3995 4573 “ment. Le ciel le permet, pour que tu
785 4573 3987 4773 “ne troubles pas le juſte ſacrifice que je
793 4769 4004 4976 “dois faire.“Alors il m'a crié, d'une voix
800 4974 3983 5163 forte, „recommande toi à Dieu, malheu-
797 5175 3996 5385 “reux!“ Lui-même, il s'eſt proſterné ſur
798 5383 3991 5597 la terre, &, les yeux & les bras élevés
805 5588 3995 5797 vers le ciel: „O mon Dieu! dit-il, par-
805 5797 4233 6002 “donne-moi l'attentat que mon honneur
814 5965 4233 6207 “m'impoſe. Tu vois la néceſſité où m'a
806 6206 3992 6387 “réduit ce malheureux, de commettre
813 6391 4001 6590 “cette action ſi cruelle à mon cœur. Par-
818 6612 3987 6804 “donne à cet infortuné; que la mort
