2480 3507
631 336 1763 425 4 ELISABETH.
636 453 2207 545 ſeroit infailliblement frappé, & le
631 559 2207 645 coup le plus ſenſible à ſon cœur, la
636 662 2211 751 diſgrace de ſa mere; car, le comte,
636 768 2211 836 abuſé ſur le véritable motif de ſon
636 874 2216 963 refus, étendroit peut-être les effets
640 977 2211 1070 de ſa vengeance, juſque ſur la mar-
540 1083 2216 1179 quiſe: & cette mere infortunée
636 1190 2211 1282 ſe verroit forcée de gémir de la pré-
636 1296 1985 1364 tendue ſoumiſſion de ſon fils.
740 1399 2207 1488 Je ne puis enviſager ſans frémir,
627 1505 2207 1594 ces affligeantes images; & j'eſpere
627 1608 2207 1708 que mon cœur, tout paſſionné qu'il
631 1708 2368 1803 eſt, ne ſera point aſſez foible pour
627 1820 2320 1923 accepter un bonheur qui ſeroit au
627 1927 2338 2019 mépris des droits les plus ſacrés.
631 2026 2203 2125 Non, je ne puis recevoir la foi de
631 2139 2207 2228 Luzan, quoique ce fût la ſeule
627 2245 2207 2338 choſe qui pût me rendre heureuſe.
631 2348 2203 2430 Hélas! s'il ſuit mes conſeils, s'il
627 2454 2203 2547 remplit les téméraires engagements
627 2557 2198 2653 de ſon grand pere, s'il épouſe ma-
592 2663 2198 2763 demoiſelle de N.... je ne ſurvi-
