2480 3507
836 333 1959 415 ELTSABETH.
396 449 1968 545 tion, juge combien j'ai beſoin de
396 552 1972 648 ta tendre pitié. Toi, qui as aimé
400 662 1972 751 & qui connois l'ardeur de ma
396 768 1976 854 paſſion, toute l'étendue de mon
396 874 1972 956 amour, tu ſentiras tout ce que mes
400 977 1972 1066 efforts pour le vaincre coûtent à
392 1104 897 1152 mon œur.
505 1190 1972 1279 J'ai commencé pluſieurs lettres
396 1292 1981 1382 pour Luzan, ſans pouvoir en ache-
396 1402 1972 1491 ver une. J'ai changé dix fois de
387 1495 1976 1604 réſolution, je craignois de l'affliger
396 1611 1972 1700 par des conſeils ſi contraires à nos
396 1721 1968 1807 vœux: mais ce que je redoutois le
392 1827 1972 1916 plus, te l'avouerai-je? c'étoit de
392 1930 1963 2016 le faire douter de ma tendreſſe,
392 2036 1968 2129 par une fermeté preſqu'incompa-
392 2139 1968 2232 tible avec mon tendre arour pour
392 2245 1972 2334 lui. n moment apres, l'eſpoir
396 2345 1968 2437 d'augmenter ſa vénération, me
183 2454 1968 2530 donnoit de nouvelles forces. Mais
392 2557 1963 2650 hélas! ce n'étoit que pour me faire
387 2663 1963 2756 retomber dans le plus affreux déſeſ-
1463 2773 1789 2873 A ir
