2480 3507
562 315 1685 387 ELISABETH.
548 442 2124 531 poir, quand je ſongeois qu'il ne me
548 545 2129 638 ſeroit plus permis d'écouter les
544 648 1989 744 ſentiments que je lui ai inſpirés.
657 754 2120 847 Ce mêlange de foibleſſe & de
544 860 2124 950 courage livre mon cœur à des
544 970 2124 1066 combats ſi violents, que je crains
544 1070 2120 1155 d'y ſuccomber. Aide-moi, ma ten-
540 1176 2124 1272 dre amie, à triompher de moi-
535 1286 2116 1375 même; j'en ai la volonté; mais je
540 1392 2020 1477 crains de n'en pas avoir la force.
644 1491 2116 1584 Je t'envoie une copie de la ré-
535 1594 2116 1687 ponſe que j'ai faite à Lauzan, je ne
531 1700 2116 1802 ſçais quel effet elle produira; mais
527 1802 2116 1899 je tremble, je crains, je deſire, &
522 1913 2116 2005 je redoute. Quelqu'eſpece de ré-
522 2019 2124 2112 ſolution qu'il puiſſe prendre, je
522 2129 1667 2194 t'en informerai auſſi-tot.
640 2228 2120 2321 Hélas! penſer à ce cher objet,
522 2334 2107 2424 t'en entretenir, eſpérer des conſo-
518 2441 2107 2516 lations de ta tendre amitié, eſt le
518 2547 2298 2633 ſeul bien qui me reſte. Lis ce que
518 2653 2103 2742 j'ai pu écrire, en étouffant le mur-
