2480 3507
762 353 1918 422 ELISAHTH.
359 473 1931 566 Luzan, que je ne rougirai point de
342 579 1931 671 ma tendreſſe, fût-elle connue de
355 671 1931 775 l'univers entier. Elle eſt trop pure
359 792 1931 874 pour avoir beſoin d'être enſevelie
359 891 1936 963 dans la nuit du filence. Intimement
364 998 1936 1094 convaincue qu'elle ne nous enga-
359 1107 1936 1200 gera à rien de contraire à l'honneur
359 1214 1936 1303 & à la vertu, je ne crains pas qu'elle
264 1320 1936 1412 éclatte; au contraire, la certitude
364 1426 1940 1515 qu'on en auroit me mettroit à l'abri
364 1529 1940 1621 des inutiles recherches & des pré-
359 1639 1944 1728 tentions qui ne pourroient que m'ê-
359 1741 1944 1834 tre odieuſes, puiſque je vous ai
364 1848 602 1916 aimé.
476 1954 1940 2040 Qu'aucune raiſon ne vous arrête
364 2060 1944 2146 donc plus. Déclarez vos ſentiments
364 2163 1944 2252 au comte: peut-être ſera-t-il touché
204 2269 1944 2338 de la ſituation de votre cœur. S'iI
346 2376 1944 2461 vous aime, il ne pourra être inſen-
364 2478 1944 2567 ſible à votre deſeſpoir, & s'il trouve
364 2585 2018 2674 un moyen honnête de dégager ſa
368 2687 1940 2787 parole, peut-être conſentira-t-il à
