2480 3507
548 278 1713 387 ELISAEET.
539 432 2119 528 notre bonheur ...... Ah trop chere
544 545 2119 638 eſpérance! c'eſt toi qui s cauſé toun
539 655 2128 744 nos maux; c'eſt toi qui nous as
535 761 2119 847 perdus, en nous faiſant deſirer une
535 864 2115 956 félicité dont nous ne jouirons ja-
928 970 2115 1046 ... Je le crois, cher lu-
535 974 889 1039 mais...
531 1076 2115 1166 zan, & nous aurions toujours dû le
531 1183 2115 1275 penſer; car, plus je réfléchis au
531 1289 2115 1378 caractere abſolu de votre grand-
539 1399 2119 1488 pere, moins je ſens que nous
531 1498 2119 1594 devons nous flatter qu'il ſe laiſſe
526 1608 2119 1700 fléchir, & ce ne ſera jamais de
531 1714 2119 1807 mon aveu que vous réſiſterez à ſa
531 1820 2123 1920 volonté. S'il ne change pas de réſo-
526 1927 2218 2009 lution, il faut vous ſoumettre au
535 2033 2123 2125 joug qu'il vous impoſe; vous le
535 2139 2313 2235 devez, non-ſeulement parce que
535 2245 2119 2334 le reſpect filial vous en fait une
531 2352 2115 2444 loi ..... loi ſacrée par nos mœurs,
535 2461 2115 2550 qu'on ne brave jamais impuné-
539 2564 2115 2657 ment; mais par rapport aux fâcheu-
539 2670 2110 2759 ſes circonſtances ou vous expoſe-
