2480 3507
793 290 1950 381 ELISABETH.
379 397 1955 515 riez la marquiſe, qui ſeroit injuſte-
383 510 1951 621 ment ſoupçonnée d'être la premiere
379 614 1951 736 cauſe de votre déſobéiſſance......
383 719 1952 822 O Dieu! elle en ſeroit la victime,
383 832 1958 937 cette tendre mere, cette mere qui
382 942 1955 1048 vous aime, & qui eſt d'autant plus
379 1040 2102 1154 reſpectable qu'elle eſt infortunée.
379 1147 1955 1270 Mais vous êtes trop vertueux pour
383 1253 1955 1364 la réduire à pleurer vos fautes. Je
379 1364 1959 1471 connois votre reſpectueuſe ten-
383 1466 1955 1579 dreſſe pour cette digne mere; elle
379 1572 1955 1685 ſera votre plus ferme appui dans le
379 1682 1955 1793 douloureux ſacrifice qu'on exige
379 1788 1959 1895 de vous. Et ſi jamais Eliſabeth vous
379 1898 1959 2007 fut auſſi chere que vous le lui avez
374 2002 1960 2114 juré, ſi elle regne encore avec le
379 2111 1959 2219 même empire dans ce cœur qui
379 2212 1959 2312 faiſoit toute ſa féelicité, ſouvenez-
379 2320 1959 2434 vous qu'elle vous conjure elle-même
340 2428 1959 2537 d'immoler votre amour à votre de-
383 2537 1955 2631 voir. Il le faut, elle le veut, elle
383 2641 1964 2748 vous l'ordonne: c'eſt la ſeule preuve
