<PcGts xmlns="http://schema.primaresearch.org/PAGE/gts/pagecontent/2017-07-15" xmlns:xsi="http://www.w3.org/2001/XMLSchema-instance" xsi:schemaLocation="http://schema.primaresearch.org/PAGE/gts/pagecontent/2017-07-15 http://schema.primaresearch.org/PAGE/gts/pagecontent/2017-07-15/pagecontent.xsd"><Metadata><Creator>User123</Creator><Created>2020-09-09T00:39:05</Created><LastChange>2020-09-09T00:39:05</LastChange></Metadata><Page imageFilename="0025.png" imageHeight="3507" imageWidth="2480"><TextRegion id="r0" type="paragraph" orientation="-0.0"><Coords points="1,1 2478,1 2478,3505 1,3505"/><TextLine id="r0_l001"><Coords points="560,267 1818,267 1818,377 560,377"/><TextEquiv index="1"><Unicode>ELISABETH.5</Unicode></TextEquiv></TextLine><TextLine id="r0_l002"><Coords points="267,405 1832,405 1832,477 267,477"/><TextEquiv index="1"><Unicode>effets de ce malheureux écrit....</Unicode></TextEquiv></TextLine><TextLine id="r0_l003"><Coords points="172,511 1844,511 1844,607 172,607"/><TextEquiv index="1"><Unicode>Henriette, que n'en ai - je cru tes</Unicode></TextEquiv></TextLine><TextLine id="r0_l004"><Coords points="1013,723 1012,723 1012,713 1012,712 827,712 826,712 826,710 826,709 823,709 822,709 822,706 822,705 396,705 395,705 395,703 395,702 392,702 391,702 391,686 391,685 353,685 352,685 352,682 352,681 276,681 275,681 275,679 275,678 271,678 270,678 270,662 270,661 267,661 266,661 266,638 267,637 270,637 270,637 270,634 271,633 525,633 525,633 525,627 526,626 529,626 529,626 529,624 530,623 1033,623 1033,624 1033,626 1034,626 1709,626 1709,627 1709,644 1710,644 1830,644 1830,645 1830,654 1831,654 1834,654 1834,655 1834,674 1835,674 1838,674 1838,675 1838,678 1839,678 1843,678 1843,679 1843,681 1843,681 1839,681 1838,682 1838,685 1838,685 1447,685 1446,686 1446,688 1446,688 1021,688 1020,689 1020,723 1020,723"/><TextEquiv index="1"><Unicode>trop juſtes preſſentiments? Mon</Unicode></TextEquiv></TextLine><TextLine id="r0_l005"><Coords points="918,818 917,818 917,799 917,798 866,798 865,798 865,795 865,794 470,794 469,794 469,792 469,791 332,791 331,791 331,789 331,788 284,788 283,788 283,785 283,784 276,784 275,784 275,782 275,781 271,781 270,781 270,778 270,777 267,777 266,777 266,754 267,753 270,753 270,753 270,751 271,750 275,750 275,750 275,747 276,746 288,746 288,746 288,744 289,743 654,743 654,743 654,741 655,740 658,740 658,740 658,734 659,733 667,733 667,733 667,730 668,729 1003,729 1003,729 1003,727 1004,726 1011,726 1011,726 1011,723 1012,722 1013,723 1020,723 1020,724 1020,726 1021,726 1024,726 1024,727 1024,733 1025,733 1718,733 1718,733 1718,730 1719,729 1735,729 1735,730 1735,750 1736,750 1826,750 1826,751 1826,753 1827,753 1834,753 1834,754 1834,770 1835,770 1838,770 1838,771 1838,784 1838,784 1835,784 1834,785 1834,788 1834,788 1831,788 1830,789 1830,791 1830,791 1788,791 1787,792 1787,794 1787,794 1689,794 1688,795 1688,815 1688,815 1245,815 1244,816 1244,818 1244,818"/><TextEquiv index="1"><Unicode>cœur ne ſeroit pas en proie aux plus</Unicode></TextEquiv></TextLine><TextLine id="r0_l006"><Coords points="258,833 1839,833 1839,915 258,915"/><TextEquiv index="1"><Unicode>vives douleurs. Tes conſeils, ta</Unicode></TextEquiv></TextLine><TextLine id="r0_l007"><Coords points="263,936 1835,936 1835,1028 263,1028"/><TextEquiv index="1"><Unicode>fatale expérience, n'ont pu me</Unicode></TextEquiv></TextLine><TextLine id="r0_l008"><Coords points="258,1042 1844,1042 1844,1131 258,1131"/><TextEquiv index="1"><Unicode>ſauver. Quel eſt donc le pouvoir</Unicode></TextEquiv></TextLine><TextLine id="r0_l009"><Coords points="263,1152 1887,1152 1887,1241 263,1241"/><TextEquiv index="1"><Unicode>de l'amour? Pourquoi n'ai-je pus</Unicode></TextEquiv></TextLine><TextLine id="r0_l010"><Coords points="263,1255 1844,1255 1844,1347 263,1347"/><TextEquiv index="1"><Unicode>me perſuader tous les malheurs</Unicode></TextEquiv></TextLine><TextLine id="r0_l011"><Coords points="258,1361 1844,1361 1844,1467 258,1467"/><TextEquiv index="1"><Unicode>qu'il cauſe à ceux qui ſe livrent</Unicode></TextEquiv></TextLine><TextLine id="r0_l012"><Coords points="254,1467 1503,1467 1503,1563 254,1563"/><TextEquiv index="1"><Unicode>aveuglément à ſon charme.</Unicode></TextEquiv></TextLine><TextLine id="r0_l013"><Coords points="375,1573 1844,1573 1844,1659 375,1659"/><TextEquiv index="1"><Unicode>Le baron eſt abſent depuis trois</Unicode></TextEquiv></TextLine><TextLine id="r0_l014"><Coords points="258,1680 1844,1680 1844,1772 258,1772"/><TextEquiv index="1"><Unicode>jours. Je puis au moins pleurer en</Unicode></TextEquiv></TextLine><TextLine id="r0_l015"><Coords points="254,1789 577,1789 577,1861 254,1861"/><TextEquiv index="1"><Unicode>liberté.</Unicode></TextEquiv></TextLine></TextRegion></Page></PcGts>