2480 3507
527 312 1859 398 E-LISAEETIH.
281 429 1872 528 ſçavois, à n'en pouvoir douter,
277 542 1872 634 qu'elle ſoupçonnoit que l'amour en
281 641 1868 727 étoit la cauſe; mais, curieuſe des
285 747 1872 847 détails & n'étant venue que pour
246 857 1863 939 s'en amuſer, elle me demanda ſi
281 956 1868 1059 j'avois perdu un proces ou quelque
277 1070 1868 1159 parent qui me fût cher, ou s'il
277 1172 1868 1265 étoit arrivé quelque. diſgrace à ma
268 1279 1868 1371 famille. A toutes ces queſions, je
212 1388 1872 1477 répondis laconiquement...non,..
277 1498 1872 1594 comme il faut que tu faſſes avec le
272 1604 1868 1680 baron, ſi malheureuſement il reve-
268 1704 1872 1810 noit avant ue tu euſſes recouvré
199 1810 1318 1906 un peu de tranquillité.
376 1923 1868 2012 J'ai cru devoir te prouver par un
264 2029 1868 2115 exemple, combien il eſt eſſentiel
264 2132 1868 2225 de ſe tenir en garde contre les cu-
272 2235 1872 2310 rieux déſœuvrés; ta franchiſe ſans
268 2345 2071 2430 bornes me fait toujours trembler
255 2454 683 2540 pour toi.
