2480 3507
636 329 1846 405 zELTSABETH.
631 453 2207 549 ſelon elle, n'eſt que ſon moindre
631 559 2198 631 défaut...... Elle doit être bien
623 665 2194 758 laide, qu'en penſes-tu, Henriette,
592 771 2190 860 puiſque celle qui la trouve telle,
592 878 2194 967 n'eſt & ne peut-être ſa rivale. En
618 980 2190 1070 général, cette lettre me paroit fort
596 1087 2185 1176 bizarre; mais mon cœur eſt trop
583 1190 2185 1282 plein de ſa douleur, pour me per-
583 1292 2190 1364 mettre des réflexions ſur tous les
609 1399 2181 1488 points: le ſeul qui ait fixé mon
614 1505 2185 1584 attention, c'eſt l'erreur de la mar-
614 1608 2190 1697 quiſe ſur les véritables diſpoſitions
614 1714 2181 1783 de ſon fils. Je ſouffre de la voir ainſi
609 1817 2185 1906 abuſée; auſſi ai-je fortement recom-
609 1923 2181 2012 mandé à Luzan de ne pas différer
614 2026 2172 2115 d'un jour l'aveu de ſes ſentiments:
601 2132 2172 2221 il le doit à ſa mere ainſi qu'au
601 2238 2172 2328 comte. Juge quels doivent être
601 2338 2172 2420 ſes tourments, lui dont nous avions
601 2444 2172 2537 admiré la patience dans les con-
601 2550 2168 2639 tradictions. Il m'a écrit par un cou-
535 2657 2164 2759 rier extraordinaire. Tu verras par
