2480 3507
552 349 1759 422 2SELIsAETn.
578 463 2157 568 faſſe pour l'en bannir. Mon oncle
583 564 2157 672 arrive aujourd'hui. Je me ſens un
583 675 2161 775 peu plus capable de lui cacher ma
587 778 2161 887 triſteſſe, & j'eſpere pouvoir ſuivre
587 890 1634 991 tes conſeils à ſon égard.
695 991 2161 1094 Tu devineras aiſément pourquoi
591 1093 2170 1203 je ne t'envoie plus que la copie des
378 1195 2169 1289 lettres de Luzan: les relire cent
591 1308 2169 1415 fois le jour eſt mon unique dou-
1002 1414 2173 1514 ... je me trompe, te les
600 1524 1988 1604 écrire en eſt encore une autre.
1012 1764 1755 1860 L
704 1974 2096 2086 LETTENII.
1024 2167 1872 2275 De LuzAnN,
842 2345 1957 2425 à EETSAET.
622 2509 2186 2661 5-ce bien vous, cruelle En-
626 2681 2192 2785 ſabeth, qui avez pu m'ordonner
