2480 3507
772 346 1939 446 ELISABETH.
377 470 1943 559 d'unir mon ſort à une autre? otre
373 569 1948 648 cœur conſent-il à ce barbare ſacri-
360 675 1943 765 fice? Je devrois le croire, puiſque
360 785 1943 854 vous me faites même un crime de
360 884 1939 974 l'innocent artifice que j'ai employé
351 991 1969 1083 pour écarter mon malheur; puiſque
356 1097 1952 1186 vous rejettez mes ſerments. Que je
260 1203 1935 1303 ſuis malheureux! juſte ciel! & j'ai
347 1306 1948 1399 pû me flatter d'être aimé! Ah! ſans
351 1412 1935 1512 doute je l'ai dû, & ma confiance
347 1512 1943 1608 ne ſera point trahie, dans un temps
343 1625 1935 1725 ou la certitude de votre tendreſſe
343 1725 1930 1820 eſt la ſeule choſe qui puiſſe me
338 1834 1926 1927 faire ſupporter le jour; & ſi votre
343 1940 1926 2026 ame m'eſt bien connue, cette ame
334 2046 1926 2136 ſenſible & génereuſe n'eſt point
334 2149 1917 2238 changée; vous rendrez le calme,
334 2256 1917 2341 la vie, à votre malheureux amant,
338 2362 1917 2444 en recevant ſa ſoi, en lui donnant
334 2465 1913 2557 la vtre. Songe, chere Eliſabeth,
338 2567 1909 2663 que je ne puis vivre qu'avec la
334 2677 1909 2753 tendre aſſurance d'être uni à toi...
1388 2787 1592 2876 Ciij
