2480 3507
721 346 1920 432 ELTABETH.
315 463 2020 555 brlant d'amour pour tes charmes,
311 569 1920 658 pourrois - je renoncer à toi ſans
1398 675 1916 765 ... Ah par
311 679 1355 747 mourir de douleur...
311 778 1899 871 pitié, Eliſabeth, rend l'eſpoir à
315 888 1899 974 mon ame troublée, ou tu me verras
306 994 1899 1087 epirer à tes yeux! Permets que je
315 1097 1916 1176 differe encore à déclarer mes ſenti-
306 1203 1894 1292 ments: je ſçais trop que cet aveu
306 1306 1899 1399 me ſeroit. funeſte. Autoriſé par l'op-
306 1416 1912 1508 poſition de ma mere, je puis trainer
306 1519 1907 1611 les choſes en longueur.... & qui
306 1621 1912 1717 ſçait ce qui peut arriver dans cet
129 1731 1912 1820 intervalle! Peut-être ne ſerai-je plus
315 1837 1912 1930 expoſé à une tyrannie que je dois
306 1940 764 2029 reſpecter.?
410 2050 1907 2136 ous verrez par la lettre de la,
298 2149 1912 2242 marquiſe que je joins ici, combien
302 2252 1907 2345 elle eſt édoignée de conſentir aux
302 2362 2011 2465 engagements de mon grand-pere.
298 2465 1882 2554 Dans la réponſe qu'elle lui a faite,
302 2571 1899 2667 elle lui exprime ſans ménagement
302 2681 1899 2770 & de la maniere la plus forte, ſa
1364 2790 1562 2859 Civ
