2480 3507
476 357 1647 442 ELISAEETH.
459 459 2049 566 s'eſt fait dans ton cœur. Tu ne ſçau-
463 583 2053 669 rois concevoir l'allégreſſe de mon
459 686 2049 775 ame. Cher enfant, ta ſage réſolu-
472 792 2058 874 tion eſt le prix de mes ferventes
463 891 2058 980 prieres. Quelle précieuſe victime
463 994 2058 1066 arrachée au démon & rendue à
463 1100 2058 1183 ſon créateur! Qu'il eſt conſolant
463 1207 2075 1296 pour ta tendre mere de te voir
463 1313 2053 1399 inſenſible aux grandeurs du monde!
463 1416 2062 1501 Il eſt difficile, mon fils, d'y par-
463 1519 2058 1608 venir & de les poſſéder ſans enga-
463 1625 2062 1714 ger ſa conſcience. Le rang, que j'ai
467 1728 2058 1813 été forcée d'occuper dans la ſociété,
467 1831 2062 1932 m'auroit ſouvent expoſée, je ne
463 1932 2071 2022 crains pas de te l'avouer; car tu es
472 2043 2075 2129 digne de toute ma confiance; il
476 2146 2071 2235 m'auroit rendue coupable, dis-je,
323 2249 2071 2338 d'orgueil, d'injuſtice, ſi les reli-
481 2352 2066 2448 gieux principes de mon éducation
481 2458 2066 2547 ne m'euſſent garantie des pieges de
485 2561 2062 2650 mon état. J'eſpere que la ſainteté
485 2670 2075 2759 du tien préſervera ton ame des
