2480 3507
763 360 1919 449 ELISAEETH.3
358 480 1932 573 dangers que la fortune, & ſur-tout
353 586 1927 679 le mariage, rendent preſque iné-
353 693 724 761 vitables.
432 799 1927 888 Je ne me ſuis point laiſſée éblouir,
353 902 1923 994 par le faux éclat des brillantes eſpé-
349 1011 1923 1097 rances du comte. Il parle pour toi
349 1114 1923 1203 de Duché. A quoi ſervent tous ces
292 1220 1923 1306 titres pour le bonheur éternel! S'ils
349 1323 1923 1412 rendoient juſtes, ſages & vertueux,
349 1429 1923 1524 crois, mon fils, que ta mere don-
345 1524 1923 1608 neroit la moitié de ſa vie, ſi elle
349 1632 1923 1724 étoit néceſſaire, pour te les acqué-
345 1741 1923 1834 rir: mais, j'ai trop vu que ſouvent
340 1844 1923 1937 un haut rang eſt non ſeulement un
345 1951 2036 2040 obſtacle au ſalut; mais, que ceux
340 2053 1919 2142 qui y ſont placés, en prennent droit
345 2156 1919 2249 de dédaigner les mœurs, & ſe font
345 2252 1919 2352 un jeu des vices qui dêshonore-
345 2365 1919 2437 roient tout homme d'un état obſcur.
345 2475 1914 2561 J'en ai vu un terrible exemple dans
345 2578 1910 2667 une perſonne qui n'eſt plus, &
345 2684 1910 2773 pour le repos de laquelle je fais
