2480 3507
617 370 1782 453 EELISABETI
617 483 2177 583 dans ſon appartement, pour iné-
617 593 2177 686 diter ou expier, par quelques heu-
613 699 2177 789 res de ſilence, les diſcours ſuper-
613 806 2186 895 flus qu'on eſt forcé de tenir dans
608 908 2181 1001 la ſfociété. Elle paſſoit une grande
617 1015 2186 1107 partie du jour & de la nuit à lire
617 1121 2186 1214 des romans ou quelques autres bro-
613 1227 2186 1320 chures encore plus mépriſables.
617 1334 2190 1423 Heureuſement ſa fille n'en a jamais
617 1436 2190 1529 ouvert une feule. Son ineptie l'a
613 1546 2190 1635 préſervée de la contagion de ces
613 1649 2190 1741 miſérables ouvrages. Son ame eſt
608 1755 2190 1844 pure, & ſon imagination n'a point
613 1861 2186 1947 encore été ſouillée par ces infer-
604 1964 2190 2053 nales peintures, qui corrompent le
613 2070 1803 2156 cœur de quiconque les lit.
726 2173 2195 2259 Ah! mon fils, combien je me
591 2276 2195 2380 félicite, quand je ſonge avec quel
582 2380 2203 2475 ſoin je t'ai garanti de ce danger.
608 2492 2203 2571 Tu es dans la bonne voie, il faut
608 2595 2208 2687 ſeulement perſévérer dans tes ſages
600 2705 2203 2818 refus. Je crois que le moyen le
