2480 3507
639 360 1799 466 ELISAET.
630 483 2195 576 tunée, ſon oppoſition me donne-
634 590 2190 679 roit quelque eſpérance. Mais hélas!
633 698 2198 791 eut-on jamais le moindre pouvoir
633 790 2194 887 ſans fortune? D'ailleurs de quel
639 905 2199 994 poids peut être le ſentiment de la
639 1011 2203 1100 marquiſe? On ne peut diſconvenir
639 1118 2203 1213 qu'elle eſt extraordinaire; mais
639 1213 2203 1296 elle eſt la mere de Luzan, elle
634 1327 2199 1402 l'aime, cela me la rend chere, &
630 1429 2203 1519 je la reſpecte comme ſi elle étoit
634 1539 1334 1625 déja la mienne.
716 1905 2124 1997 LETTE A2.
1439 1895 2085 1951 E
913 2105 1912 2190 De Madame d'ALeI,
817 2262 2021 2341 à ELTSABET.
673 2476 2215 2570 u me donnes toujours de nou-
626 2585 2329 2677 veaux ſujets d'admiration, chere
626 2691 2208 2797 amie. Quoi! tu ne t'es pas bornée
