<PcGts xmlns="http://schema.primaresearch.org/PAGE/gts/pagecontent/2017-07-15" xmlns:xsi="http://www.w3.org/2001/XMLSchema-instance" xsi:schemaLocation="http://schema.primaresearch.org/PAGE/gts/pagecontent/2017-07-15 http://schema.primaresearch.org/PAGE/gts/pagecontent/2017-07-15/pagecontent.xsd"><Metadata><Creator>User123</Creator><Created>2020-09-09T00:39:10</Created><LastChange>2020-09-09T00:39:10</LastChange></Metadata><Page imageFilename="0058.png" imageHeight="3507" imageWidth="2480"><TextRegion id="r0" type="paragraph" orientation="-0.0"><Coords points="1,1 2478,1 2478,3505 1,3505"/><TextLine id="r0_l001"><Coords points="575,326 1737,326 1737,408 575,408"/><TextEquiv index="1"><Unicode>ALELISABETH</Unicode></TextEquiv></TextLine><TextLine id="r0_l002"><Coords points="575,446 2150,446 2150,535 575,535"/><TextEquiv index="1"><Unicode>la ſainte préparation de cette ame</Unicode></TextEquiv></TextLine><TextLine id="r0_l003"><Coords points="579,549 2146,549 2146,641 579,641"/><TextEquiv index="1"><Unicode>pure, qui invoque le témoignage</Unicode></TextEquiv></TextLine><TextLine id="r0_l004"><Coords points="575,655 2150,655 2150,747 575,747"/><TextEquiv index="1"><Unicode>de ſon Dieu, pour prouver que</Unicode></TextEquiv></TextLine><TextLine id="r0_l005"><Coords points="575,758 2150,758 2150,850 575,850"/><TextEquiv index="1"><Unicode>jamais elle ne mit au jour les dé-</Unicode></TextEquiv></TextLine><TextLine id="r0_l006"><Coords points="575,864 2155,864 2155,956 575,956"/><TextEquiv index="1"><Unicode>fauts d'autrui, ſans y être forcée par</Unicode></TextEquiv></TextLine><TextLine id="r0_l007"><Coords points="575,970 2155,970 2155,1059 575,1059"/><TextEquiv index="1"><Unicode>une abſolue néceſſité. emarque</Unicode></TextEquiv></TextLine><TextLine id="r0_l008"><Coords points="531,1073 2155,1073 2155,1166 531,1166"/><TextEquiv index="1"><Unicode>que ce piçux préliminaire n'a été</Unicode></TextEquiv></TextLine><TextLine id="r0_l009"><Coords points="570,1179 2150,1179 2150,1268 570,1268"/><TextEquiv index="1"><Unicode>fait, que pour rendre ce tableau</Unicode></TextEquiv></TextLine><TextLine id="r0_l010"><Coords points="570,1282 2150,1282 2150,1375 570,1375"/><TextEquiv index="1"><Unicode>plus vraiſemblable; car devant ju-</Unicode></TextEquiv></TextLine><TextLine id="r0_l011"><Coords points="570,1388 2155,1388 2155,1474 570,1474"/><TextEquiv index="1"><Unicode>ſtice à la vérité, je dois te prévenir</Unicode></TextEquiv></TextLine><TextLine id="r0_l012"><Coords points="570,1491 2146,1491 2146,1580 570,1580"/><TextEquiv index="1"><Unicode>qu'il eſt faux à beaucoup d'égards.</Unicode></TextEquiv></TextLine><TextLine id="r0_l013"><Coords points="570,1594 2150,1594 2150,1687 570,1687"/><TextEquiv index="1"><Unicode>Je ſoupai hier avec la belle-ſœur</Unicode></TextEquiv></TextLine><TextLine id="r0_l014"><Coords points="570,1704 2146,1704 2146,1789 570,1789"/><TextEquiv index="1"><Unicode>de madame de N...qui me parla</Unicode></TextEquiv></TextLine><TextLine id="r0_l015"><Coords points="570,1807 2146,1807 2146,1896 570,1896"/><TextEquiv index="1"><Unicode>aſſez avantageuſement de la mere</Unicode></TextEquiv></TextLine><TextLine id="r0_l016"><Coords points="570,1909 2142,1909 2142,1998 570,1998"/><TextEquiv index="1"><Unicode>&amp; de la fille, quoique les parents,</Unicode></TextEquiv></TextLine><TextLine id="r0_l017"><Coords points="566,2012 2137,2012 2137,2101 566,2101"/><TextEquiv index="1"><Unicode>comme on le voit trop ſouvent,</Unicode></TextEquiv></TextLine><TextLine id="r0_l018"><Coords points="566,2118 2142,2118 2142,2219 566,2219"/><TextEquiv index="1"><Unicode>ſoient les moins indulgents, lorſque</Unicode></TextEquiv></TextLine><TextLine id="r0_l019"><Coords points="566,2219 2142,2219 2142,2314 566,2314"/><TextEquiv index="1"><Unicode>l'honneur de la famille n'y eſt point</Unicode></TextEquiv></TextLine><TextLine id="r0_l020"><Coords points="562,2331 958,2331 958,2396 562,2396"/><TextEquiv index="1"><Unicode>intéreſſé.</Unicode></TextEquiv></TextLine><TextLine id="r0_l021"><Coords points="509,2434 2142,2434 2142,2530 509,2530"/><TextEquiv index="1"><Unicode>Je fus charmée que cette dame</Unicode></TextEquiv></TextLine><TextLine id="r0_l022"><Coords points="562,2540 2137,2540 2137,2629 562,2629"/><TextEquiv index="1"><Unicode>détruiſit, ſans le ſçavoir, l'impreſ-</Unicode></TextEquiv></TextLine><TextLine id="r0_l023"><Coords points="557,2646 2133,2646 2133,2749 557,2749"/><TextEquiv index="1"><Unicode>ſion que j'avois de ſes parentes.</Unicode></TextEquiv></TextLine><TextLine id="r0_l024"><Coords points="1959,2756 2133,2756 2133,2825 1959,2825"/><TextEquiv index="1"><Unicode>Elle</Unicode></TextEquiv></TextLine></TextRegion></Page></PcGts>