2480 3507
686 398 1822 480 ELISABETH
245 514 1826 603 EIle me confia, ſous le ſçeau du
249 621 1835 710 ſecret, le mariage de ſa niéce avec
249 723 1830 812 le chevalier...... Je t'avoue que
245 833 1830 919 le cœur me battit d'une ſi grande
249 932 1835 1022 force, que mon émotion ſe peignit
249 1039 1918 1124 ſur mon viſage. Nle pouvant en
245 1142 1843 1231 ſoupçonner la cauſe, elle l'imputa
249 1244 1843 1345 à la ſurpriſe, & me fit beaucoup
223 1345 2070 1440 valoir les avantages que Luzan
258 1457 1843 1529 trouveroit dans cette alliance,
253 1563 1935 1649 quoiqu'il épousât mademoiſelle de
253 1666 1852 1755 N.... ſans dot: & l'orgueil du
258 1772 1861 1858 rang, que la famille occupe à la
253 1875 1852 1961 cour, ſçut bien rabaiſſer & mettre
258 1981 1857 2067 de niveau la grande fortune que
253 2084 1861 2153 le comte aſſure à ſon fils. Je lui
253 2184 1861 2259 emandai, ſi on avoit fixé le terme
258 2290 1865 2386 de la célébration. Elle me dit qu'il
258 2396 1870 2485 ne s'agiſſoit plus que de déterminer
258 2502 1870 2595 une mere dévote, femme ſingu-
262 2605 1874 2694 iere, dont les principes étoient
262 2708 1870 2797 es plus abſurdes. La-deſſus, elle
415 2814 830 2883 Partie II.
