2480 3507
630 351 1769 463 ELIAEETI.
604 497 2186 590 me fit un portrait de la marquiſe,
613 603 2181 696 hien équivalent à celui que cette
613 710 2181 799 ume pieuſe a fait de madame de
613 812 2186 905 N.... Ainſi je ſuis parfaitement
608 919 2181 987 inſtruite comment une femme de
608 1025 2181 1100 la cour traite une dévote, & de
600 1121 2181 1217 quelle façon cette derniere parle
474 1234 2181 1306 d'une femme du monde. La bello-
604 1340 2307 1433 ſœur de madame de N....m'a dit
595 1447 2181 1532 que l'extrême infortune de la mar-
556 1549 2177 1639 quiſe ne lui donnant aucun droit
604 1652 2277 1741 eſſentiel ſuz ſon fils, le comte étoit
600 1762 2177 1848 réſolu de paſſer outre, quand même
600 1865 2181 1961 elle refuſeroit ſon agrément; que
600 1971 2177 2043 toute la famille étoit d'accord ſur
595 2077 2177 2166 ce point. Elle mettoit tant d'eſprit
600 2180 2181 2273 & de légereté dans les peintures
591 2290 2177 2382 qu'elle fit de la religieuſe mere,
600 2396 2177 2482 comme elle la nomme, que non
600 2499 2181 2591 ſeulement je fus aſſez foible pour
600 2609 2177 2698 l'écouter tant qu'il lui plut; mais,
591 2708 2177 2811 je l'applaudiſſois par mes ſouris
