2480 3507
500 374 1703 480 EELIsABETH.
535 518 2129 610 d'avoir exigé ſans délai de Luzan.
561 624 2125 713 qu'il déſabuſât ſa mere & le comte,
552 730 2125 819 quoiqu'il fût trop certain que cet
552 830 2129 902 aveu vous ſeroit funeſte à tous deux.
552 922 2125 1028 Tu as ſagement agi, puiſque tu as
548 1042 2125 1142 eu la force de lui apprendre, par
452 1145 2125 1238 ton exemple, à préférer la vérité
543 1248 2225 1340 auxplus chers intérêts. Mais, bonne
548 1358 2129 1436 Eliſabeth, tu me dis avec aſſurance
543 1460 2129 1553 que ce ſeul point a fixé ton atten-
947 1570 2138 1635 ... & la laideur de made-
548 1570 900 1635 tion...
552 1669 2138 1759 moiſelle de N.... à laquelle ton
552 1776 2138 1865 imagination ſe plait à ajouter, en
422 1882 2134 1968 me faiſant remarquer qu'il faut
552 1985 2134 2077 qu'elle ſoit bien laide, puiſqu'une
408 2091 2134 2177 femme ſans prétention la trouve
969 2194 2138 2283 -que penſes-tu de cet
556 2201 926 2262 telle...
552 2300 2142 2393 article? oilà des viſites, je ſuis
561 2406 1560 2499 obligée de te quitter.
