2480 3507
474 237 1641 370 ELtsAheſ
482 405 2051 494 être heureux, pour me dédomma-
478 507 2046 603 ger par ſon eſtime du ſacrifice de
1310 621 2055 703 ... Je ne le ver-
482 614 1267 689 mon bonheur...
482 723 2055 816 rai plus! ah! chere amie, pardonne,
478 833 2059 919 tout diſparoit à mes yeux, mon
482 936 2059 1028 ame s'échappe, elle va chercher
482 1046 2059 1128 celle de Luzan, s'unir à elle:
478 1148 2064 1220 l'illuſion de ce lien me ſembe
482 1255 2072 1351 aſſurer ſes jours. Ah Dieu! que ne
302 1361 2085 1457 puis-je les prolonger aux dépens
487 1467 2068 1543 des miens. Le voir encore une
482 1570 2072 1659 heure, l'aſſurer de ma tendreſſe,
482 1673 2081 1772 lire Ja ſienne dans ſes regards, en
487 1783 2072 1868 recevoir le ſermnt de ſa bouche,
491 1885 2076 1971 & mourir, ſeroit un fort bien doux,
495 1992 2081 2081 en comparaiſon de l'horreur de lui
444 2094 866 2170 ſurvivre.
603 2204 2081 2297 Chere Henriette, pardonne en-
500 2310 2085 2406 core une fois l'injurieux deſeſpoit
500 2413 2098 2509 de ton Eliſabeth. Tu me plaindras,
504 2523 2089 2612 quand tu ſeras inſtruite de tout
508 2626 2094 2718 mon malheur: mais comment te
