2480 3507
803 258 1938 384 ELISABATE.M
268 394 2011 509 ardentes prieres ne le ſauvent point
380 509 1951 603 du trépas, elles ſoutiennent au
375 617 1946 710 moins mon triſte cœur; pendant
375 720 1946 823 que je les fais, je me perſuade que
375 823 1942 929 Luzan ne peut mourir. Il me ſem-
371 936 1994 1025 ble que mes cris & mes gémiſſe-
371 1042 1942 1135 ments auront le pouvoir d'arrêter
367 1152 2080 1248 ſon ame fugitive, & la forceront
367 1255 1942 1347 de conſerver le ſentiment à ce
362 1361 1774 1450 cœur tendre qui fit ma félicité.
405 1446 2053 1567 le condamne point mes vœux,
358 1573 1946 1673 chere Henriette, ils ſont juſtes &
358 1680 1946 1776 j'ai été trop cruelle. J'avois exigé
367 1786 1946 1879 du chevalier, comme je te l'ai
367 1892 1946 1992 marqué, qu'il déſabuſât ſa mere &
358 2002 1942 2094 le comte; mais je lui avois déſendu
366 2104 2001 2213 de m'écrire qu'il n'eût rempli cette
366 2210 2001 2285 eondition. Je le lui défendois en-
367 2317 1964 2413 core, dans la ſuppoſition que ſon
362 2424 1959 2520 grand-pere refusât mon alliance &
362 2526 1933 2626 perſiſtât dans le deſtein de le ma-
289 2636 1929 2739 rier à mademoiſelle de N... Trop
