2480 3507
713 357 1869 425 ELIAEETH.
291 463 1916 562 il attendoit une entiere ſoumiſſion.
295 579 1877 675 -- Je ne puis le promettre, & vous
300 682 1877 778 même vous ne voudriez pas faire
300 789 1882 878 le malheur de ma vie, en me for-
300 895 1882 991 çant d'épouſer une perſonne que
304 998 1882 1094 je rendrois malheureuſe, puiſque
174 1100 1890 1193 je ne puis l'aimer. La ſituation de
313 1214 1895 1286 OH CET, vouS eſ conue. --
317 1313 1899 1402 N'alléguez point un amonr chimé-
313 1419 1899 1515 rique, c'eſt un artiſice ſiuggéré par
317 1525 1899 1615 votre mere. Penſe -t-elle qu'il aura
322 1632 1903 1721 plus de crédit ſur mon eſprit, que
322 1735 1908 1827 ſa manie de vous faire religieux?
326 1841 1908 1930 Non, ce détour me prouve trop
326 1944 1912 2042 ſon entêtement dans ſes idées. Elle
330 2042 1916 2139 n'aura point l'avantage de l'empor-
335 2149 1916 2238 ter ſur mes juſtes meſures; ſon
335 2252 1921 2352 orgueil en ſeroit trop flatté. -- Ah!
335 2362 1925 2451 monſieur, rendez plus de juſtice à
339 2472 1925 2554 ma mere, elle ignore mon pen-
339 2574 1925 2663 chant; je ſçais trop qu'elle ne l'ap-
339 2681 1929 2777 prouveroit pas plus, que l'alliance
