2480 3507
746 394 1975 477 ELIAETH.a
353 518 1932 590 béiſſance. -- O ciel! vous me dé-
358 627 1936 713 ſeſpérez, eſt-il poſſible que vous
362 727 1941 799 doutiez de la ſincérité de mes ſen-
366 833 1941 926 timents, aprs un aveu ſi authenti-
366 939 1958 1028 que? Le marquis de Saintré n'eſt-il
366 1042 1945 1135 pas le garant de cette vérité? &
375 1152 1949 1238 moi-même, aurois-je l'audace de
366 1251 1949 1340 commettre le nom d'une perſonne
366 1358 1954 1447 qui mérite les hommages du monde
366 1464 1954 1553 entier? Daignez avoir la bonté de
371 1563 1954 1659 ſaire informer, vous verrez ſi je
371 1673 1962 1762 vous-en impoſe. -- Quand il ſeroit
375 1776 1962 1868 vrai qu'une ſecrette inclination,
375 1882 1967 1971 ce que je ne croirai jamais, fût
262 1985 1967 2057 le véritable motif de votre réſi-
384 2091 1971 2180 ſtance, penſez - vous que je fuſſe
270 2194 1975 2290 plus diſpoſé à favoriſer une folle
384 2293 1975 2393 paſſion, que la fantaiſie de votre
388 2406 1975 2492 mere?... -- ne folle paſſion!...
388 2509 1980 2598 Dieu! quel non injurieux vous
379 2615 2015 2705 donnez aux plus légitimes ſenti-
371 2718 2137 2818 nents ... c'eſt trop m'accabler...
