2480 3507
522 302 1868 384 ELTsAETE6
292 411 1968 511 dans vos regards pleins de bonté
300 521 1876 614 que vous aurez pitié d'unfils plus
1580 634 1876 699 .. Le
279 631 1541 730 malheureux que rebelle...
296 737 1881 830 comte, ſenſible malgré lui aux tou-
292 840 1881 932 chantes ſupplications de Luzan,
296 946 1885 1035 s'efforça de ſe débarraſſer de ſes
279 1052 1885 1151 tremblantes mais, & s'éloignant
282 1150 1884 1247 avec une colere mêlée d'effroi....
278 1246 1888 1346 Ne prétendez pas m'attendrir par
279 1368 1889 1457 vos artilicieuſes prieres, je n'é-
287 1471 1898 1570 coute plus rien; préparez-vous à
157 1573 1894 1673 m'obéir, ou fuyez de ces lieux.
274 1680 1898 1776 L'infortuné chevalier, encore à go-
270 1786 1898 1885 noux, haigné de larmes, pénétté
270 1892 1898 1985 de la plis vive douleur, ſe trainu
283 1998 1907 2091 quelques pas dans cette umble
266 2098 1907 2197 poſture aux piods de ſon grand-
274 2208 1911 2304 pre, & l'arteignant avec peine
279 2310 1915 2410 par. ſon habit; MNe vous dérobez
292 2417 1920 2513 point, mon pere, aux cris d'un
283 2523 1920 2615 cœur briſé par vos coups. ous me
278 2621 1923 2734 verrez mofrir à vos yeux, ſi vous
1301 2728 1684 2827 Eij
