2480 3507
560 281 1844 402 SELISAETH.
624 400 2213 538 ne retractez le faral arrêt que vous
655 531 1732 617 venez de prononcer.
715 634 2219 734 Saintré joignoit les plus vives
625 741 2223 826 inſtances à celles de ſon ami, mais
651 850 2219 943 mnutilement. L'implacable comte
651 956 2223 1046 perſiſta dans ſa barbare réſolution,
655 1056 2223 1163 & jura par un ſerment horrible,
638 1163 2223 1262 que jamais il ne pardomneroit à la
655 1275 2223 1375 marquiſe ni à ſon fils de lui faire
1844 1378 2227 1450 ... Si la
654 1381 1808 1478 manquer à ſa parole...
658 1477 2231 1583 déplorable ſituation de mon cœur
629 1591 2232 1683 ne peut vous toucher, lui dit Luzan,
633 1693 2232 1789 ſi je ſuis condamné au plus grand
646 1803 2236 1896 des malheurs, ſi je ſuis rigoureuſe-
646 1913 2236 1998 ment banni de votre vue, que ce
633 2016 2236 2116 malheur ne rejailliſſe point ſur une
646 2116 2232 2222 mere infortunée qui n'a nulle parr
629 2222 2266 2317 à ma déſobéiſſance; j'oſe vous im-
625 2338 2236 2430 plorer pour elle. -- os prieres
633 2444 2232 2520 mêmes l'accuſent: c'eſt tne fuite
638 2554 2232 2660 de ſes ſéductions. -- Que ſaut- il
625 2660 2232 2763 ue je faſſe pour vous convainere
