2480 3507
571 231 1755 324 OELSAET
565 353 2157 448 affreux accablement...... Sain-
565 460 2160 548 tré, vivement touché de ſa ſitua-
570 562 2160 663 tion, lui dit tout ce que l'amitié
566 672 2161 768 put lui inſpirer de plus conſolant.
565 778 2157 872 Il m'a avoué qu'il l'avoit ſollicité
561 880 2156 981 d'obéir à ſon grand-pere, que c'é-
561 993 2339 1085 toit le ſeul parti qui lui reſtoit pour
562 1093 2161 1196 ſe garantir, ainſi que ſa mere, de la
557 1202 2157 1304 plus malheureuſe diſgrace. Ce con-
561 1305 2156 1401 ſeil ne ſervit qu'à irriter ſa douleur.
561 1413 2152 1519 Ce tendre & trop chepamant dit
558 1521 2153 1615 qu'il aimeroit mieux mourir que de
553 1614 2153 1729 renoncer à ſon Eliſabeth. Il paſſa
557 1726 2153 1826 la nuit dans la plus cruelle agita-
548 1836 2147 1939 tion, ne pouvant ſe réſoudre à ce
552 1944 2148 2045 qu'on exigeoit de lui, ni à la triſte
552 2049 2147 2150 crainte d'attirer ſur la marquiſe la
548 2147 2143 2258 vengeance du comte. Le matin il
544 2259 2143 2367 reçut de tres bonne heure un billet
548 2364 2139 2464 de lui par lequel il lui ordonnoit
545 2474 2140 2565 de ſe tenir prêt dans le moment
548 2578 2140 2692 pour l'accompagner chez madame
