2480 3507
589 305 1754 384 EEATh.
580 425 2165 525 pouſſé par le plus affreux déſeſpoir,
585 535 2157 624 i ſe piongea fon épée dans le
585 638 918 706 ſein...
957 638 2152 741 ... Ah! Henriette.....
585 741 2157 836 je meurs à cette ſanglante image...
585 850 2152 936 Saintré, qui avoit vu de la fenêtre,
489 953 2152 1042 les gens de la maiſon entourer le
580 1059 2152 1152 chevalier avec des viſages trou-
580 1155 2157 1241 blés, vint chez lui s'informer de ce
580 1268 2152 1361 qui donnoit lien à un procédé ſi
580 1378 2157 1447 extraordinaire. Mais hélas! le fatal
580 1481 2157 1577 coup étoit orté, il vit ſon ami
1439 1587 2161 1652 ...Ses cris atti-
580 1591 1439 1676 couvert de ſang...
580 1693 2165 1765 roient tout le monde; la douleur
580 1796 2157 1885 fut univerſelle. Chacun ſe repro-
580 1906 2157 1992 choit la cruauté qu'il avoit eu de
572 2012 2157 2101 ſuivre des ordres ſi rigoureux: les
572 2108 2161 2211 pleurs couloient en abondance. Le
572 2221 2161 2320 comte ſeul refuſa des larmes à cette
576 2320 2170 2413 triſte cataſtrophe; mais ſon air
580 2430 2165 2502 ſombre & conſterné montroit aſſez
572 2533 2057 2612 les remords dont il étoit déchiré.
632 2639 2165 2742 On fit venir un chirurgien habile,
1715 2746 2178 2842 penſionné
