2480 3507
427 291 1833 408 EzIsABETH.7
252 446 1963 535 penſonné du comte. Il ne jugea
252 552 1963 652 pas la bleſſure abſolument mortelle,
261 652 1833 744 mais il n'oſa aſſurer qu'elle fut ſans
744 765 1828 833 ... O Dieu! laiſſerez-
244 761 710 854 danger...
244 871 1828 960 vous périr votre plus parfait ou-
248 977 1828 1066 vrage? Ah! prenez ma vie; qu'a-
244 1080 1824 1166 vec plaiſir je l'immole, s'il le faut,
244 1186 1828 1275 pour conſerver celle d'un mortel
156 1288 1148 1387 ſi cher à mon cœur.
160 1383 1858 1492 Le même jour de cette triſte
239 1492 1828 1584 ſcene, Saintré reçut de ſa mere une
235 1604 1824 1697 lettre ſi preſſante, qu'il fut obligé
231 1711 1824 1800 de prendre la poſte ſur le champ,
235 1813 1824 1903 & de quitter ſon malheureux ami.
226 1923 1824 2009 Il a laiſſé ſon domeſtique aupres
226 2026 1859 2112 de lui, à qui il a donné ordre de
222 2132 1828 2221 partir auſſitot le premier appareil
222 2238 1833 2324 evé, pour lui en donner des nou.
222 2345 518 2420 velles.
344 2444 1828 2537 Je ſuis dans la plus affreuſe agita-
231 2554 1833 2643 tion; tout mon ſang ſe gſace dans
226 2657 1833 2749 mes veines, quand je ſonge aux nou-
344 2763 766 2831 Partie II.
