2480 3507
589 312 1770 398 ELISAITu.
589 435 2163 525 velles que ce domeſtique va nous
593 535 2167 627 apporter. Dans d'autres inſtants, j'é-
593 648 2163 737 prouve les plus violentes palpita-
593 751 2176 833 tions, & mon cœur friſſonne à la
593 854 2172 950 ſeule penfée que je ne verrai plus
593 960 2176 1042 Luzan, l'ame de mon ame, l'en-
597 1066 2176 1138 chantement de mon être. Henriette,
602 1172 2176 1262 que tu me trouverois digne de ta
602 1279 2176 1371 pitié, ſi tu étois témoin de mon
606 1382 2176 1471 déplorable état, ſi tu voyois tout ce
602 1488 2180 1577 que je fouffre; mais inutilement
611 1587 2189 1680 j'entreprendrois de te peindre l'hor-
584 1697 2185 1769 reur de ma ſituation; elle eſt au-
606 1800 2189 1896 deſſus de tout ce qu'on peut éprou-
602 1906 2189 1998 ver de plus douloureux.... Songe-
602 2002 2185 2105 tu que je n'ai plus d'eſpoir, qu'il eſt
602 2118 2185 2208 peut être mort en ce moment.....
597 2218 2189 2293 Ma tremblante main me refuſe ſon
484 2321 2211 2417 office.... je ne puis plus écrire....
597 2430 2193 2513 Ln tendre defir, dont je ſuis dévo-
606 2533 2228 2629 rée, ranime mes forces; je ne puis te
597 2639 2228 2732 le confier ſans. rougir: mais ſonge
