2480 3507
781 336 1927 418 ELISAETI.5
366 453 1932 545 çe tu es, ma chêre, mon unique
362 559 1941 648 amie, que tu dois ſçavoir tout ce
362 665 1949 762 qui ſe paſſe dans mon cœur, comme
362 762 1945 869 Dieu même. Sois donc indulgente.
310 869 1945 956 Ecoute, je voudrois me traveſtir en
366 977 1945 1070 homme, & ſous ce déguiſement,
366 1083 1945 1169 demander à voir le chevalier, en me
366 1190 1949 1279 faiſant annoncer comme un parent
371 1292 1954 1385 du marquis de Saintré. Quel témé-
366 1399 1962 1491 raire projet, diras tu!..... Je ſçais
375 1508 1958 1597 qu'il bleſſe la décence; tu me con-
371 1611 1954 1700 damnes n'eſt-ce pas? il vaut donc
371 1714 2128 1807 mieux expirer dans les tourments
366 1824 1954 1892 de l'incertitude... Ah! ſans doute
366 1927 1954 2019 il le faut, puiſqu'une loi trop ſévere
375 2033 1958 2118 me l'ordonne. rand Dieu! peut-on
375 2132 1962 2221 faire payer ſi cherement aux femmes
371 2238 1958 2331 le dangereux privilége des homma-
375 2341 1958 2434 ges? Il ſemble qu'on ne nous ait
375 2448 1962 2547 accordé le fatal droit d'être préve-
375 2561 1962 2646 nues, que pour mettre des entra-
379 2660 1962 2735 ves à toutes nos démarches.....
1382 2759 1644 2859 i
