2480 3507
766 377 1968 470 ELISABETH.
392 494 1968 603 ſexe. Cette crainte, qui ne m'a point
318 603 1968 693 abanbonnée depuis que je connois
387 710 1968 799 le chevalier, préſervera peut être
396 812 2020 905 ton Eliſabeth de toute eſpêce d'im-
387 926 836 1011 prudence.
505 1022 1972 1125 Par le calcul du temps néceſſaire,
392 1125 1976 1220 le domeſtique de Saintré ne peut
400 1238 1976 1323 être à Paris que demain.... Quelle
396 1340 1981 1429 nuit je vais paſſer! hélas! je ſuis
400 1447 1833 1532 dans les plus mortelles angoiſes.
505 1553 1976 1632 Tous ces jours - ci, mon oncle
400 1656 1976 1745 n'eſt reutré que pour ſe coucher, je
396 1762 1981 1848 l'ai à peine vu une heure depuis
400 1865 1981 1961 qu'il eſt de retour; j'ignore ce qu'il
292 1968 566 2064 fait.
852 2227 1462 2357 er
1458 2783 1659 2907 iij
