<PcGts xmlns="http://schema.primaresearch.org/PAGE/gts/pagecontent/2017-07-15" xmlns:xsi="http://www.w3.org/2001/XMLSchema-instance" xsi:schemaLocation="http://schema.primaresearch.org/PAGE/gts/pagecontent/2017-07-15 http://schema.primaresearch.org/PAGE/gts/pagecontent/2017-07-15/pagecontent.xsd"><Metadata><Creator>User123</Creator><Created>2020-09-09T00:39:15</Created><LastChange>2020-09-09T00:39:15</LastChange></Metadata><Page imageFilename="0088.png" imageHeight="3507" imageWidth="2480"><TextRegion id="r0" type="paragraph" orientation="0.5"><Coords points="1,1 2478,1 2478,3505 1,3505"/><TextLine id="r0_l001"><Coords points="443,372 1626,362 1627,448 444,458"/><TextEquiv index="1"><Unicode>ELALETu.</Unicode></TextEquiv></TextLine><TextLine id="r0_l002"><Coords points="458,882 341,883 340,882 340,880 341,880 343,880 343,879 342,778 343,778 368,778 369,777 394,776 395,775 552,774 554,776 555,776 558,779 559,779 561,781 562,781 563,782 564,782 565,783 566,783 567,784 568,784 569,785 570,785 571,786 572,786 573,786 573,791 573,792 691,791 692,792 736,791 737,792 1308,787 1309,788 1796,784 1797,785 1897,784 1898,785 1898,805 1898,805 1936,805 1937,805 1937,807 1937,808 1944,808 1945,808 1945,814 1945,815 1949,815 1950,815 1950,817 1949,818 1945,818 1945,818 1945,828 1944,829 1937,829 1937,829 1937,831 1936,832 446,845 445,844 444,844 442,842 441,842 440,841 439,841 436,839 435,839 433,837 432,837 430,835 429,835 428,834 427,834 425,832 424,832 422,830 421,830 419,828 418,828 416,826 415,826 414,825 413,825 411,823 410,823 408,821 407,821 405,819 404,819 402,817 401,817 400,816 399,816 397,814 396,814 394,812 393,812 391,810 390,810 389,809 388,809 386,807 385,807 383,805 382,805 380,803 379,803 377,801 376,801 375,801 374,801 372,799 371,799 369,797 368,797 366,795 365,795 364,794 363,794 361,792 360,792 358,790 357,790 355,788 354,788 352,786 351,786 350,785 349,785 347,783 346,783 344,781 343,781 344,879 345,880 458,879 459,878 460,878 473,891 1988,877 1988,878 1988,880 1988,880 477,894 476,894"/><TextEquiv index="1"><Unicode>EAAE A</Unicode></TextEquiv></TextLine><TextLine id="r0_l003"><Coords points="1135,790 1134,789 992,790 992,790 991,774 991,773 918,774 867,774 866,775 866,778 865,779 866,792 865,792 841,792 841,792 840,774 840,773 738,774 737,775 737,779 736,780 737,791 736,791 692,792 691,791 681,791 681,790 680,757 680,757 678,757 677,756 578,757 577,757 577,779 576,780 577,783 576,784 573,784 573,784 573,785 572,786 571,786 570,785 569,785 568,784 567,784 566,783 565,783 564,782 563,782 562,781 561,781 559,779 558,779 555,776 554,776 551,773 551,757 551,757 542,757 541,757 541,744 542,743 582,743 583,744 719,743 720,743 724,743 724,743 724,723 724,722 736,722 737,723 737,743 738,743 746,743 746,744 746,746 747,746 871,745 871,745 871,744 872,743 884,743 884,744 884,746 885,746 996,745 996,745 996,744 997,743 1151,742 1151,741 1151,740 1152,740 1160,740 1160,740 1160,742 1161,743 1173,743 1173,743 1173,745 1174,746 1177,746 1178,746 1181,746 1181,747 1181,753 1182,753 1186,753 1186,754 1186,760 1187,760 1190,760 1190,761 1190,770 1190,770 1187,770 1186,771 1186,777 1186,777 1181,777 1180,778 1181,784 1180,784 1177,785 1177,785 1177,789 1176,790"/><TextEquiv index="1"><Unicode></Unicode></TextEquiv></TextLine><TextLine id="r0_l004"><Coords points="1630,787 1629,786 1309,788 1308,787 1272,788 1272,787 1271,774 1271,774 1269,774 1268,773 1268,750 1268,750 1256,750 1255,749 1255,740 1256,740 1292,740 1293,740 1337,740 1338,741 1509,740 1510,741 1799,738 1799,738 1799,737 1800,736 1865,736 1866,736 1911,736 1911,737 1911,746 1911,746 1903,746 1902,747 1902,750 1902,750 1899,750 1898,751 1898,773 1897,774 1898,784 1897,784"/><TextEquiv index="1"><Unicode></Unicode></TextEquiv></TextLine><TextLine id="r0_l005"><Coords points="629,950 1867,939 1868,1035 630,1046"/><TextEquiv index="1"><Unicode>D'ELIAET,</Unicode></TextEquiv></TextLine><TextLine id="r0_l006"><Coords points="629,1108 1773,1098 1774,1214 630,1224"/><TextEquiv index="1"><Unicode>à Madame d'ALr.</Unicode></TextEquiv></TextLine><TextLine id="r0_l007"><Coords points="617,1348 475,1350 474,1349 474,1339 475,1339 478,1339 478,1338 478,1329 479,1329 482,1329 482,1328 482,1319 483,1319 487,1319 487,1318 487,1312 488,1312 491,1312 491,1311 491,1305 492,1305 495,1304 495,1304 495,1303 496,1302 500,1302 500,1302 500,1299 501,1298 504,1298 504,1298 504,1296 504,1295 507,1295 508,1295 508,1292 508,1291 516,1291 517,1291 517,1289 517,1288 524,1288 525,1288 525,1286 525,1285 533,1285 534,1285 534,1282 534,1281 542,1281 543,1281 543,1279 543,1278 566,1278 567,1277 566,1229 567,1229 767,1227 767,1228 767,1230 767,1230 760,1230 759,1231 759,1233 759,1233 755,1233 754,1234 754,1237 754,1237 573,1239 572,1239 574,1240 574,1241 575,1242 575,1244 576,1245 576,1246 577,1247 577,1248 578,1249 578,1251 579,1252 579,1253 580,1254 580,1255 581,1256 581,1258 582,1259 582,1260 583,1261 583,1262 584,1263 584,1265 585,1266 585,1267 586,1268 586,1269 587,1270 587,1272 588,1273 588,1274 589,1275 589,1276 590,1278 602,1278 603,1278 603,1280 603,1281 606,1281 607,1281 628,1281 629,1282 629,1285 629,1285 632,1285 633,1286 633,1288 633,1288 637,1288 638,1289 638,1322 638,1322 634,1322 633,1323 633,1326 633,1326 621,1326 620,1327 620,1349"/><TextEquiv index="1"><Unicode></Unicode></TextEquiv></TextLine><TextLine id="r0_l008"><Coords points="1148,1435 1147,1434 1147,1414 1147,1414 967,1415 966,1414 863,1415 862,1416 862,1418 862,1418 838,1418 837,1417 747,1418 746,1418 746,1415 746,1414 686,1415 685,1414 591,1415 590,1415 590,1417 590,1418 548,1418 547,1418 547,1416 547,1415 535,1415 534,1415 534,1412 533,1411 525,1411 525,1411 525,1409 524,1408 517,1408 517,1408 517,1405 516,1404 508,1404 508,1404 508,1402 507,1401 500,1401 500,1401 500,1395 499,1394 493,1394 492,1394 491,1394 491,1393 491,1391 490,1391 487,1391 487,1390 487,1384 486,1384 482,1384 482,1383 482,1374 481,1374 478,1374 478,1373 478,1367 477,1367 474,1367 474,1366 473,1354 474,1353 474,1350 475,1350 495,1349 496,1348 518,1348 519,1347 521,1347 521,1348 522,1370 522,1370 524,1370 525,1371 525,1381 525,1381 529,1381 530,1382 624,1381 625,1381 625,1378 625,1377 628,1377 629,1377 629,1375 629,1374 680,1374 681,1373 681,1370 681,1370 693,1370 694,1369 694,1367 694,1367 697,1367 698,1366 698,1363 698,1363 701,1363 702,1362 701,1353 702,1353 707,1353 707,1352 707,1350 708,1350 711,1350 711,1350 711,1352 712,1353 719,1353 719,1353 720,1369 720,1370 722,1369 724,1371 724,1374 724,1374 836,1374 837,1373 836,1344 837,1343 858,1343 858,1344 859,1374 859,1374 952,1373 953,1373 953,1371 953,1370 1065,1370 1066,1370 1073,1370 1074,1371 1074,1374 1074,1374 1167,1374 1168,1373 1168,1370 1168,1370 1180,1369 1181,1370 1262,1370 1263,1369 1262,1350 1263,1350 1272,1350 1272,1349 1272,1346 1273,1346 1276,1346 1277,1347 1363,1346 1363,1346 1363,1349 1364,1350 1366,1350 1366,1350 1367,1352 1367,1353 1370,1353 1371,1353 1371,1366 1371,1367 1383,1367 1384,1368 1495,1367 1496,1368 1586,1367 1587,1366 1586,1348 1587,1347 1587,1346 1588,1346 1609,1346 1609,1346 1610,1387 1610,1388 1664,1387 1665,1388 1665,1391 1665,1391 1767,1390 1768,1390 1768,1388 1768,1387 1867,1387 1868,1386 1868,1361 1868,1360 1871,1360 1872,1360 1872,1351 1872,1350 1875,1350 1876,1350 1875,1347 1876,1346 1876,1344 1877,1343 1881,1343 1881,1343 1881,1340 1882,1339 1889,1339 1889,1339 1889,1337 1890,1336 1902,1336 1902,1337 1902,1339 1903,1339 1911,1339 1911,1340 1912,1363 1912,1363 1982,1363 1983,1363 2000,1363 2001,1364 2001,1367 2001,1367 2005,1367 2006,1368 2006,1374 2006,1374 2022,1374 2023,1375 2023,1377 2023,1377 2039,1377 2040,1377 2040,1393 2039,1394 2006,1394 2006,1395 2006,1408 2006,1408 1998,1408 1997,1407 1912,1408 1911,1407 1769,1408 1768,1407 1709,1408 1708,1407 1708,1404 1707,1404 1691,1404 1609,1405 1609,1405 1609,1407 1609,1408 1605,1408 1604,1408 1604,1410 1604,1411 1532,1411 1531,1410 1346,1412 1345,1413 1345,1415 1345,1415 1299,1415 1298,1414 1174,1416 1173,1416 1173,1434 1173,1435"/><TextEquiv index="1"><Unicode>élessz puiſſance!.... ſou-</Unicode></TextEquiv></TextLine><TextLine id="r0_l009"><Coords points="370,1459 2045,1444 2046,1528 371,1543"/><TextEquiv index="1"><Unicode>veraine bonté .....! Puis-je aſſez</Unicode></TextEquiv></TextLine><TextLine id="r0_l010"><Coords points="461,1565 2045,1551 2046,1640 462,1654"/><TextEquiv index="1"><Unicode>vous remercier? mon Dieu, que</Unicode></TextEquiv></TextLine><TextLine id="r0_l011"><Coords points="461,1665 2050,1651 2050,1743 462,1757"/><TextEquiv index="1"><Unicode>vous êtes bon! Luzan reſpire, il eſt</Unicode></TextEquiv></TextLine><TextLine id="r0_l012"><Coords points="461,1771 2049,1757 2049,1859 462,1873"/><TextEquiv index="1"><Unicode>hors de danger: il ne mourra pas,</Unicode></TextEquiv></TextLine><TextLine id="r0_l013"><Coords points="461,1877 2049,1863 2050,1953 461,1967"/><TextEquiv index="1"><Unicode>&amp; mes yeux jouiront encore du</Unicode></TextEquiv></TextLine><TextLine id="r0_l014"><Coords points="464,1979 2045,1965 2046,2060 465,2074"/><TextEquiv index="1"><Unicode>bonheur ſuprême de le revoir.....</Unicode></TextEquiv></TextLine><TextLine id="r0_l015"><Coords points="465,2089 2053,2075 2054,2167 466,2181"/><TextEquiv index="1"><Unicode>Mon cœur treſſaille &amp; peut à peine</Unicode></TextEquiv></TextLine><TextLine id="r0_l016"><Coords points="469,2193 2045,2179 2046,2273 470,2287"/><TextEquiv index="1"><Unicode>ſuffire à ce doux eſpoir: mais hélas!</Unicode></TextEquiv></TextLine><TextLine id="r0_l017"><Coords points="681,2398 681,2397 681,2391 680,2391 499,2392 498,2391 495,2392 495,2391 495,2388 494,2388 491,2388 491,2387 490,2368 490,2368 488,2368 487,2367 487,2364 487,2364 475,2364 474,2363 474,2357 474,2357 470,2357 469,2356 469,2340 470,2340 474,2340 474,2339 474,2333 475,2333 478,2333 478,2332 478,2330 479,2330 508,2329 508,2329 508,2328 508,2327 594,2327 595,2326 595,2323 595,2323 714,2322 715,2321 715,2303 715,2303 732,2302 733,2302 733,2300 733,2299 831,2299 832,2298 832,2296 832,2296 841,2295 842,2296 844,2296 845,2297 845,2299 845,2299 848,2299 849,2300 1806,2292 1807,2292 1807,2290 1807,2289 1862,2289 1863,2289 1863,2291 1863,2292 1867,2292 1868,2292 1868,2309 1868,2310 1953,2309 1954,2310 2009,2309 2010,2310 2010,2313 2010,2313 2013,2313 2014,2314 2014,2323 2015,2323 2057,2323 2057,2323 2057,2326 2058,2327 2062,2327 2062,2327 2062,2332 2062,2333 2058,2333 2057,2333 2057,2336 2057,2337 2007,2337 2006,2338 2006,2354 2006,2354 1912,2355 1911,2356 1911,2357 1911,2357 1903,2357 1902,2356 810,2366 809,2366 810,2395 809,2396 685,2397 684,2398"/><TextEquiv index="1"><Unicode>quan ſera-t-il comblé?.... Ecar-</Unicode></TextEquiv></TextLine><TextLine id="r0_l018"><Coords points="1899,2474 1898,2474 1898,2472 1898,2471 1890,2471 1889,2471 1889,2460 1889,2459 1765,2460 1764,2459 1670,2460 1669,2459 1515,2461 1514,2461 1514,2463 1514,2464 1506,2464 1505,2463 1505,2460 1505,2460 1411,2461 1410,2461 1410,2463 1410,2464 1333,2464 1332,2465 1332,2467 1332,2467 1302,2467 1301,2466 1152,2468 1151,2468 1151,2470 1151,2471 1144,2471 1143,2470 1143,2467 1143,2467 1018,2468 1017,2468 1017,2470 1017,2471 1010,2471 1009,2470 846,2471 845,2470 647,2472 646,2473 646,2474 646,2474 639,2474 638,2473 500,2474 499,2473 483,2474 482,2473 482,2471 482,2471 479,2471 478,2470 478,2440 477,2440 474,2440 474,2439 474,2433 474,2433 481,2433 482,2432 482,2429 482,2429 494,2429 495,2429 495,2432 495,2433 498,2432 499,2433 594,2433 595,2432 595,2429 595,2429 680,2428 681,2427 681,2398 681,2398 697,2398 698,2397 809,2396 810,2396 810,2404 810,2405 814,2405 815,2405 815,2408 815,2409 818,2409 819,2409 819,2411 819,2412 822,2412 823,2412 823,2426 823,2427 878,2426 879,2427 879,2429 879,2429 1003,2428 1004,2428 1004,2427 1004,2426 1047,2426 1048,2425 1048,2405 1048,2405 1060,2405 1061,2405 1061,2408 1061,2409 1064,2409 1065,2409 1065,2425 1065,2426 1107,2425 1108,2425 1108,2424 1108,2423 1198,2422 1199,2422 1199,2420 1199,2419 1206,2419 1207,2420 1207,2423 1207,2423 1340,2422 1341,2422 1341,2400 1341,2399 1349,2399 1350,2400 1350,2419 1350,2419 1409,2419 1410,2420 1457,2419 1458,2419 1458,2400 1458,2399 1569,2398 1570,2398 1570,2396 1570,2395 1573,2395 1574,2395 1574,2393 1574,2392 1577,2392 1578,2393 1578,2395 1578,2395 1582,2395 1583,2396 1583,2416 1583,2416 1668,2415 1669,2415 1669,2413 1669,2412 1733,2412 1734,2411 1734,2399 1734,2399 1737,2399 1738,2398 1738,2395 1738,2395 1793,2394 1794,2394 1794,2393 1794,2392 1802,2392 1803,2393 1803,2395 1803,2395 1810,2395 1811,2396 1811,2402 1811,2402 1815,2402 1816,2402 1816,2415 1816,2416 1862,2416 1863,2417 1983,2416 1984,2417 2039,2416 2040,2417 2040,2419 2040,2419 2048,2419 2049,2419 2049,2422 2049,2423 2052,2423 2053,2423 2053,2425 2053,2426 2056,2426 2057,2426 2057,2452 2057,2453 2054,2453 2053,2453 2053,2456 2053,2457 2050,2457 2049,2457 2049,2459 2049,2460 1916,2461 1915,2462 1915,2467 1915,2467 1912,2467 1911,2468 1911,2471 1911,2471 1903,2471 1902,2472 1902,2474 1902,2474"/><TextEquiv index="1"><Unicode>tons nanmoins toute idée triſte; ne</Unicode></TextEquiv></TextLine><TextLine id="r0_l019"><Coords points="478,2506 2062,2492 2063,2596 479,2610"/><TextEquiv index="1"><Unicode>ſongeons qu'à la précieuſe faveur</Unicode></TextEquiv></TextLine><TextLine id="r0_l020"><Coords points="482,2618 2062,2604 2063,2697 483,2711"/><TextEquiv index="1"><Unicode>qui m'eſt accordée ..... Henriette!</Unicode></TextEquiv></TextLine><TextLine id="r0_l021"><Coords points="478,2725 2063,2711 2064,2794 479,2808"/><TextEquiv index="1"><Unicode>il exiſte, il jouit de la lumiere, il</Unicode></TextEquiv></TextLine></TextRegion></Page></PcGts>