2480 3507
595 350 1803 422 SoEEIAEETH.
600 477 2155 555 de Saintré a remis à ſon maitre, il
595 579 2155 669 y a environ une heure, en l'afſu-
599 688 2159 785 rant qu'il n'y avoit plus rien à crain-
594 781 2159 880 dre pour la vie du chevalier. S'il
565 902 2160 970 n'avoit fait l'effort de m'écrire de
591 1001 2164 1097 ſa main, je t'avoue que tous les
595 1111 2164 1179 couriers du monde ne m'auroient
478 1217 2164 1310 pas raſſurée. Saintré compte pou-
591 1323 2164 1409 voir y aller demain. Je ſerai beau-
591 1426 2164 1515 coup plus tranquille, quand je le
587 1532 2164 1632 ſçaurai aupres de lui. Je ne tarderai
491 1639 2173 1738 pas à en avoir encore des nouvelles
582 1741 2168 1831 par le meſſager qui a porté ma
556 1844 2173 1933 lettre: je ne ſuis guere occupée
582 1951 2173 2040 maintenant que de ſa guériſon. Ce-
578 2057 2177 2149 pendant, il me ſemble que ſi j'avois
574 2160 2173 2249 été préſente, lorſque la belle-ſœur
578 2266 2177 2352 de madame de N.... dit que l'on
569 2369 2173 2458 étoit réſolu de paſſer outre, ſi la
556 2472 2173 2564 marquiſe refuſoit ſon conſentement;
569 2578 2173 2670 je n'aurois pu m'empêcher de lui
548 2687 2168 2756 demander ſi l'on étoit auſſi déter-
