2480 3507
617 333 1925 425 ELISAETH.r
332 477 1938 569 miné à ſe paſſer de celui du cheva-
337 590 654 658 lier...
654 586 1920 675 ... Si peu de délicateſſe, de
332 693 1920 785 la part d'une illuſtre famille, répond
311 799 2050 888 mal à l'idée que je m'en étois faite,
332 905 1916 994 & je confeſſe que je n'ai pas bonne
306 1011 1912 1100 opinion de leur façon de penſer.
332 1114 1912 1203 Au reſte, que ceci ſoit dit ſans que
328 1224 1916 1313 mon Henriette y mêle ſes malignes
332 1327 1912 1419 obſervations, & me quitte ſous le
328 1436 1787 1529 prétexte de recevoir des viſites.
302 1543 1907 1628 Le comte a recommandé le plus
298 1649 1899 1741 grand ſecret au marquis de Saintré
293 1755 1903 1831 & à toute la maiſon, ſur la bleſſure
328 1858 1903 1944 de ſon fils; il veut ſur-tout que la
324 1964 1899 2057 marquiſe l'ignore. Cette extrême
289 2067 1903 2166 prudence prouve trop hélas! qu'il
285 2170 1899 2266 veut toujours le marier à mademoi-
315 2276 1920 2365 ſelle de N.... malgré les funeſtes
319 2382 1894 2465 effets de ſa cruelle violence. Chere
301 2488 1898 2585 amie, vois, je t'en conjure, le plus
275 2584 1893 2690 ſouvent qu'il ſera poſſible la belle-
224 2705 1903 2790 ſœur de madame de N.... & tâche
