2480 3507
561 260 1841 378 ELsAErn.S5
142 382 1725 491 mais, graces à l'amour & à tes
150 492 1721 606 ardentes prieres, il eſt rendu à la
146 599 1721 715 vie, tu te félicites de ce bonheur &
142 701 1722 825 cela doit-être, mais, qu'il eſt mêlé
142 811 1721 919 d'amertume! car, ne vas pas encore
137 916 1721 1024 t'abuſer. Luzan ne peut être à toi,
142 1023 1721 1130 & jamais, jamais tu ne pourras le
137 1133 1721 1220 voir dans les bras d'une autre ſans
137 1237 1721 1342 ſouffrir mille morts, puiſque tu
133 1345 1859 1451 l'aimes avec une tendreſſe que je
137 1453 1721 1552 croyois bien vive, mais qui l'eſt
142 1558 1721 1660 cent fois au-deſſus de ce que j'avois
133 1659 1716 1776 pu imaginer ... O mon Eliſabeth,
133 1762 1721 1875 je frémis plus que jamais des mal-
137 1875 1855 1982 heurs que cette paſſion te fera
137 1974 1715 2090 éprouver! Au nom de notre tendre
138 2087 1715 2187 amitié, ne te livre point à la trop
142 2192 1721 2286 ſéduiſante idée d'être à lui. Le mal-
142 2299 1772 2401 heureux événement, qui vient d'ar-
142 2403 1721 2510 river, t'a rendu la confiance; je le
146 2514 1716 2629 vois par ta demiere; & moi je l'ai
146 2615 1721 2730 entierement perdue. Il n'y a rien
