2480 3507
634 264 1838 336 ELsAnr.
656 381 2253 480 à eſpérer, puiſque les tendres ſolli-
660 490 2253 583 citations du chevalier n'ont point
660 597 2248 693 fléchi ſon grand-pere; puiſque ſon
656 703 2248 799 acte de déſeſpoir n'a pu lui arracher
655 811 2472 921 une feule larme de pitié; puiſque
655 913 2472 1016 dans le premier tranſport d'effroi &
655 1011 2476 1126 de douteur qu'a dû cauſer la ſan-
655 1125 2476 1223 glante cataſtrophe, cet homme im-
656 1238 2253 1334 périeux n'a pas flatté ſon fils de lui
656 1344 2248 1436 accorder ce qu'il deſiroit, pour le
652 1450 2248 1539 rappeller à la vie; il n'y a plus de
652 1556 2244 1632 reſſource. D'ailleurs, Luzan ne
652 1666 2478 1752 trouvera plus en lui la même force
647 1765 2248 1861 pour réſiſter; il eſt ſorti de ſon pro-
652 1875 2244 1974 pre caractere en cette occaſion:
483 1974 2248 2074 mais, ſois ſûre que ces prodiges
652 2091 2248 2177 n'arrivent pas deux fois. En don-
647 2194 2244 2286 nant la plus grande preuve de ſon
652 2297 2244 2396 amour, il l'a pour ainſi dire épuiſé,
647 2406 2244 2502 ou du moins fort affoibli. Ne compte
647 2513 2266 2615 donc point ſur une ferme réſiſtance
647 2622 2248 2739 de ſa part......Je déchire ton
