2480 3507
619 267 1979 370 ELESABETH.8
208 411 1801 507 emcur, chere amie, c'eſt malgré
208 521 1806 610 moi; mais, je ſçais trop combien il
217 624 1905 723 eſt dangereux de compter ſur un
221 730 1810 823 bonheur que l'on regardoit comme
212 836 1810 929 perdu par ſa propre généroſité, &
221 943 1810 1032 que l'on croit avoir recouvré par
221 1046 1819 1144 celle du ſort. Je me réjouis avec
225 1144 1814 1241 toi, & je rends graces à Dieu de
230 1258 1819 1347 ce que le coup n'a point été mortel,
230 1364 1823 1453 mais peut être eût-il mieux valu
234 1471 1823 1560 pour ton repos.... Je blaſphême
234 1577 1827 1652 ſans doute, ſelon toi. N'achevons
234 1680 1823 1772 pas ma penſée, tu ne pourrois me
234 1789 870 1875 la pardonner.
346 1896 1840 1985 Je n'ai pas revu la belle-ſœur de
238 2002 1836 2091 madame de N....Je ſçais qu'elle
238 2105 1840 2194 eſt à Paris. Des qu'elle ſera de re-
243 2204 1840 2297 tour, compte ſur mes ſoins, & ſi
251 2314 1892 2406 l'on tramoit quelque choſe contre
251 2417 1849 2496 la liberté du chevalier, ſoit cen-
251 2523 1840 2619 taine que j'en ſerois informée;
260 2629 1853 2722 cette belle-ſoœur aime à jaſer, ſur-
