2480 3507
675 343 1915 429 EEISAEETH.B
322 463 1894 555 , qui eſt ſi riche & ſi laide,
318 569 1894 658 que ſes diamants ſont plus gros que
318 672 1894 765 ſes yeux, & les figures de ſon éven-
318 782 1894 871 tail mieux deſſinées, mieux finies
322 888 1898 974 que la ſienne; en la voyant, on
322 991 1898 1083 croit que la nature n'a pas daigné
318 1097 1898 1186 mettre l'ombre de ſon ſçavoir en la
318 1200 2116 1292 formant. Elle eſt abſolument dans
322 1303 1907 1399 le cas de ces mauvais ouvrages,
326 1412 1907 1501 dont parle le gouverneur d'Emile,
322 1519 1902 1615 auxquels il faut néceſſairement un
322 1625 1915 1717 cadre doré. Certes ſes parents n'ont
248 1731 1915 1820 rien négligé ſur ce point, & tout
326 1834 1915 1923 ce qui ne luieſt pas perſonnel, eſt
152 1940 1907 2029 d'une beauté qui forme le plus riſi-
331 2046 1915 2129 ble contraſte avec ſes traits: ajou-
331 2149 1920 2242 tez à cela qu'elle eſt d'une ſottiſe,
313 2252 1911 2352 d'une ſtupidité aſſommante. auche-
326 2358 1915 2454 ment penchée dans nn fauteuil, elle
331 2465 1920 2557 paſſa trois quarts d'heure chez moi,
143 2570 1919 2661 ſans parler d'autre choſe que de
418 2660 901 2746 Partie II.
1506 2662 1628 2783 n
