2480 3507
575 320 1762 424 OELTLABETI.
576 435 2167 555 ſon chien, de ſa grande poupée
580 542 2164 662 qu'elle avoit donnée à ſa petite
580 654 2167 771 ſœur & qu'elle regrettoit beau-
585 759 2172 876 coup, diſoit-elle, parce que c'étoit
580 863 2176 966 ſon ſeul amuſement ....... Mais,
585 972 2171 1087 quel mal me veux-je donc à moi-
589 1074 2177 1195 même, pour t'entretenir ſi long-
593 1185 2180 1301 temps de cette marionnette? rai-
593 1289 2177 1417 ment j'ai bien mes raiſons, c'eſt
593 1393 2184 1515 une parente de madame de lN....
598 1504 2188 1623 & tout ce qui tient à cette famille
602 1610 2197 1731 ne ſçauroit t'être indifférent: qu'en
576 1717 2193 1833 dis-tu?..... Je pourois auſſi te
598 1827 2197 1942 dire deux mots du mari, qui ſous
602 1932 2197 2047 les dehors & le maintien le plus
602 2035 2197 2145 modeſte, cache une vanité outrée.
606 2145 2201 2266 Ne me dit-il pas, de la meilleure
602 2252 2202 2375 ſoi du monde, que tout Paris avoit
611 2351 2201 2477 approuvé ſon mariage parce que
611 2461 2201 2566 ſa femme avoit eu ſoixante mille
610 2571 2206 2692 livres de rente. A ce prix, toute la
