2480 3507
705 302 1863 387 EESAETf.
290 429 1889 518 érance y auroit applaudi, ſi elle P'a-
298 531 1889 624 voit ſçu, lui dis-je, le plus ſérieu-
298 638 1621 734 ſement qu'il me fut poſſible.
415 747 1889 843 Mais, laiſſons ces perſonnages
303 854 1893 943 pour une autre fois, ſi je m'en ſou-
298 960 1889 1049 viens; maintenant j'ai autre chole
298 1066 1889 1142 en tête, c'eſt la conduite du baron
303 1172 1893 1262 qui me tient en cervelle. Je ne ſçais
303 1275 1893 1368 à quoi attribuer ſes diſparitions.
307 1378 1893 1474 Tu imagines qu'il cherche peut être
311 1488 1898 1584 à ſe guérir de ſon malheureux pen-
307 1594 1898 1696 chant. Pauvre Eliſabeth! il eſ ſi
307 1696 1898 1793 naturel de croire ce que l'on ſou-
307 1810 1898 1892 haite! Pour moi, la ſeule choſe
306 1915 1901 2014 que je penſerois, s'il ne m'avoit
315 2013 1901 2093 étalé tous ſes habits neufs de la ſai-
316 2129 1906 2221 ſon dans mon dernier voyage, je
316 2235 1906 2324 le croirois uniquement occupé à
316 2334 1911 2424 courir chez ſes ouvriers, à tou
320 2448 1906 2537 menter l'un, à flatter l'autre, pour
316 2554 1911 2650 être plus promptement ſervi; obſé-
324 2660 1911 2753 dant ſur-tout ſon brodeur, pour
1409 2763 1591 2855 Hij
