2480 3507
629 288 1844 377 2ELIEABET.
625 415 2214 507 l'aider à perfectionner le beau ſim-
625 521 2219 614 ple de cet antique deſſein renou-
629 624 2219 703 vellé des recs, s'extaſiant ſur lui-
625 734 2219 826 même en ſongeant qu'il fixera fes
620 840 2219 932 regards de tout Paris: mais toutes
620 946 2378 1035 ſes emplettes font faites; à quoi
620 1049 2214 1142 paſſe-t-il donc ſon temps? Si tu n'é-
625 1159 2219 1248 tois vivement occupée d'un trop
620 1262 2214 1368 tendre intérêt, je te conſeillerois
620 1368 2214 1464 de faire obſerver ſes pas; car il faut
620 1477 2214 1570 abſolument que nous ſçachions ce
616 1584 2214 1676 qu'il fait: mais je gagerois que tu
616 1687 2214 1786 n'exiſtes que pour l'heure oû le
607 1796 2214 1882 courier doit arriver, & que toutes
607 1903 2210 1992 celles qui rempliſſent l'intervalle
422 2005 2210 2094 juſqu'à celle-là, tu voudrois les re-
607 2112 2206 2197 trancher de ton exiſtence, ou les
599 2221 2197 2310 paſſer tout au moins dans une pro-
573 2324 2197 2417 onde léthargie; ainſi il y auroit de
594 2434 2201 2523 la cruauté d'exiger d'autres ſoins
599 2540 2201 2637 de toi, que ceux qui ont rapport à
508 2637 2197 2735 ton amour. Paſſe donc les jours &
