2480 3507
631 322 1872 439 ELISABETH.
313 456 1881 566 volution dangereuſe, puiſque ſa
313 583 1881 669 fievre eſt conſidérablement augmen-
313 686 1881 775 tée; ce qui a décidé ſon ami à
313 792 1881 891 l'empêcher d'écrire. Haut-il hélas
322 898 1894 987 que je tremble ſans ceſſe pour ſes
318 1004 1885 1094 jours! Eh que ſçais-je encore ſi l'on
318 1111 1889 1196 ne me deguiſe point une plus fu-
1080 1217 1885 1303 ..., Dieu! quand
313 1214 1049 1282 neſte vérité?...
266 1320 1885 1405 finiront mes allarmes? je ſuis dans
300 1426 1885 1512 la plus terrible agitation juſqu'à ce
313 1529 1881 1618 que j'aie reçu d'autres nouvelles.
313 1639 2063 1721 Elles ne tarderont pas, ſi j'en crois
309 1738 1972 1837 les promeſſes du zélé Saintré: mais
313 1837 1889 1930 Henriette, ſonge qu'il y a cinquante
313 1951 1889 2016 lieues de diſtance entre Luzan &
318 2057 1889 2139 moi, & quelque diligence que
313 2156 1894 2242 l'on faſſe, on ne peut venir aſſez tot
318 2266 1798 2352 au gré de ma tendre impatience.
440 2369 1894 2454 Pus tne amie qui ait une mai-
318 2475 1894 2564 ſon pres du comte. Ah! ſi je pout-
326 2581 1894 2667 vois en être voiſine pour uu jour,
322 2684 1889 2773 oui, un ſeul jour, je m'eſtimerois
440 2790 840 2855 Partie I.
