2480 3507
617 336 1782 422 8ELsAETH.
604 456 2173 552 heureuſe! j'aurois plus de confiance
604 566 2168 655 a ce que me rapporteroient les per-
600 669 2173 761 ſonnes qui l'auroient vu uu quart
380 775 2181 867 d'heure avant que de me parler; mais
591 881 2173 967 je ſuis condamnée à craindre, à
600 987 2164 1076 eſpérer & à douter de tout. O mon
591 1094 2177 1183 Henriette! il n'eſt rien de plus
595 1200 2177 1289 cruel quie cette ſituation, aimer
591 1303 2164 1395 juſqu'à l'idolatrie, n'oſer ſe livrer
582 1409 2199 1495 à ſa tendreſſe, ne ſe permettre de
582 1512 2168 1601 la faire éclater que dans l'affreux
586 1614 2159 1711 moment ou l'on ſe voit ſur le point
1690 1721 2155 1789 ... Chere
581 1710 1645 1809 d'en perdre l'objet....
582 1827 2151 1927 amie, par pitié ne me parle plus
578 1933 2151 2022 de renoncer à Luzan; je ne me ſens
569 2036 2378 2125 plus capable de ce ſacrifice, depuis
569 2142 2147 2232 que la mort prête à me le ravir, me
565 2245 2168 2338 l'a rendu mille fois plus cher qu'il
569 2355 2151 2441 ne me le fut jamais. Tout mon
417 2458 2147 2554 ſang ſe bouleverſe, mon cœur ſe
565 2564 2151 2653 fond chaque fois que je veux pro-
338 2674 2142 2788 noncer ces terribles mots: Il ne
