<PcGts xmlns="http://schema.primaresearch.org/PAGE/gts/pagecontent/2017-07-15" xmlns:xsi="http://www.w3.org/2001/XMLSchema-instance" xsi:schemaLocation="http://schema.primaresearch.org/PAGE/gts/pagecontent/2017-07-15 http://schema.primaresearch.org/PAGE/gts/pagecontent/2017-07-15/pagecontent.xsd"><Metadata><Creator>User123</Creator><Created>2020-09-09T00:39:19</Created><LastChange>2020-09-09T00:39:19</LastChange></Metadata><Page imageFilename="0112.png" imageHeight="3507" imageWidth="2480"><TextRegion id="r0" type="paragraph" orientation="-0.0"><Coords points="1,1 2478,1 2478,3505 1,3505"/><TextLine id="r0_l001"><Coords points="592,254 1749,254 1749,322 592,322"/><TextEquiv index="1"><Unicode>TELISASET MH.</Unicode></TextEquiv></TextLine><TextLine id="r0_l002"><Coords points="583,370 2120,370 2120,466 583,466"/><TextEquiv index="1"><Unicode>comme je vis qu'elle n'étoit faite</Unicode></TextEquiv></TextLine><TextLine id="r0_l003"><Coords points="583,477 2124,477 2124,569 583,569"/><TextEquiv index="1"><Unicode>que pour entrer en matiere ſur le</Unicode></TextEquiv></TextLine><TextLine id="r0_l004"><Coords points="1115,686 1114,685 1111,685 1110,685 1110,651 1110,650 1047,650 1046,651 1046,654 1046,654 987,654 986,654 986,651 986,650 640,650 638,650 637,651 637,654 637,654 634,654 633,654 633,651 633,650 592,650 591,650 591,648 591,647 583,647 582,647 582,607 583,606 701,606 701,606 701,590 702,589 727,589 727,590 727,609 728,609 850,609 850,609 850,607 851,606 927,606 927,606 927,593 928,592 931,592 931,592 931,590 932,589 1004,589 1004,590 1004,592 1005,592 1008,592 1008,593 1008,609 1009,609 1114,609 1114,609 1114,603 1115,602 1118,602 1118,602 1118,593 1119,592 1127,592 1127,592 1127,590 1128,589 1135,589 1135,589 1135,586 1136,585 1208,585 1208,586 1208,589 1209,589 1212,589 1212,590 1212,609 1213,609 1293,609 1293,610 1293,613 1294,613 1297,613 1297,614 1297,616 1298,616 1301,616 1301,617 1301,640 1302,640 1395,640 1395,640 1395,600 1396,599 1399,599 1399,599 1399,590 1400,589 1404,589 1404,589 1404,586 1405,585 1412,585 1412,586 1412,589 1413,589 1416,589 1416,590 1416,592 1417,592 1421,592 1421,593 1421,613 1422,613 1531,613 1531,613 1531,600 1532,599 1536,599 1536,599 1536,597 1537,596 1540,596 1540,596 1540,593 1541,592 1544,592 1544,592 1544,590 1545,589 1561,589 1561,590 1561,592 1562,592 1625,592 1625,593 1625,609 1626,609 1753,609 1753,609 1753,590 1754,589 1765,589 1765,590 1765,592 1766,592 1770,592 1770,593 1770,609 1771,609 1927,609 1927,609 1927,607 1928,606 2055,606 2055,606 2055,603 2056,602 2119,602 2119,603 2119,609 2120,609 2123,609 2123,610 2123,626 2124,626 2127,626 2127,627 2127,633 2127,633 2124,633 2123,634 2123,644 2123,644 2115,644 2114,645 2114,647 2114,647 2022,647 2021,648 2021,668 2021,668 2018,668 2017,669 2017,671 2017,671 2001,671 2000,671 2000,669 2000,668 1996,668 1995,668 1995,651 1995,650 1796,650 1795,651 1795,654 1795,654 1690,654 1689,655 1689,668 1689,668 1686,668 1685,669 1685,671 1685,671 1681,671 1680,672 1680,674 1680,674 1673,674 1672,675 1672,678 1672,678 1656,678 1655,678 1655,675 1655,674 1643,674 1642,674 1642,672 1642,671 1639,671 1638,671 1638,655 1638,654 1422,654 1421,655 1421,671 1421,671 1417,671 1416,672 1416,678 1416,678 1405,678 1404,678 1404,669 1404,668 1337,668 1336,668 1336,655 1336,654 1213,654 1212,655 1212,664 1212,664 1209,664 1208,665 1208,668 1208,668 1205,668 1204,669 1204,671 1204,671 1196,671 1195,671 1195,655 1195,654 1149,654 1148,654 1148,651 1148,650 1119,650 1118,651 1118,686 1118,686"/><TextEquiv index="1"><Unicode>redoutable ſujet, je feignis ne pas</Unicode></TextEquiv></TextLine><TextLine id="r0_l005"><Coords points="1520,784 1519,784 1519,782 1519,781 1515,781 1514,781 1514,758 1514,757 1358,757 1357,758 1357,764 1357,764 1354,764 1353,765 1353,767 1353,767 1349,767 1348,768 1348,770 1348,770 1337,770 1336,770 1336,761 1336,760 907,760 906,760 906,758 906,757 847,757 846,758 846,770 846,770 843,770 842,770 842,758 842,757 749,757 748,757 748,754 748,753 655,753 654,754 654,757 654,757 600,757 599,758 599,760 599,760 596,760 595,760 595,758 595,757 587,757 586,757 586,754 586,753 583,753 582,753 582,720 583,719 586,719 586,719 586,693 587,692 599,692 599,693 599,695 600,695 608,695 608,696 608,698 609,698 633,698 633,699 633,712 634,712 663,712 663,713 663,716 664,716 795,716 795,716 795,699 796,698 799,698 799,698 799,696 800,695 803,695 803,695 803,693 804,692 808,692 808,693 808,695 809,695 812,695 812,696 812,716 813,716 1114,716 1114,716 1114,687 1115,686 1118,686 1118,687 1118,688 1119,688 1123,688 1123,689 1123,695 1124,695 1191,695 1191,696 1191,719 1192,719 1293,719 1293,720 1293,722 1294,722 1297,722 1297,723 1297,746 1298,746 1391,746 1391,746 1391,734 1392,733 1395,733 1395,733 1395,730 1396,729 1399,729 1399,729 1399,727 1400,726 1404,726 1404,726 1404,723 1405,722 1408,722 1408,722 1408,703 1409,702 1412,702 1412,702 1412,699 1413,698 1421,698 1421,698 1421,696 1422,695 1527,695 1527,696 1527,716 1528,716 1650,716 1650,716 1650,696 1651,695 1680,695 1680,696 1680,716 1681,716 1880,716 1880,716 1880,713 1881,712 1948,712 1948,712 1948,693 1949,692 1961,692 1961,692 1961,689 1962,688 2093,688 2093,688 2093,686 2094,685 2102,685 2102,686 2102,688 2103,688 2106,688 2106,689 2106,695 2107,695 2110,695 2110,696 2110,698 2111,698 2114,698 2114,699 2114,712 2115,712 2119,712 2119,713 2119,716 2120,716 2123,716 2123,717 2123,740 2124,740 2127,740 2127,741 2127,746 2127,746 2124,746 2123,747 2123,750 2123,750 2107,750 2106,751 2106,753 2106,753 1958,753 1957,754 1957,757 1957,757 1720,757 1719,758 1719,760 1719,760 1532,760 1531,761 1531,777 1531,777 1528,777 1527,778 1527,781 1527,781 1524,781 1523,782 1523,784 1523,784"/><TextEquiv index="1"><Unicode>l'avoir entendue, &amp; je demandai à</Unicode></TextEquiv></TextLine><TextLine id="r0_l006"><Coords points="587,799 2132,799 2132,888 587,888"/><TextEquiv index="1"><Unicode>voir la voiture.... Les peintures</Unicode></TextEquiv></TextLine><TextLine id="r0_l007"><Coords points="583,902 2132,902 2132,998 583,998"/><TextEquiv index="1"><Unicode>ſont d'une extravagance .... Ima-</Unicode></TextEquiv></TextLine><TextLine id="r0_l008"><Coords points="583,1011 2137,1011 2137,1100 583,1100"/><TextEquiv index="1"><Unicode>gine-toi qu'il s'eſt fait repréſenter</Unicode></TextEquiv></TextLine><TextLine id="r0_l009"><Coords points="587,1118 2141,1118 2141,1207 587,1207"/><TextEquiv index="1"><Unicode>en berger, vétu de blanc &amp; couleur</Unicode></TextEquiv></TextLine><TextLine id="r0_l010"><Coords points="587,1220 2137,1220 2137,1313 587,1313"/><TextEquiv index="1"><Unicode>de roſe, jouaht du chalumeau un</Unicode></TextEquiv></TextLine><TextLine id="r0_l011"><Coords points="587,1330 2137,1330 2137,1416 587,1416"/><TextEquiv index="1"><Unicode>genoux en terre devant l'amour,</Unicode></TextEquiv></TextLine><TextLine id="r0_l012"><Coords points="587,1433 2141,1433 2141,1525 587,1525"/><TextEquiv index="1"><Unicode>comme tu ſçais que nous l'avons</Unicode></TextEquiv></TextLine><TextLine id="r0_l013"><Coords points="587,1536 2145,1536 2145,1632 587,1632"/><TextEquiv index="1"><Unicode>ſurpris quelquefois dans ſon cabinet</Unicode></TextEquiv></TextLine><TextLine id="r0_l014"><Coords points="1217,1649 2145,1649 2145,1731 1217,1731"/><TextEquiv index="1"><Unicode>... ous voyez, me</Unicode></TextEquiv></TextLine><TextLine id="r0_l015"><Coords points="587,1642 1179,1642 1179,1731 587,1731"/><TextEquiv index="1"><Unicode>de giaces...</Unicode></TextEquiv></TextLine><TextLine id="r0_l016"><Coords points="592,1748 2145,1748 2145,1841 592,1841"/><TextEquiv index="1"><Unicode>dit-il, qu'en toute occaſion je ré-</Unicode></TextEquiv></TextLine><TextLine id="r0_l017"><Coords points="587,1855 2145,1855 2145,1947 587,1947"/><TextEquiv index="1"><Unicode>vere le dieu du ſentiment que vous</Unicode></TextEquiv></TextLine><TextLine id="r0_l018"><Coords points="1451,1961 2145,1961 2145,2033 1451,2033"/><TextEquiv index="1"><Unicode>.... Comme le</Unicode></TextEquiv></TextLine><TextLine id="r0_l019"><Coords points="592,1961 1417,1961 1417,2050 592,2050"/><TextEquiv index="1"><Unicode>m'avez inſpiré....</Unicode></TextEquiv></TextLine><TextLine id="r0_l020"><Coords points="592,2067 2145,2067 2145,2149 592,2149"/><TextEquiv index="1"><Unicode>caroſſe eſt extrêmement riche &amp;</Unicode></TextEquiv></TextLine><TextLine id="r0_l021"><Coords points="592,2177 2145,2177 2145,2269 592,2269"/><TextEquiv index="1"><Unicode>beau en générai, je lui donnai tant</Unicode></TextEquiv></TextLine><TextLine id="r0_l022"><Coords points="587,2280 2145,2280 2145,2372 587,2372"/><TextEquiv index="1"><Unicode>d'éloges ſur ſon bon goût, ſa ma-</Unicode></TextEquiv></TextLine><TextLine id="r0_l023"><Coords points="592,2389 2145,2389 2145,2478 592,2478"/><TextEquiv index="1"><Unicode>gnificence, que les vapeurs de cet</Unicode></TextEquiv></TextLine><TextLine id="r0_l024"><Coords points="596,2492 2141,2492 2141,2591 596,2591"/><TextEquiv index="1"><Unicode>encens abſorberent heureuſement</Unicode></TextEquiv></TextLine><TextLine id="r0_l025"><Coords points="587,2605 2141,2605 2141,2694 587,2694"/><TextEquiv index="1"><Unicode>ſes tendres feux. Tu m'as appris le</Unicode></TextEquiv></TextLine></TextRegion></Page></PcGts>