<PcGts xmlns="http://schema.primaresearch.org/PAGE/gts/pagecontent/2017-07-15" xmlns:xsi="http://www.w3.org/2001/XMLSchema-instance" xsi:schemaLocation="http://schema.primaresearch.org/PAGE/gts/pagecontent/2017-07-15 http://schema.primaresearch.org/PAGE/gts/pagecontent/2017-07-15/pagecontent.xsd"><Metadata><Creator>User123</Creator><Created>2020-09-09T00:39:20</Created><LastChange>2020-09-09T00:39:20</LastChange></Metadata><Page imageFilename="0113.png" imageHeight="3507" imageWidth="2480"><TextRegion id="r0" type="paragraph" orientation="-0.0"><Coords points="1,1 2478,1 2478,3505 1,3505"/><TextLine id="r0_l001"><Coords points="682,302 1855,302 1855,391 682,391"/><TextEquiv index="1"><Unicode>ELISABETH.O</Unicode></TextEquiv></TextLine><TextLine id="r0_l002"><Coords points="311,425 1872,425 1872,528 311,528"/><TextEquiv index="1"><Unicode>vrai ſecret d'étouffer ſon amour; il</Unicode></TextEquiv></TextLine><TextLine id="r0_l003"><Coords points="307,531 1872,531 1872,624 307,624"/><TextEquiv index="1"><Unicode>ne faut qu'alimenter ſa vanité. Avec</Unicode></TextEquiv></TextLine><TextLine id="r0_l004"><Coords points="307,641 1867,641 1867,730 307,730"/><TextEquiv index="1"><Unicode>cette recette, je commence à me</Unicode></TextEquiv></TextLine><TextLine id="r0_l005"><Coords points="298,741 1863,741 1863,840 298,840"/><TextEquiv index="1"><Unicode>flatter de le guérir, ou du moins de</Unicode></TextEquiv></TextLine><TextLine id="r0_l006"><Coords points="298,854 1863,854 1863,946 298,946"/><TextEquiv index="1"><Unicode>faire une grande diverſion à ſes</Unicode></TextEquiv></TextLine><TextLine id="r0_l007"><Coords points="298,960 1863,960 1863,1049 298,1049"/><TextEquiv index="1"><Unicode>idées conjugales; ce qui eſt la ſeule</Unicode></TextEquiv></TextLine><TextLine id="r0_l008"><Coords points="294,1063 1859,1063 1859,1159 294,1159"/><TextEquiv index="1"><Unicode>choſe que je redoute, parce qu'é-</Unicode></TextEquiv></TextLine><TextLine id="r0_l009"><Coords points="290,1169 1859,1169 1859,1255 290,1255"/><TextEquiv index="1"><Unicode>tant tres honnête &amp; fort réſervé, ſes</Unicode></TextEquiv></TextLine><TextLine id="r0_l010"><Coords points="290,1279 1855,1279 1855,1368 290,1368"/><TextEquiv index="1"><Unicode>expreſſions galantes ne m'afligent</Unicode></TextEquiv></TextLine><TextLine id="r0_l011"><Coords points="290,1382 1991,1382 1991,1483 290,1483"/><TextEquiv index="1"><Unicode>que lorſqu'elles ſont le réſultat de</Unicode></TextEquiv></TextLine><TextLine id="r0_l012"><Coords points="286,1483 1842,1483 1842,1580 286,1580"/><TextEquiv index="1"><Unicode>ſon projet de mariage: ſans cela,</Unicode></TextEquiv></TextLine><TextLine id="r0_l013"><Coords points="281,1591 1846,1591 1846,1687 281,1687"/><TextEquiv index="1"><Unicode>je trouve qu'il m'amuſeroit par ſes</Unicode></TextEquiv></TextLine><TextLine id="r0_l014"><Coords points="277,1700 1842,1700 1842,1793 277,1793"/><TextEquiv index="1"><Unicode>tournures romaneſques. Enfin, le</Unicode></TextEquiv></TextLine><TextLine id="r0_l015"><Coords points="277,1807 1842,1807 1842,1896 277,1896"/><TextEquiv index="1"><Unicode>voila occupé pluſieurs jours à par-</Unicode></TextEquiv></TextLine><TextLine id="r0_l016"><Coords points="277,1909 1846,1909 1846,1988 277,1988"/><TextEquiv index="1"><Unicode>courir ſes connoiſſances, cherchant</Unicode></TextEquiv></TextLine><TextLine id="r0_l017"><Coords points="269,2016 1846,2016 1846,2108 269,2108"/><TextEquiv index="1"><Unicode>par-tout le tribut de ſon équipage</Unicode></TextEquiv></TextLine><TextLine id="r0_l018"><Coords points="277,2122 1846,2122 1846,2211 277,2211"/><TextEquiv index="1"><Unicode>&amp; de la grande livrée neuve. Je</Unicode></TextEquiv></TextLine><TextLine id="r0_l019"><Coords points="269,2225 1855,2225 1855,2321 269,2321"/><TextEquiv index="1"><Unicode>ſuis ſûre que quand il eſt quelque</Unicode></TextEquiv></TextLine><TextLine id="r0_l020"><Coords points="264,2334 1838,2334 1838,2427 264,2427"/><TextEquiv index="1"><Unicode>part, il a toujours vingt commiſſions</Unicode></TextEquiv></TextLine><TextLine id="r0_l021"><Coords points="273,2437 1838,2437 1838,2537 273,2537"/><TextEquiv index="1"><Unicode>à donner à ſes gens, pour avoir</Unicode></TextEquiv></TextLine><TextLine id="r0_l022"><Coords points="230,2547 1838,2547 1838,2615 230,2615"/><TextEquiv index="1"><Unicode>occaſion de les faire voir à l'aſſem-</Unicode></TextEquiv></TextLine><TextLine id="r0_l023"><Coords points="269,2650 1838,2650 1838,2753 269,2753"/><TextEquiv index="1"><Unicode>blée. Mais cette ſenſation épuiſée,</Unicode></TextEquiv></TextLine><TextLine id="r0_l024"><Coords points="1364,2759 1522,2759 1522,2828 1364,2828"/><TextEquiv index="1"><Unicode>Iiv</Unicode></TextEquiv></TextLine></TextRegion></Page></PcGts>