2480 3507
542 274 1819 367 IOAELSAEETI.
460 405 2163 494 que lui reſtera-t -il? rien ſans doute:
624 514 2167 603 & le vuide de ſon eſprit le rame-
624 614 2176 689 nera au beſoin de ſon cœur, & la
619 717 2172 812 pauvre Eliſabeth ſera perſécutée de
619 850 1028 895 nouveau.
727 929 2180 1022 Tu paſſes donc ta vie, chere
619 1039 2180 1128 Henriette, à être garde - malade.
619 1145 2185 1210 L'excellence de ton cœur te fait
619 1248 2189 1340 partager les maux de tous ceux qui
615 1354 2189 1433 t'environnent. Que monſieur d'AIbi
615 1457 2193 1546 doit t'aimer & plus encore t'eſti-
615 1560 2198 1660 mer, par l'attachement que tu ron-
619 1660 2198 1759 tres pour tous les ſiens! S'il n'a pas
615 1769 2198 1841 encore trouvé en toi les divins
619 1875 2202 1964 feux de l'amour, tu l'en dédom-
619 1978 2202 2070 mages bien par les preuves con-
602 2084 2198 2173 ſtantes de la plus tendre amitié.
619 2190 2202 2280 Que tu parois reſpectable à mes
611 2293 2202 2386 yeux! Tu remplis les devoirs de
624 2403 2202 2485 mere ſans l'être, tu remplis ceux
619 2506 2210 2609 d'épouſe & de fille, comme ſi tu
619 2612 2219 2701 étois conduite par le plus vif
