2480 3507
719 267 1928 375 ELISABETH.Io5
379 375 1924 487 amour. Chere amie, que ne puis-je
370 501 1928 590 penſer ſans ceſſe à tes vertus! elles
370 603 1924 696 font une impreſſion ſi vive ſur moi,
375 713 1928 799 qu'elles me rendroient capable de
375 816 1932 908 ſuivre la raiſon qui m'a aban-
379 922 1932 1011 donnée depuis le funeſte déſeſpoir
379 1028 1937 1130 du chevalier ........ Ah! je vois
383 1130 1941 1224 toujours cette cruelle épée prête à
383 1238 1937 1330 ſe replonger dans ſon ſein, & je
383 1340 1941 1444 veux l'en préſerver à quelque prix
285 1444 1941 1546 que ce ſoit. Plains ton Eliſabeth,
392 1556 1941 1652 mais ne la condamne pas, elle eſt
387 1666 1183 1769 trop malheureuſe.
