2480 3507
669 254 1897 375 ELISABETH.o
307 375 1872 456 de te faire un crime de tes fatteuſes
316 490 1872 579 chimeres; conſerve - les, puiſque
256 597 1872 697 leur illuſion adoucit tes peines;
307 697 1867 792 mais je réponds, encore un coup,
307 806 1867 898 que jamais tu ne les réaliſeras aux
298 912 1872 1004 dépens de la vertu. Le moyen, dont
303 1018 1867 1111 s'a parlé Saintré, eſt un projet qui
303 1128 1867 1220 ne peut être conçu que par un bon
298 1231 1867 1323 cœur, plus occupé du bonheur
303 1340 1867 1433 paſſager de ſes amis que du bien
307 1443 1867 1536 général. Mais toi, chere amie,
303 1549 1867 1642 ont l'ame eſt ſuſceptible de tous
298 1659 1863 1735 les ſentiments tendres & vertueux,
298 1769 1863 1855 tu ne ſouffrirois point que Luzan,
294 1872 1863 1964 quand il en auroit la liberté, s'exilt
294 1978 1863 2070 de ſa famille, de ſa patrie, errât
294 2084 1919 2173 miſérablement loin de tout ce qui
298 2187 1859 2280 lui eſt cher, dans le vain eſpoir de
294 2293 1859 2389 vous réunir un jour: trop d'obſte-
298 2400 1859 2492 cles s'oppoſent à de ſi doux nœuds.
303 2513 1859 2602 Tu ne peux que berçer ta douleur
303 2612 1855 2729 & non la calmer par l'eſpérance...
