2480 3507
635 367 1842 442 ELISABETH.Io
260 483 1816 586 à ſes rigueurs? La patience ſeroit
260 593 1850 672 le vrai remede; mais, mes larmes
209 696 1846 798 ſont ma plus ordinaire reffource;
260 798 1846 884 encore fanit-il les cacher à un mari,
264 908 1821 998 dont l'extrême bonté livre quel-
264 1018 1838 1104 quefois de douloureux combats à
269 1114 1821 1210 mon cœur, parceque, des qu'il s'ap-
264 1231 1821 1316 perçoit de ma triſteſſe, il eſt tou-
269 1334 1825 1429 jours prêt à tout ſacrifierpour com-
269 1440 1889 1536 bler mon unique deſir. Sa charge,
273 1546 1825 1621 ſa famille, il veut tout abandonner
273 1656 1872 1748 pour me conduire aupres de mon
277 1759 1863 1844 Elifabeth. Juge combien je ſerois
281 1861 1927 1954 mépriſable, ſi j'abuſois de ſa rare
217 1971 1859 2060 amitié: mais auſſi, le cruel role que
277 2074 1829 2160 tant de ginéroſité me contraint de
281 2180 1872 2276 jouer! Je le prie, contre le vœu de
281 2283 1867 2379 mon cœur, de ne jamais ſonger à
260 2382 1906 2478 quitter erſailles, ſi cette démar-
286 2496 1872 2585 che portoit la moindre atteinte à
179 2588 1880 2677 la fortune de ſes enfants. L'affreux
290 2711 2004 2804 ſupplice, que de s'oppoſer ſans
