2480 3507
614 319 1816 391 ELISABETH.
279 425 1829 528 culier comme elle paroiſſoit le de-
266 545 1825 614 frer. Elle m'a ſeulement dit en
266 655 1833 747 courant, que le mariage devoit ſe
219 754 1829 847 faire dans peu de jours; que cepen-
266 857 1825 950 dant, il y avoit quelques difficultés
270 967 2009 1052 auxquelles la famille ne ſe ſeroit
266 1070 1825 1155 pas attendue. Je lui ai demandé fi
270 1176 1833 1244 elle venoit du chevalier. Elle m'a
266 1282 1846 1371 fait un figne de tête & a plié les
266 1385 1837 1477 épaules d'un air ſi dédaigneux, que
266 1488 1846 1580 je n'ai pu douter combien ma
270 1597 1829 1687 queſtion lui paroiſſoit déplacée.
270 1704 1846 1789 On s'eſt mis au jeu, je n'ai rien pu
266 1803 1850 1892 ſçavoir de plus, mais j'y ſuis in-
270 1909 1936 2002 vitée à ſouper la ſemaine prochaine.
270 2016 1850 2105 Tu peux compter que je ſerai
266 2118 1855 2204 inſtruite de tout, & Dieu ſçait ſi
270 2225 1855 2314 mon Eliſabeth l'ignorera long-
210 2341 704 2420 temps.
