2480 3507
599 346 1783 432 IELSABETH.
590 466 2145 549 Eliſabeth, la lumiere me devint
599 573 2150 645 odieuſe. Je ne trouvai de remedes
589 674 2338 788 à mes maux, qu'en anéantiſſant
1727 785 2150 860 ... Mais,
586 782 1689 854 ma fatale exiſtence....
586 888 2309 974 que tu m'as rendu la vie chere, par
590 991 2145 1059 les tendres aſſurances de ton amour!
590 1097 2145 1166 Loin de vouloir déſormais en abré-
590 1203 2145 1292 ger le cours, je voudrois en avoir
543 1306 2141 1399 mille pour les employer toutes à
590 1416 2150 1495 t'adorer, à faire ta félicité, à re
590 1519 2145 1597 rendre heureuſe, à ſentir le bon-
590 1621 2150 1711 heur d'être aimé d'un cœur comme
586 1728 1025 1793 le tien...
1064 1728 2150 1813 ... Que celui qui te ren-
590 1834 2145 1929 dra cette lettre eſt heureux! que
590 1929 2141 2026 j'envie ſon ſort! Je le prévins hier
430 2039 2136 2140 de ſa commiſſion, depuis ce mo-
585 2139 2140 2234 ment il n'eſt pas entré une fois dans
586 2249 2141 2341 ma chambre, que je n'aie éprouvé
582 2358 2137 2444 la plus vive émotion. Je le regarde
577 2458 2145 2544 ſans ceſſe, comme s'il avoit déja
577 2567 2145 2657 une réponſe à me donner: il eſt
564 2670 2145 2759 devenu un être intéreſfant pour
