<PcGts xmlns="http://schema.primaresearch.org/PAGE/gts/pagecontent/2017-07-15" xmlns:xsi="http://www.w3.org/2001/XMLSchema-instance" xsi:schemaLocation="http://schema.primaresearch.org/PAGE/gts/pagecontent/2017-07-15 http://schema.primaresearch.org/PAGE/gts/pagecontent/2017-07-15/pagecontent.xsd"><Metadata><Creator>User123</Creator><Created>2020-09-09T00:39:22</Created><LastChange>2020-09-09T00:39:22</LastChange></Metadata><Page imageFilename="0125.png" imageHeight="3507" imageWidth="2480"><TextRegion id="r0" type="paragraph" orientation="-0.0"><Coords points="1,1 2478,1 2478,3505 1,3505"/><TextLine id="r0_l001"><Coords points="570,377 1756,377 1756,459 570,459"/><TextEquiv index="1"><Unicode>ELisAéETH.r</Unicode></TextEquiv></TextLine><TextLine id="r0_l002"><Coords points="220,497 1769,497 1769,590 220,590"/><TextEquiv index="1"><Unicode>moi; je ne puis lui entendre pro-</Unicode></TextEquiv></TextLine><TextLine id="r0_l003"><Coords points="220,610 1769,610 1769,693 220,693"/><TextEquiv index="1"><Unicode>noncer ton nom que le cœur ne</Unicode></TextEquiv></TextLine><TextLine id="r0_l004"><Coords points="216,699 1769,699 1769,795 216,795"/><TextEquiv index="1"><Unicode>me paſpite. J'ai toutes les peines</Unicode></TextEquiv></TextLine><TextLine id="r0_l005"><Coords points="211,812 1769,812 1769,888 211,888"/><TextEquiv index="1"><Unicode>du monde à cacher mon trouble,</Unicode></TextEquiv></TextLine><TextLine id="r0_l006"><Coords points="211,915 1765,915 1765,1008 211,1008"/><TextEquiv index="1"><Unicode>à retenir mes tranſports quand je</Unicode></TextEquiv></TextLine><TextLine id="r0_l007"><Coords points="211,1015 1774,1015 1774,1111 211,1111"/><TextEquiv index="1"><Unicode>ſonge qu'il te verra, qu'il jouira</Unicode></TextEquiv></TextLine><TextLine id="r0_l008"><Coords points="211,1121 1769,1121 1769,1217 211,1217"/><TextEquiv index="1"><Unicode>de ta divine préſence; qu'il enten-</Unicode></TextEquiv></TextLine><TextLine id="r0_l009"><Coords points="211,1231 1769,1231 1769,1313 211,1313"/><TextEquiv index="1"><Unicode>dta ce ſon de voix enchanteur,</Unicode></TextEquiv></TextLine><TextLine id="r0_l010"><Coords points="203,1334 1791,1334 1791,1426 203,1426"/><TextEquiv index="1"><Unicode>plus raviſſant pour moi que la mé-</Unicode></TextEquiv></TextLine><TextLine id="r0_l011"><Coords points="207,1440 1787,1440 1787,1529 207,1529"/><TextEquiv index="1"><Unicode>lodie céleſte .... Le profane ſen-</Unicode></TextEquiv></TextLine><TextLine id="r0_l012"><Coords points="207,1546 1778,1546 1778,1635 207,1635"/><TextEquiv index="1"><Unicode>tira t-il un ſi grand bonheur? non,</Unicode></TextEquiv></TextLine><TextLine id="r0_l013"><Coords points="207,1649 1791,1649 1791,1738 207,1738"/><TextEquiv index="1"><Unicode>il n'y a qu'un amour pur &amp; ſincere</Unicode></TextEquiv></TextLine><TextLine id="r0_l014"><Coords points="211,1755 1782,1755 1782,1841 211,1841"/><TextEquiv index="1"><Unicode>comme le mien, qui ſoit capable</Unicode></TextEquiv></TextLine><TextLine id="r0_l015"><Coords points="207,1858 1782,1858 1782,1951 207,1951"/><TextEquiv index="1"><Unicode>de rendre un digne hommage à tes</Unicode></TextEquiv></TextLine><TextLine id="r0_l016"><Coords points="203,1961 1791,1961 1791,2046 203,2046"/><TextEquiv index="1"><Unicode>divins attraits. Si je n'étois ſurveillé</Unicode></TextEquiv></TextLine><TextLine id="r0_l017"><Coords points="203,2067 1782,2067 1782,2153 203,2153"/><TextEquiv index="1"><Unicode>comme un captif, de qui on relâ-</Unicode></TextEquiv></TextLine><TextLine id="r0_l018"><Coords points="203,2170 1787,2170 1787,2266 203,2266"/><TextEquiv index="1"><Unicode>che ſeulement un peu depuis hier</Unicode></TextEquiv></TextLine><TextLine id="r0_l019"><Coords points="203,2276 1774,2276 1774,2362 203,2362"/><TextEquiv index="1"><Unicode>les fers, je volerois à tes pieds....</Unicode></TextEquiv></TextLine><TextLine id="r0_l020"><Coords points="203,2376 1795,2376 1795,2454 203,2454"/><TextEquiv index="1"><Unicode>Ah! Eliſabeth, tu lirois dans mes</Unicode></TextEquiv></TextLine><TextLine id="r0_l021"><Coords points="207,2485 1795,2485 1795,2571 207,2571"/><TextEquiv index="1"><Unicode>regards l'exces de ma tendreſſe &amp;</Unicode></TextEquiv></TextLine><TextLine id="r0_l022"><Coords points="211,2588 1808,2588 1808,2677 211,2677"/><TextEquiv index="1"><Unicode>de ma reconnoiſſance; car, je ſens</Unicode></TextEquiv></TextLine><TextLine id="r0_l023"><Coords points="207,2694 1804,2694 1804,2777 207,2777"/><TextEquiv index="1"><Unicode>que toutes les facuités de mon ame</Unicode></TextEquiv></TextLine><TextLine id="r0_l024"><Coords points="1308,2797 1467,2797 1467,2883 1308,2883"/><TextEquiv index="1"><Unicode>ij</Unicode></TextEquiv></TextLine></TextRegion></Page></PcGts>