2480 3507
684 350 1888 425 ISELISAETH.
680 463 2226 552 ravies, enchainées par le ſentiment,
680 573 2226 662 m'âteroient l'uſage de la voix.
497 678 2225 763 Mais, envain cinquante lieues nous
501 762 2221 867 ſéparent, mon cœur eſt dans tous
671 884 2222 977 les lieux que tu habites. idelle-
671 987 2222 1073 ment attaché à tes pas, il prend
667 1094 2222 1179 part à tout ce que tu fais. Si tu lis,
667 1200 2217 1286 ſi tu peins, deſſines ou écris, mon
663 1303 2217 1382 ame ardemment unie à la tienne,
658 1405 2217 1471 te ſuis dans tous tes exercices. Pour
663 1508 2209 1594 tromper la cruelle abſence, je me
654 1611 2209 1697 retrace ſans ceſſe tes amuſements,
654 1714 2209 1803 tes occupations; auſſi-tot, attiré
650 1820 2204 1916 par un charme ſéducteur, je ſuis
650 1920 2204 2009 à tes cotés ou à tes pieds, contem-
645 2026 2204 2115 plant avec extaſe les graces inex-
645 2132 2200 2230 primables de ta perſonne; ſur-tout,
637 2230 2200 2324 je me tranſporte ſouvent à cette
632 2338 2200 2427 place chérie, pres de la fenêtre ou
637 2441 2196 2530 tu ne permettois qu'aucun autre
485 2547 2196 2636 que le fortuné Luzan s'aſſit. Je me
632 2653 2196 2759 rappelle avec délices les jours heu-
