2480 3507
691 322 1863 411 EEISAEETI.i
307 442 2017 542 juſqu'au tombeau pour ton fidele
307 552 1863 641 Luzan. Je porte celle-la dans mon
303 655 1863 747 ſein, elle ne me quitte plus an
307 765 1936 854 moyen d'un ruban qui la retient
303 867 1867 960 ſur mon cœur; & ſi ce cœur, qui
307 970 1867 1074 eſt tout à toi, ne brûloit du plus
303 1074 1863 1172 pur amour, les témoignages de ton
303 1190 1927 1279 innocente flâme auroient ne vertu
290 1289 1867 1382 pénétrante, ils épureroient mes ſen-
303 1399 1872 1488 timents & les rendroient auſſi ſpi-
303 1508 1867 1594 rituels que les tiens: mais, tu n'in-
302 1610 1862 1727 ſpires rien que de conforme à
303 1714 1356 1789 l'honnêteté de ton ame.
414 1824 1872 1909 Si mes eſpérances ne ſont point
307 1927 1876 2019 déçues, & qu'il me ſoit permis
307 2036 1867 2125 d'aller à Paris, alors je te ferai part
285 2141 1866 2211 d'un deſſein dont l'exécution com-
306 2251 1862 2337 bleroient tous mes vœux, ſi tu l'ap-
153 2355 1863 2448 prouves. J'oſe me flatter que tu ne
307 2465 1863 2554 réſiſteras point à mes tendres ſolli-
311 2571 1867 2663 citations; Saintré penſe comme
298 2674 1863 2770 moi, c'eſt le ſeul moyen d'aſſuxex
