2480 3507
621 288 1945 399 2OELISABETH.
621 399 2171 514 notre félicité. J'attends avec inquié-
621 525 2167 614 tude l'effet des demi-promeſſes de
621 634 2167 720 mon grand-pere; mon impatience
621 734 2171 826 eſt extrême, quoique je paſſe les
617 847 2175 932 jours & une partie des nuits à par-
613 946 2175 1035 ler de mon Eliſabeth à mon cher
621 1046 2175 1145 & fidele ami. Hélas! je ſerai peut
621 1166 2171 1251 être bientot privé de cette douce
596 1268 2171 1369 conſolation; il ſera obligé de faire
621 1369 2175 1464 un voyage en Angleterre oû il a
621 1481 2171 1567 une partie de ſa famille, pour régler
621 1584 2175 1669 des affaires d'intérets. S'il n'étoit
502 1690 2171 1786 pas ici, il ne me ſeroit plus poſſible
621 1796 2171 1885 de t'écrire, je craindrois qu'on in-
617 1903 2167 1992 terceptât les lettres. Quoique le
617 2009 2171 2098 comte ſemble toujours regarder la
617 2115 2167 2204 marquiſe comme l'unique auteur
620 2220 2166 2306 de ma réſiſtance, j'ai trop fait con-
617 2324 2333 2406 noitre combien le réſultat de ce
613 2430 2167 2523 ſoupçon m'affligeroit. Mais, en pre-
617 2537 2162 2626 nant les meſures que je me propoſe,
612 2642 2166 2754 j'épargnerai à ma mere un malheur,
