2480 3507
676 374 1861 466 ELIsAETH.2
304 497 1861 566 & à moi l'horreur de mon cœur...
304 600 1874 689 O mon Eliſabeth, que nous paſſe-
308 706 1878 792 rons d'heureux jours, ſi tu exauces
308 812 1874 898 mes vœux! Crois qu'au premier
312 915 1882 1001 inſtant de liberté, je volerai ſur les
312 1022 1882 1107 rapides ales de l'amour pour te
312 1124 1891 1214 faire part de mon projet. eçois
312 1231 1882 1313 mille tendres baiſers de ton amant,
197 1334 1887 1419 accor Je lui en un ſeui; c'eſt une
312 1440 1887 1525 faveur qu'il n'oſeroit demander s'il
317 1543 1878 1632 étoit plus pres de toi: ta pudeur,
321 1649 1887 1748 mon reſpect, retiendroient les
197 1755 1882 1851 tranſports de mon ardente flâme;
321 1861 1887 1944 mis, cinquante lietes ſont un ſi
321 1964 1887 2050 terrible obſtacle, que tu ne peux
321 2064 1887 2156 me reſuſer ce tendre gage ſans
321 2170 1823 2283 m'expoſer à plus de témérité.
347 2355 436 2412 l
328 2381 1894 2471 H bien Henriette, ſuis-je ten-
329 2492 1887 2557 dremnent aimée? dira tu encore
210 2595 1887 2684 que ſon amour eſt affoibli? tu ne
320 2700 1894 2812 lui as jamas rendu une entiere
432 2811 847 2879 Partie II.
1506 2814 1763 2879 L
