2480 3507
562 387 1756 463 EEELISABET
554 511 2121 600 juſtice. Cependant, que de preuves
554 610 2112 706 il m'a déja données d'un véritable
554 723 2112 812 uttachement! Que penſes-tu de la
554 826 2117 919 conduite de ſon grand-pere? il le
554 932 2117 1022 traite avec moins de rigueur, il lui
554 1039 2117 1124 laiſſe plus de liberté, il le flatte
554 1145 2117 1231 d'être bientot à portée de tranquil-
550 1248 2117 1337 liſer la marquiſe. Je tire un bon
545 1351 2117 1443 augure de ce changement ......
550 1457 2121 1546 Mais, quel peut être ce projet dont
541 1560 2121 1652 parle le chevalier & qu'il ne m'ex-
541 1666 2117 1755 plique pas? je t'avoue que je le
541 1769 2117 1861 tiens un peu pour ſuſpect, puiſqu'il
541 1875 2117 1964 differe à m'en inſtruire, juſqu'au
541 1981 2112 2053 moment oû il me verra. Je deſire-
541 2088 2112 2177 rois fort le ſçavoir; mais ma crainte
541 2194 2112 2283 eſt preſqu'auſſi vive que ma curio-
541 2297 2112 2386 ſité, ce qui m'a retenue d'en de-
541 2403 2112 2489 mander l'explication. Enfin, je
541 2509 2104 2598 prendrai patience ſur cet article,
541 2612 2117 2705 trop heureuſe d'être tranquille ſur
541 2718 2108 2811 le plus important; la vie de mon
