2480 3507
602 408 1759 494 IAEEISAEET.
589 531 2133 621 mon repos comme à préſent. Ah!
585 634 2137 720 ſi tu connoiſſois tous ceux qui
581 741 2137 826 aſſiégent un cœur tendre, les per-
581 847 2137 932 pétuels combats qu'il faut ſe livrer
576 946 2142 1025 à ſoi-même, tu trouverois ma ſitua-
580 1051 2136 1140 tion plus péable que la tienne. Je
580 1138 2136 1243 conçois qué'les ſacrifices que tu
581 1262 2137 1337 fais à ton mari, à ſes enfants, doi-
581 1371 2133 1457 vent te coûter beaucoup; mais au
581 1471 2137 1543 moins, tu as la certitude de faire
581 1573 2309 1666 leur bonheur; & moi au contraire,
576 1676 2137 1765 lorſque je triomphe de mon pen-
572 1779 2137 1868 chant, je ſçais que j'aſſſige celui
409 1879 2329 1975 qui m'eſt plus cher que la vie....
576 1992 2137 2081 Il faut que la vertu ait bien des
576 2091 2137 2190 charmes, & qu'elle rende réelle-
576 2190 2137 2293 ment heureux, puiſqu'on eſt quel-
581 2300 2137 2396 quefois capable de la préférer à
581 2406 2133 2499 tout ce qu'il y a de plus flatteur
581 2509 1183 2598 pour les ſens.
692 2612 2137 2701 Les difficultés dont t'a parlé la
581 2715 2137 2801 belle-ſœur de madame de N...
