2480 3507
622 305 1885 394 ELISABETH.25
337 422 1902 518 joint à la lueur d'eſpérance que le
341 535 1902 610 comte a donnée à ſon fils, me font
933 638 1902 730 ... hélas parce que
175 641 933 730 imaginer...
337 747 1902 840 je le deſire! un favorable dénoue-
209 850 1902 943 ment. Peut - être que la ſuperbe
337 956 1906 1032 famille eſt offenſée, comme Luzan
337 1066 1906 1152 l'avoit prévu, des longs délais; &
337 1172 1902 1262 que cela lui fait craindre de com-
337 1268 1906 1368 mettre ſa dignité, en s'alliant avec
328 1378 1906 1477 un homme qui n'a pas ſaiſi avec
337 1484 1910 1586 tranſport l'honneur de leur appar-
333 1586 2085 1683 tenir. Si cela étoit, Dieu que je
217 1697 1910 1793 ſerois heureuſe; & que j'aurois
337 1807 1910 1892 bientot oublié tous les maux que
337 1906 1906 1981 l'amour m'a cauſés! Tache de voir
333 2016 1902 2088 la belle-ſœur de madame de N....
337 2118 1910 2211 avant que de me faire réponſe; les
341 2228 1906 2317 éclairciſſements, que tu pourras en
341 2338 1902 2427 retirer, me mettront à portée de
337 2441 1902 2530 ſçavoir ce que je dois craindre ou
345 2547 1906 2639 eſpérer. T'avouerai-je, chere Hen-
341 2653 1906 2746 riette, que ton ſéjour à erſailles
1386 2759 1590 2849 Liij
