2480 3507
524 326 1694 408 'ELISAEETH.
536 459 2098 552 tune, comme je te l'ai déja dit, eſt
536 573 2090 658 la barriere qui ſépare deux cœurs.
536 675 2094 765 Ne me ſçache pas mauvais gré, ma
353 785 2098 864 bien-aimée, de troubler la douceur
528 888 2103 977 d'une bonne nouvelle par mes
536 994 2098 1083 triſtes réflexions: je ne te les com-
532 1097 2103 1186 munique que parce qu'elles ſont
536 1207 2098 1272 un antidote contre le délicieux
532 1310 2103 1399 poiſon de l'amour; il fera moins de
536 1416 2294 1505 ravage dans ton ame, quand tu ſon-
536 1519 2107 1611 geras que des circonſtances fâcheu-
532 1621 2107 1693 ſes te forceront tot ou tard à re-
536 1731 2107 1820 noncer à ta tendreſſe ..... Je pré-
541 1837 2098 1927 vois que tu vas encore me donner
532 1944 2103 2019 le nom de cruelle; donne m'en
532 2050 2103 2139 de plus odieux ſi cela te ſoulage,
502 2156 2103 2245 je n'en ſerai point bleſſée, pourvu
545 2262 2103 2352 que tu ſois plus modérée dans tes
545 2369 2103 2465 tendres ſentiments pour le cheva-
890 2475 2103 2564 ... Tu frémis d'impatience
536 2475 851 2540 lier...
541 2578 2098 2670 de ſçavoir ce que j'ai à t'apprendre;
536 2687 2111 2780 calme un peu cette impétuoſité, il
