2480 3507
783 350 1972 429 ELISAEETH.2
415 470 1968 559 eſt indiſpenſable que tu eſſuies le
1095 573 1968 641 ... Ce n'eſt en vé-
411 579 1052 662 préambule...
406 679 1959 768 rité pas méchanceté de ma part;
406 785 1959 864 mais, comme il eſt néceſſaire de
218 888 1964 977 ſuivre l'ordre des choſes pour te
394 994 1955 1083 mieux informer de ce que je ſçais,
398 1097 1951 1190 il faut que tu ſçaches auſſi la mauſ-
394 1207 1955 1296 ſade ſçene qui précéda l'éclairciſſe-
402 1313 1955 1399 ment que tu deſires tant de ſça-
389 1412 1955 1488 voir ..... J'allai hier chez la belle-
389 1522 1947 1608 ſœur de madame de N.... Il y
389 1628 1947 1717 avoit déja beaucoup de monde
385 1731 1942 1820 chez elle, j'avois un bouquet de
385 1834 1942 1923 roſes parfaitement imité. A peine
385 1937 1938 2033 parus-je à la porte du ſalon, que
385 2046 1934 2132 cette dame ſe leva pour me rece-
372 2149 1930 2238 voir, & jettant ſans doute les yeux
376 2256 1930 2345 ſur mes fleurs, porta une de ſes
376 2365 1925 2437 mains au nez, & de l'autre me fit
376 2468 1921 2557 des ſignes redoublés pour m'em-
368 2574 1917 2673 pêcher d'avancer. Ne ſoupçonnant
368 2673 1921 2773 pas d'abord que mon bouquet étoit
