2480 3507
566 298 1698 381 I2ELISABETH.
549 425 2103 514 la plus légere impreſſion: la-deſſus
553 531 2098 614 elle ſonna, fit venir ſes femmes,
549 634 2103 727 prétendit avoir beſoin de ſe dé-
549 741 2103 830 laſſer, une tranſpiration ſubite l'y
549 850 2107 939 contraignoit, dit-elle. Je la ſuivis
553 953 2103 1042 dans ſa chambre ſous prétexte de
549 1059 2103 1148 l'intérêt que je prenois à ſa ſanté,
553 1166 2107 1255 que j'avois ſi cruellement dérangée
549 1272 2111 1361 par une inutile parure. Prévoyant
553 1375 2111 1467 que je ne pourrois l'entretenir ſeule
558 1481 2115 1570 de toute la ſoirée, je ſaiſis cette
558 1584 2111 1656 occaſion..... Mon récit redouble
553 1690 2115 1779 ton impatience; mais ſon action fit
553 1796 2115 1896 bien plus ſouffrir la mienne. Néan-
558 1903 2111 1995 moins je la dévorai pour ne pas
558 2012 2115 2088 m'en retourner, ſans être inſtruite
1639 2122 2115 2187 ...Les la-
562 2118 1596 2208 de ce qui t'intéreſſe...
562 2225 2115 2314 cets coupés, le linge changé, la
562 2331 2120 2413 nouvelle décoration achevée, les
566 2437 2115 2526 eſprits bien revenus, je demandai,
562 2544 2120 2619 comme au hazard, oû en étoit le
566 2650 2115 2746 mariage de mademoiſelle de N....
