2480 3507
549 338 1727 468 I34ELIsAEaTH.
549 497 2114 597 duiſe.... Eſt-ce-là l'unique cauſe
546 611 2111 699 de la rupture, lui dis je, le cœur
478 718 2102 812 plein d'une joie qui ne peut être
536 822 2106 915 comparée qu'à celle que tu aurois
1585 931 2105 1000 ... Elle ſe-
532 931 1590 997 reſſentie toi-même?..
532 1033 2106 1128 roit ſuffiſante ſelon moi, ajouta la
533 1141 2106 1234 belle-ſœur, mais il y en a encore
528 1249 2102 1340 une plus outrée: c'eſt que le grand-
528 1352 2097 1449 pere du chevalier, tout ſplendide
532 1458 2101 1556 qu'il eſt dans ſa maiſon, ne promet
533 1565 2209 1655 que pour dix mille écus de diamants.
528 1669 2098 1762 à ſa brue, à une femme qui ſeroit
532 1775 2092 1870 obligée de paroitre à la cour, &
494 1883 2088 1973 qui, au premier jour, auroit le
524 1986 2093 2067 tabouret chez la reine; c'eſt ne
524 2093 2093 2189 choſe ſur laquelle le gendre de ma-
481 2200 2089 2297 dame de N...... peut compter;
523 2303 2088 2400 mais, je vous avoue que la der-
523 2411 2085 2491 niere clauſe du comte m'a ſi fort
520 2515 2085 2615 choquée, que j'ai fort conſeillé à
519 2621 2076 2712 ma belle-ſœur de ne point conclure.
515 2730 2071 2813 Les affaires en ſont-là; & à moins
