2480 3507
654 305 1854 381 ELISABETH.3
301 418 1858 514 même ſongé à me demander le
305 525 1862 603 ſecret. Tu m'abſous ſans doute
301 634 1862 720 pour cet article, comme auſſi pour
310 734 1866 826 la mortelle impatience que je t'ai
301 843 1862 929 cauſée avant que de te mettre au fait
310 950 1866 1044 d'une ſi favorable conjoncture....
310 1044 1866 1142 C'eſt bien pour le coup que tu dois
310 1155 1871 1241 te féliciter de mon ſéjour à er-
310 1258 1879 1347 ſailles, & je t'apprends des choſes
318 1368 1875 1453 qui valent bien le projet de Luzan,
314 1471 1875 1560 que tu ignores, & que je brûle de
318 1577 1879 1675 ſçavoir. Mais à propos, j'oubliois
275 1675 1875 1769 que je ne veux pas te dire un mot
310 1786 1875 1868 ſur toute cette lettre; c'eſt ma ven-
314 1892 1875 1992 geance pour les aveux & les com-
318 1992 1346 2081 paraiſons que tu y ſais.
292 2084 1884 2177 Et le brillant baron, tu ne m'en
297 2204 1918 2297 parles plus. On peut maintenant
331 2300 1888 2396 badiner de ſon amour, puiſque tu
331 2413 1897 2496 n'en es plus obſédée. Il ſe refroidit
314 2516 1901 2609 ſurieuſement, & je crois que pour
452 2619 860 2691 Partie II.
1484 2633 1578 2694 M
