2480 3507
705 254 1874 360 8ELIsAeru.
705 377 2244 470 achever de glacer ſon cœur, il ne
705 483 2256 573 faudroit que mettre le feu à ſon
701 593 2256 682 ſuperbe caroſſe, & lui fournir l'oc-
705 703 2261 789 caſion d'en montrer un plus beau...
705 806 2252 891 Cet homme là, ma chere, eſt de
710 915 2261 1004 tous les amants importuns le moins
705 1022 2256 1114 haiſſable, puiſque les objets les
714 1131 2256 1217 plus frivoles captivent ſon ame.
710 1231 2261 1316 ne boite dorée, de beaux che-
710 1340 2256 1416 vaux, une belle livrée à étaler au
701 1447 2256 1536 public, délivrent de ſa préſence.
701 1549 2256 1639 Au reſte, il a raiſon dans ſon ſy-
697 1659 2252 1748 ſtême: le tribut d'éloge qu'il reçoit
697 1762 2252 1855 pour ſon attelage, ſon vis-à-vis,
697 1868 2252 1961 ſes grands laquais, n'eſt-il pas plus
697 1978 2248 2067 flatteur pour un cœur comme le
693 2084 2244 2170 ſien, que le triſte emploi de ſou-
693 2187 2244 2276 pirer infructueuſement aupres d'une
688 2293 2244 2386 ingrate? oui ingrate, car tu l'es
688 2400 2235 2489 même pour ton Henriette; mais,
684 2502 2235 2620 je te le pardonne, pourvu que t
