2480 3507
785 315 1953 405 ELISABETIH.I4
401 439 1949 538 il veut appuyer ſa demande de la
396 548 1948 637 protection de quelqu'ami de ſon
302 623 1952 743 grand-pere. Sans cette ſuppoſition,
405 761 1953 850 je lui ſçaurois mauvais gré de n'a-
404 870 2033 955 voir pas ſaiſi cette occaſion, pour
400 953 2037 1062 tenter ce que nous pourrions eſpé-
401 1080 1957 1172 rer à cet égard: mais, trop content
401 1183 1957 1275 d'être affranchi du joug qu'on vou-
401 1289 1957 1378 loit lui impoſer, il a cru devoir
401 1395 1957 1484 attendre une circonſtance plus favo-
401 1501 1953 1591 rable pour parler de ſon amour,
401 1608 2081 1707 ou peut-être a-t-il craint de dé-
401 1711 1949 1803 truire une partie de ſon bonheur,
409 1820 1953 1889 en s'aſſurant des ſentiments du
401 1923 1957 2012 comte. Enfin, je ſçaurai quels ont
401 2029 1957 2108 été ſes véritables motifs, car il
379 2136 1953 2227 m'aſſure que dans ſix jours j'ap-
379 2227 1961 2334 prendrai de ſa bouche le projet qu'i
333 2348 1953 2434 médite, pour mettre le comble à
1181 2454 1957 2540 ... Dans ſix jours
397 2451 1143 2520 notre félicité...
375 2557 1949 2650 je le verrai, chere Henriette, con-
392 2667 1944 2759 çois-tu qu'elle eſt ma joie? ...non,
