2480 3507
550 305 1701 394 2ELIsAETH.
541 418 2106 504 il faut aimer comme Eliſabeth
540 534 2101 626 pour ſentir l'exces de ſon bonheur
540 616 2097 726 & les tranſports raviſſants de ſon
541 744 2102 816 ame..... Je le reverrai: ah! mon
537 854 2102 939 cœur vole au-devant de ſes pas....
541 960 2102 1046 Mais, que dis-je? n'a-t-il pas ſuivi
537 1066 2106 1155 leurs traces? ai-je pu m'en ſéparer
537 1172 2102 1262 un ſeul inſtant? ignorant les lieux
541 1275 2102 1368 qu'il habite, je m'en ſuis fait un
537 1382 2106 1471 idéal. Combien de fois me le ſuis-je
546 1488 2111 1577 repréſenté dans cette bibliotheque,
540 1590 2110 1691 aux genoux de ſon grand - pere,
540 1690 2110 1785 implorant ſa pitié, noyé de larmes;
392 1789 2106 1892 ſe trainant à ſes pieds, ſans toucher
541 1909 2102 1998 cette ame inſenſible. Et, que plus
541 2012 2102 2105 ſouvent encore, je le vois dans ſa
537 2122 2106 2211 chambre privé de ſentiment, cette
541 2228 2106 2317 déteſtable épée tranchant preſque
541 2328 2106 2424 le fil de ſes jours adorés, ſon ſang
537 2434 2106 2530 ſortir à grands flots, couvert d'une
541 2547 2111 2636 paleur mortelle; prêt à exhaler
541 2653 2115 2749 ſon dernier ſoupir, ſa vie & la
