2480 3507
714 291 1901 377 ELISABET.4
959 411 1905 504 .... Pourquoi, chere
353 415 895 487 mienne....
353 521 1909 610 amie, me retraçai-je ſans ceſſe ces
357 624 1909 717 déchirantes images? quel eſt donc
361 727 1914 816 le charme de ce triſte ſpectacle?
361 833 1918 922 je ne puis me défendre d'y ſonger,
366 939 1918 1025 d'en pénétrer mon cœur; il m'at-
374 1046 1922 1124 tendrit, il me fait friſſonner, il
370 1148 1922 1238 glace mon ſang dans mes veines,
374 1251 1927 1340 & cependant mon ame ſe livre
374 1358 1935 1447 toute entiere & ſe plait à ſes dou-
378 1464 1935 1536 loureuſes ſituations .... O amour,
383 1567 1940 1659 il n'appartient qu'à toi de mêler des
387 1676 1940 1759 douceurs aux maux les plus cruels.
387 1776 1944 1868 Il n'eſt point de ſituation ſous ton
396 1885 1948 1971 empire, qui n'ait quelqu'attrait
391 1988 1952 2077 pour celui dont les ſentiments ſont
396 2091 1952 2184 purs & conſtants. Tu es induigente,
400 2197 1952 2283 chere Henriette, tu excuſes ta trop
409 2293 1957 2379 ſenſible amie, de ſe laiſſer entrainer
409 2403 1961 2478 au torrent de délices dont ſon cœur
413 2509 1961 2602 eſt ſubmergé; tu ne ſçaurois me
409 2612 1965 2729 faire un crime de l'exces de ma joie:
