2480 3507
590 333 1763 432 I4EEISAETI.
573 466 2126 559 qui n'a exiſté que pour toi juſqu'au
578 573 2122 648 moment oi il a connu l'amour, &
573 679 2126 771 qui ſe partage encore également,
573 789 2135 871 entre la plus vive paſſion & la ten-
573 888 2131 977 dre amitié que tu lui as inſpirée?
578 994 2131 1083 oudrois-tu le punir de te confier
573 1097 2126 1190 ſes plus ſecrets mouvements? vou-
573 1210 2131 1275 drois-tu me forcer à la diſſimula-
573 1313 2131 1402 tion? ſi cela étoit, je n'aurois plus
569 1416 2126 1488 rien à te dire. Ah Henriette! il faut
569 1522 2126 1608 que je me faſſe violence pour ne
565 1625 2131 1714 pas te nommer cruelle, ſur-tout
565 1731 2131 1820 quand je ſonge aux craintes que tu
565 1834 2126 1923 ne ceſſes de voutoir m'inſpirer ſur
565 1940 2126 2012 les ſuites de ma tendreſſe. Tu vois
543 2046 2126 2146 que j'ai eu raiſon. Tout n'eſt-il pas
565 2149 2148 2238 aujourd'hui dans les plus heureuſes
556 2252 2156 2345 diſpoſitions? Nas, chere amie, je
556 2358 2122 2451 compte dans fix jours t'appren-
552 2465 2139 2565 dre.....mais ne nous flattons pas
552 2565 2109 2663 trop. Le projet, dont Luzan me
548 2674 2109 2793 fait un ſi grand myſtere, me fait
