2480 3507
844 363 1999 483 ELlSABETH.4
431 497 2020 597 trembler quand j'y ſonge. Cepen-
435 610 2003 699 dant, je le crois incapable de me
392 717 2008 802 propofer des choſes contraires à
228 819 1999 908 mon devoir. Ma gloire eſt à lui,
435 922 2003 1011 voudroit-il porter atteinte à ſon
435 1025 2012 1118 propre bien. Non, c'eſt un dépot
431 1131 2055 1220 facré, confié à ſon honneur, à ſon
439 1238 2008 1320 amour, il le reſpectera éternelle-
302 1340 2012 1426 meut; j'en ai la conſcience intime.
444 1443 2016 1508 Mes craintes ſont done un vain
444 1546 2016 1635 phantême, que mon imagination
439 1652 2012 1741 trop active enfante, pour le ſeul
444 1762 1495 1844 plaiſir de les détruire.
451 1839 2019 1951 Si je ne t'ai pas parlé du baron
444 1968 2012 2053 dans ma derniere, c'eſt que je n'y
444 2074 2008 2160 ſonge guere quand il me laiſſe
444 2173 2012 2266 tranquille. C'eſt le ſort des amants
452 2280 2003 2369 malheureux; on ne penſe à eu,
448 2386 2003 2475 qu'au moment ou ils importunent:
452 2489 2003 2574 mais il eſt bon de te dire que mon
452 2591 2008 2681 cher oncle ne ſe met preſque plus
452 2698 2003 2787 dans ce cas, il eſt toujours ſuſpendu
1516 2804 1697 2893 Nii
