2480 3507
704 281 1876 391 5ELIsAuer.
708 429 2277 514 bonne comteſſe, je ne défendis
661 531 2315 632 point ſa cauſe. Mon Eliſabeth trou-
708 632 2298 727 voit trop ſon compte à tous ces ſin.
704 741 2268 833 guliers principes, pour que j'euſſe
704 847 2273 939 la force d'en combattre un ſeui.
704 953 2281 1052 Au cograire, j'applaudiſſois des
704 1063 2281 1148 yeux ou d'un ſigne de tête. oila
704 1166 2285 1255 comme l'intérêt perſonnel nous
704 1272 2281 1358 rend parjures à nous-mêmes; car,
712 1371 2285 1464 ſi j'avois ſuivi les mouvements de
708 1481 2349 1573 ma conſcience, & qu'il n'eût pas
704 1587 2281 1676 été queſtion du bonheur de ma
695 1693 2290 1783 bien-aimée, j'aurois blâmé haute-
699 1800 2268 1875 ment les frivoles motifs de la belle-
691 1892 2273 1995 ſœur de madame de N....; je lui
695 2009 2277 2105 aurois repréſenté qu'avec le terps,
704 2118 2281 2208 on auroit obtenu du comte ce qu'on
704 2225 2277 2314 exigeoit de lui; & peut être lui
657 2328 2277 2417 aurois - je perſuadé de renouer.
704 2437 2255 2534 Mais, ne voulant que m'aſſurer de
634 2533 2254 2641 la vérité de ce que le chevalier t'a-
656 2640 2250 2735 voit écrit, je fermai mon cœux à
