2480 3507
535 342 1727 431 ELISABETH.5
187 459 1732 549 tout ſentiment de juſtice. Ne me
175 573 1728 661 remercie point de ce petit forfait,
183 661 1732 761 je l'ai commis malgré moi; c'eſt
179 778 1728 867 ma tendreſſe qui m'y a entrainée.
179 881 1732 974 Je compte bien auſſi que tu me
179 991 1737 1066 condamneras, c'eſt à moi de l'ex-
183 1090 1732 1186 pier; je le ferai avec uſure, j'y ſuis
183 1196 1732 1289 bien déterminée: ainſi qu'il n'en
183 1299 1009 1395 ſoit plus queſtion.
183 1402 1949 1495 J'attends du monde, il faut te
179 1519 1732 1611 quitter pour recevoir ..... qui? je
175 1621 1737 1714 n'en ſçais rien; mais je te réponds
183 1731 1737 1827 que qui que ce puiſſe être, je ſerai
183 1827 1737 1923 ſi mauſſade, qu'on me laiſſera bien-
192 1937 1494 2009 tt la liberté de revenir à toi.
277 2046 1737 2115 Me voila délivrée d'une viſite
192 2149 1732 2238 que je pourrois nommer agréable,
192 2256 1737 2353 ſi j'étois déſœuvrée. C'eſt un de ces
192 2353 1732 2460 hommes à prétention, qui vont
192 2460 1737 2554 périodiquement tous les mois don-
192 2567 1737 2657 ner un nouveau vernis à la réputa-
200 2677 1737 2766 tion de leur eſprit, & qui ne vous
