2480 3507
656 319 1838 398 ISOELTSABETH.
643 431 2204 544 qu'étant dans la chambre de l'ainé,
647 544 2217 647 je lui faiſois reſpirer des eaux parce
626 650 2209 750 qu'il ſe trouvoit mal: lorſqu'il fut
643 750 2213 850 remis, il me dit avec une ingénuité
643 858 2204 972 charmante; Ma belle maman que
647 962 2209 1068 vous êtes bonne! je vous aime de
647 1073 2213 1173 tout mon cœur; que nous ſommes
651 1179 2216 1281 heureux que mon bon papa ait eu
648 1286 2217 1395 le bonheur de vous plaire! je le dis
647 1385 2209 1489 ſouvent à mes cheres tantes, quand
651 1496 2208 1595 elles pleurent leur ſœur. Je leur
652 1603 2209 1698 fais part de vos bontés pour nous.
651 1708 2209 1798 Mes récits les conſolent, & en vé-
643 1810 2217 1912 rité elles vous aiment autant que
1009 1920 2267 2005 ... Comment trouves-tu,
651 1928 981 1995 moi...
656 2021 2204 2128 Eliſabeth, ce pur témoignage de
651 2128 2204 2229 reconnoiſſance? Ne penſes-tu pas,
605 2231 2217 2335 comme moi, que je fuis grandement
656 2337 2213 2435 récompenſée de ma bienveillance
656 2443 2209 2536 & de mes ſoins?.... Qu'il eſt ſatiſ-
651 2547 2209 2644 faiſant de ſentir que l'on ne fait
655 2656 2213 2759 point murmurer une famille; mais
1969 2772 2209 2879 qu'au
