2480 3507
660 343 1903 442 ELISABETH.6
362 463 1941 559 qu'au conttaire, on obtient ſon
315 559 1911 658 eſtime, en ne ſuivant ſimplement
358 669 1911 758 que ſon devoir! Permets, chere
362 778 1915 864 amie, que je mêle ces motifs de
362 878 1932 977 conſolation à ceux que tu m'offrois
362 987 1920 1089 dans une de tes lettres, pour mo-
362 1089 1928 1183 dérer le chagrin que j'ai d'être
362 1196 2090 1296 éloignée de toi. Crois cependant
358 1299 1915 1399 que, des que je ſerai libre, tu me
358 1409 1924 1498 verras. Je ſuis preſque auſſi impa-
358 1519 1924 1608 tiente que toi de voir arriver le
238 1618 1911 1711 chevalier. Ce myſtérieux projet,
362 1728 1928 1813 que tu ne peux apprendre que de
358 1827 1924 1906 ſa bouche, excite ſurieuſement ma
362 1933 1920 2029 curioſité. J'eſpere que tu ne me
358 2040 1920 2136 feras pas languir des que tu le
311 2142 1954 2245 ſçauras. Je ne te dis rien du baron,
358 2252 1911 2341 il me paroit que vous êtes joliment
362 2355 800 2420 euſemble.
1022 2533 1183 2615 L
472 2777 885 2845 Partie II.
