2480 3507
605 336 1786 447 T4ELLSABETH
597 447 2153 552 ce momentelle porte atteinte à la
597 569 2157 655 pureté de ſes ſentiments. Ce n'eſf
597 675 2145 761 plus cette aimable innocence qui
580 775 2149 867 anime ſes ſoupirs, non, c'eſt un
597 881 2149 974 feu dévorant qui conſume, & dont
392 994 2149 1083 les effets ſont mille fois plus redou-
593 1100 2149 1186 tables que ceux de la foudre, pour
593 1207 2149 1292 uni cœur vertueux...... C'en eſt
588 1310 2140 1399 fait, je ne verrai plus Luzan ſeule,
593 1416 2162 1508 je craindrois trop qu'enhardi par
593 1525 2162 1611 mon peu de retenue, il n'oſât...
588 1625 2149 1714 Malheur à celle qui ſe confie en ſes
532 1730 2139 1825 propres forces! le témoignage de
532 1824 2139 1923 ſa conſcience lui couvre les préci-
580 1937 2145 2029 pices! Tu me l'as dit, chere amie,
571 2050 2140 2136 je n'oublierai point ce qu'un trop
571 2153 2136 2242 juſte preſſentiment te fit m'an-
571 2259 2140 2348 noncer, dans un temps ou je me
576 2365 2140 2454 croyois inacceſſible aux preſtiges
567 2468 2140 2557 des ſens..... Mais hélas, j'ai trop.
563 2578 2145 2667 appris aujourd'hui à me défier de
554 2681 2277 2777 moi-même, & je ſuis bien réſolue
