2480 3507
609 343 1791 462 yELsAner
604 462 2181 569 uſage, tu peux me donner de fages
604 579 2169 672 conſeils que je m'efforcerai de ſui-
609 689 2169 771 vre, fuſſent-ils contraires à mon
1098 792 2173 860 ...Ah Dieu! n'eſt-ce
604 816 1098 864 amteur...
600 898 2173 991 point trop promettre? je ne ſçais;
600 1004 2173 1083 mais écoute, Henriette, la circon-
459 1111 2173 1203 ſtance ſeroit bien favorable. Mon
604 1214 2177 1306 oncle eſt abſent pour huit jours;
600 1323 2177 1412 il eſt parti ce matin, il eſt alé dans
600 1429 2177 1519 une maiſon de campagne oû l'on
600 1536 2181 1625 donne les plus belles fêtes du
604 1642 2181 1717 monde, néanmoins il a feint de ne
609 1748 2177 1837 ſe rendre que par pure complai-
609 1851 2237 1927 ſance. Il eſt entré dans mon cabinet
609 1957 2177 2050 pour me dire adieu, m'a baiſé la
609 2064 2177 2160 main d'un air pénétré de chagrin
613 2170 2177 2262 de me quitter; enſuite pouſſant un
613 2276 2181 2365 ſoupir à demi étouffé: Que les de-
617 2379 2177 2475 voirs de la bienſéance ſont inſipides
613 2489 2177 2578 à remplir, quand on eſt attiré ailleurs
609 2595 2177 2687 par un tendre penchant, a-t-il dit,
613 2701 2173 2821 d'un ton preſque philoſophe; car,
