2480 3507
864 339 2035 439 EETSABETH.27
464 463 2043 562 II le joue & prétend l'être depuis
455 576 2043 669 quelques jours; mais j'eſpere, a-t-il
472 682 2124 771 ajouté, pouvoir bientot me dérober
464 785 2039 878 quelquefois au torrent du monde
464 895 2039 984 que l'on ne peut abandonner bruſ-
455 998 2035 1100 quement ſans s'expoſer au ridicule
468 1107 2039 1200 dont mille gens ſe couvrent, lorſ-
311 1217 2035 1306 qu'apres un genre de vie brillant,
421 1320 2030 1412 ils vont ſans nul égard pour le pu-
460 1429 2030 1498 blic s'enterrer dans le ſein de leur
464 1536 2030 1611 famille, ou de leurs amis. On
460 1642 2030 1731 trouve cela indécent. N'importe,
460 1748 2030 1834 j'y viendrai tât ou tard; car, je ſens
464 1851 2022 1944 que je ne ſerai heureux qu'en jouiſ-
447 1957 2022 2050 ſant de moi-même & de la compa-
460 2060 2018 2160 gnie de ma chere niéce. La-deſſus
460 2170 2018 2262 il eſt parti comme un éclair. Me
455 2280 2022 2372 voila, grace au ciel, délivrée pour
460 2382 2022 2485 huit jours de cet homme qui ne pou-
455 2489 2018 2581 voit ſe réſoudre à ſe ſéparer de moi
455 2598 2022 2687 un inſtant. Je crois pouvoir dire,
460 2708 2018 2797 des dieux ſont pour nous. L'occaſion
1549 2814 1703 2903 Pij
