<PcGts xmlns="http://schema.primaresearch.org/PAGE/gts/pagecontent/2017-07-15" xmlns:xsi="http://www.w3.org/2001/XMLSchema-instance" xsi:schemaLocation="http://schema.primaresearch.org/PAGE/gts/pagecontent/2017-07-15 http://schema.primaresearch.org/PAGE/gts/pagecontent/2017-07-15/pagecontent.xsd"><Metadata><Creator>User123</Creator><Created>2020-09-09T00:39:31</Created><LastChange>2020-09-09T00:39:31</LastChange></Metadata><Page imageFilename="0182.png" imageHeight="3507" imageWidth="2480"><TextRegion id="r0" type="paragraph" orientation="0.375"><Coords points="1,1 2478,1 2478,3505 1,3505"/><TextLine id="r0_l001"><Coords points="370,336 1636,328 1637,430 371,438"/><TextEquiv index="1"><Unicode>I72ELISABETH.</Unicode></TextEquiv></TextLine><TextLine id="r0_l002"><Coords points="481,453 2033,443 2033,524 482,534"/><TextEquiv index="1"><Unicode>eſt heureuſe, la laiſſerons nous</Unicode></TextEquiv></TextLine><TextLine id="r0_l003"><Coords points="477,559 2029,549 2029,639 477,649"/><TextEquiv index="1"><Unicode>échapper? Tu ſçais qu'elle ſeroit ma</Unicode></TextEquiv></TextLine><TextLine id="r0_l004"><Coords points="477,664 2029,654 2030,744 478,754"/><TextEquiv index="1"><Unicode>douleur ſi je perdois Luzan, la mort</Unicode></TextEquiv></TextLine><TextLine id="r0_l005"><Coords points="472,768 2024,758 2025,848 473,858"/><TextEquiv index="1"><Unicode>ſeule mettroit ſin à mon déſeſpoir;</Unicode></TextEquiv></TextLine><TextLine id="r0_l006"><Coords points="477,873 2029,863 2029,954 477,964"/><TextEquiv index="1"><Unicode>celui du chevalier ſeroit égal au</Unicode></TextEquiv></TextLine><TextLine id="r0_l007"><Coords points="464,979 2024,968 2025,1060 465,1071"/><TextEquiv index="1"><Unicode>mien. Notre bonheur dépend de</Unicode></TextEquiv></TextLine><TextLine id="r0_l008"><Coords points="468,1084 2024,1073 2025,1166 469,1177"/><TextEquiv index="1"><Unicode>cette union: ſi je refuſe de la for-</Unicode></TextEquiv></TextLine><TextLine id="r0_l009"><Coords points="464,1196 2024,1185 2024,1273 464,1284"/><TextEquiv index="1"><Unicode>mer, tout eſt perdu pour nous, puiſ-</Unicode></TextEquiv></TextLine><TextLine id="r0_l010"><Coords points="460,1300 2020,1289 2021,1379 460,1390"/><TextEquiv index="1"><Unicode>que le comte ſonge à un autre ma-</Unicode></TextEquiv></TextLine><TextLine id="r0_l011"><Coords points="455,1409 2024,1398 2025,1488 456,1499"/><TextEquiv index="1"><Unicode>riage. Luzan eſt autoriſé par les</Unicode></TextEquiv></TextLine><TextLine id="r0_l012"><Coords points="468,1511 2024,1500 2024,1589 468,1600"/><TextEquiv index="1"><Unicode>loix à diſpoſer de ſa main, il a</Unicode></TextEquiv></TextLine><TextLine id="r0_l013"><Coords points="459,1620 2021,1609 2021,1697 459,1708"/><TextEquiv index="1"><Unicode>vingt-cinq ans accomplis depuis le</Unicode></TextEquiv></TextLine><TextLine id="r0_l014"><Coords points="459,1722 2024,1711 2025,1798 460,1809"/><TextEquiv index="1"><Unicode>mois dernier. Peſe toutes les cir-</Unicode></TextEquiv></TextLine><TextLine id="r0_l015"><Coords points="1756,1825 2020,1823 2020,1891 1756,1893"/><TextEquiv index="1"><Unicode>...Je</Unicode></TextEquiv></TextLine><TextLine id="r0_l016"><Coords points="464,1831 1726,1822 1727,1904 465,1913"/><TextEquiv index="1"><Unicode>conſtances &amp; prononce...</Unicode></TextEquiv></TextLine><TextLine id="r0_l017"><Coords points="459,1933 2021,1922 2021,2026 459,2037"/><TextEquiv index="1"><Unicode>ne te parle point de tes chagrins</Unicode></TextEquiv></TextLine><TextLine id="r0_l018"><Coords points="464,2037 2020,2026 2021,2120 465,2131"/><TextEquiv index="1"><Unicode>domeſtiques; tu as une raiſon ſi</Unicode></TextEquiv></TextLine><TextLine id="r0_l019"><Coords points="464,2144 2020,2133 2021,2233 465,2244"/><TextEquiv index="1"><Unicode>ſupérieure, &amp; je ſuis ſi foible que je</Unicode></TextEquiv></TextLine><TextLine id="r0_l020"><Coords points="464,2256 2020,2245 2020,2331 464,2342"/><TextEquiv index="1"><Unicode>ne me crois plus en droit de te</Unicode></TextEquiv></TextLine><TextLine id="r0_l021"><Coords points="468,2352 2020,2341 2021,2440 469,2451"/><TextEquiv index="1"><Unicode>conſoler. Crois cependant que je</Unicode></TextEquiv></TextLine><TextLine id="r0_l022"><Coords points="468,2466 2016,2455 2017,2546 469,2557"/><TextEquiv index="1"><Unicode>partage tes peines, &amp; que mon</Unicode></TextEquiv></TextLine><TextLine id="r0_l023"><Coords points="468,2571 2020,2560 2020,2656 468,2667"/><TextEquiv index="1"><Unicode>amitié eſt auſſi vive qu'elle le fut</Unicode></TextEquiv></TextLine><TextLine id="r0_l024"><Coords points="465,2677 772,2675 772,2764 465,2766"/><TextEquiv index="1"><Unicode>jamais.</Unicode></TextEquiv></TextLine></TextRegion></Page></PcGts>