2480 3507
453 329 1636 418 4ELIsAErn.
444 442 2007 542 ſolidité, rends-toi plus de juſtice,
444 559 2003 645 uſe de toutes les forces qu'elle
444 665 2007 754 donne, c'eſt le ſeul moyen de les
440 775 2007 843 conſerver & de les rendre utiles.
436 878 1999 960 Si un homme accuſé de lâcheté,
436 984 2007 1073 avoit beſoin de ſpectateur pour
436 1090 2003 1183 exciter ſon courage & réparer ſon
436 1193 2007 1286 honneur, je t'avoue que ſa bra-
431 1303 2003 1392 voure me ſeroit bien ſuſpecte. Il en
423 1405 2007 1495 eſt ainſi de nous, Eliſabeth, dans
423 1512 2003 1604 les actions privées. Si la raiſon n'eſt
427 1618 2012 1707 notre propre ſentinelle, tous les
423 1721 2003 1793 ſurveillants du monde ne nous ſau-
423 1827 2007 1916 veroient pas d'une ſoibleſſe. La
423 1937 2003 2026 plus ſage eſt celle qui eſt capable
431 2043 2003 2132 de ſe garder elle-même; c'eſt la
431 2146 2003 2235 vertu la plus ſûre & la ſeule qui en
427 2252 1999 2341 mérite le nom. Mais je me défie
423 2355 1999 2451 de celle qui a beſoin du grand jour
308 2461 1999 2554 pour ſe ſoutenir; la vanité ou l'oc-
436 2574 2012 2660 caſion peut la déterminer. C'eſt
440 2677 2007 2773 dans la liberté de la ſolitude qu'elle
