2480 3507
787 315 1974 418 ELISABETH7
409 439 1974 531 doit ſaire ſes plus belles preuves.
404 542 1974 638 Quand je t'ai dit que la pureté des
404 648 1974 741 ſentiments empêchoit d'apperce-
404 758 1974 856 voir les dangers de l'amour, je n'ai
400 856 1970 956 pas prétendu pour cela qu'il fallût
400 967 1970 1059 s'en repoſer ſur les ſoins d'une garde
404 1076 1974 1169 étrangere. Je ne t'ai, au contraire,
404 1183 1974 1272 communiqué cette réflexion que
396 1289 1970 1378 pour exciter ta vigilance. Sois de
391 1392 1974 1484 bonne foi ton Argus, & je te réponds
383 1501 1970 1591 que ta vertu, au lieu de cent yeux,
172 1604 2026 1693 en aura mille pour te guider dans
391 1711 1965 1793 l'étroit ſentier du devoir, & te faire
391 1813 1974 1906 évirer les piéges d'une trop ſécdni-
387 1920 1965 2009 ſante paſſion. anime donc ton
387 2029 2004 2118 courage, & ne vas pas te perſuader
387 2132 1952 2225 que tu es devenue ſoible. Crois-en
387 2238 1957 2321 ton Henriette, tu es auſſi vertueuſe
387 2345 1957 2437 que jamais. Il en eſt des facuſtés
378 2451 2056 2555 morales comme des phyſiques; ſou-
378 2555 1944 2646 vent on ne fait pas telle choſe que
383 2660 1944 2759 parce qu'on s'eſt frappé l'imagi-
1432 2766 1604 2838 Piu
