2480 3507
808 309 2198 405 ELITSAEETH.77
434 439 2008 528 rendant complice d'un fils déſo-
434 545 2004 631 béiſſant, en fruſtrant un pere de ſes
443 648 2008 737 juſtes droits ſur celui qui lui doit
434 754 2008 843 le jour, en empruntant le ſecours
284 854 2004 950 de la religion, des loix humaines,
430 967 2000 1056 pour braver celles de la nature?
430 1070 2000 1172 Et cette mere infortunée pour qui
426 1179 2000 1280 ta tendre pitié te rendoit ſi élo-
292 1280 2000 1382 quente, lorſque tu preſſois ſon fils
421 1388 2077 1477 de ne point attirer ſur elle la diſ-
420 1494 1994 1594 grace de ſon grandpere, penſes-tu
425 1593 1990 1686 qu'elle fût affranchie de ce mal-
417 1704 1991 1789 heur, quand le comte ſe verroit hors
426 1810 1987 1892 d'état de diſpoſer de la main de
421 1909 1983 1998 Luzan?..... Que dis je, hors d'é-
417 2019 1978 2105 tat? les voies frauduleuſes, qu'on eſt
421 2125 1974 2222 obligé d'employer pour cacher des
417 2222 1970 2307 nœuds clandeſtins, ne ſont elles
417 2334 1974 2427 pas fouvent des moyens trop ſûrs
413 2437 2163 2530 qui autoriſent les familles à faire
409 2547 1965 2636 caſſer un mariage contracté ſous les
413 2650 1961 2742 ſeuls auſpices du myſtére, & d'une
