2480 3507
568 302 1879 377 oELSAer
542 422 2133 507 malheurs dont tu ſerois accablée,
568 535 2133 600 ſi tu cédois aux ſollicitations du
572 641 2133 727 chevalier. Je ne ſuis plus étonnée
572 744 2142 833 qu'il ait voulu t'inſtruire par ſa
568 850 2137 936 bouche de ſes deſſeins. Eloigné de
572 956 2137 1046 toi, ilredoutoit les réflexions que
572 1063 2142 1155 tu aurois le temps de faire; mais il
572 1166 2172 1255 a compté ſur le charme vainqueur
576 1268 2146 1358 de ſa préſence, &us encore ſur
576 1375 2146 1464 ta pitié pour ſes tendres plaintes.
581 1481 2155 1567 Hélas! ſerons - nous toujours la
581 1587 2155 1669 victime d'un ſentiment qui nous
585 1690 2155 1762 eſt naturel, & dont les effets ſont
585 1793 1725 1879 ſi ſuneſtes à notre repos?
701 1892 2159 1988 Que je te félicite, étere amie,
589 2005 2155 2094 de ne pas avoir donné ta parole!
593 2112 2155 2197 Tu attends ma réponſe pour te
598 2214 2159 2293 décider; ton irréſolution même eſt
598 2321 2150 2413 ton juge. Tu n'aurois pas balancé,
593 2424 2155 2527 ſi ce que l'on te propoſe étoit exa-
602 2527 2159 2602 ctement conforme aux loix de l'hon-
598 2636 2167 2722 nêteté. fais voir à Luzan les endroits
