2480 3507
442 350 1760 442 8EEIAET.
541 466 2108 562 n'a point eu de part aux rigou-
524 579 2095 669 reuſes ſentences que votre main
1206 686 2095 775 ... J'ai preſque l'air
519 689 1172 751 a tracées...
524 792 2095 881 d'un amant maltraité, qui admire
511 902 2086 991 vos vertus, & gémit de votre
382 1001 2078 1094 cruauté. Cependant vous ſçavez,
524 1111 2078 1200 madame, que tout cela n'a de
519 1217 2078 1306 rapport qu'à nos amis. ous pré-
511 1320 2074 1412 tendez qu'ils feront le malheur de
511 1429 2262 1505 leur vie, s'ils forment des nœuds
507 1536 2065 1625 ſecrets; vous appuyez votre juge-
502 1639 2065 1728 -ment par des raiſons tres ſpécieu-
498 1741 2061 1834 ſes, j'en conviens; mais croyez-
489 1855 2056 1940 vous qu'il fût impoſſible de les
485 1957 1812 2043 détruire par de plus fortes?
459 2060 2044 2149 L'aimable Eliſabeth, qui non
481 2163 2048 2242 ſeulement vous aime comme la
480 2268 2043 2373 plus tendre amie, mais qui vous
471 2368 2025 2464 reſpecte comme une mere chérre,
472 2482 2022 2574 ſe croit obligée de ſuivre vos avis;
434 2591 2022 2677 elle s'en impoſe la loi. Cette
434 2691 2013 2804 réſolution la conſume de chagrin,
