2480 3507
574 405 1756 480 éEEIAuTn.
587 528 2140 621 Ane rendroit-il pas quatre perſonnes
591 631 2153 727 à jamais malheureuſes? & ſi dans
587 741 2145 840 nquelque cas que ce puiſſe être, il
518 840 2149 936 faut qu'il y ait queſqu'un de mé-
587 953 2149 1042 content, ne vaut-il pas mieux
591 1059 2162 1148 que ce ſoit le comte? ous con-
587 1159 2149 1231 noiſſez ſon caractere inflexible,
587 1268 2149 1358 vous ſçavez de quelle barbare
587 1368 2209 1440 contrainte il a voulu en uſer avec
578 1474 2149 1567 ſon fils; je n'ajouterai donc pas
583 1577 2153 1663 d'inutiles réflexions, mais je vous
578 1680 2149 1765 prierai d'obſerver que les mal-
587 1779 2145 1872 heurs, que vous faites redouter à
587 1885 2153 1987 votre amie, ne ſçauroient exiſter.
578 1987 2140 2064 Sa naiſſance mérite d'être reſ-
574 2098 2136 2184 pectée. Le défaut de fortune ne
570 2204 2140 2293 npeut être un motif ſuffiſant pour
570 2310 2136 2396 porter une familfe aux extrêmités
570 2417 2128 2502 que vous lui faites craindre. D'ail-
561 2523 2128 2609 leurs, ſes aimables qualités la ren-
561 2626 2128 2722 dront chere à tous ceux qui la
557 2735 2123 2831 econoitront; & s'il y avoit quel-
