2480 3507
710 373 1911 477 ELltsAsurH.28
340 497 1906 600 squ'un au monde, ce que je ne
331 609 1906 714 concevrois pas, capable de a
335 712 1902 811 hair, je répondrois bien qu'il
340 819 1907 919 ſeroit forcé de l'eſtimer. Ne ſoyez
340 930 1910 1024 donc point effrayée des ſuites
237 1027 1907 1132 d'une union que tout conſpire à
332 1144 1911 1240 rendre parfaite. ous connoiſſez
327 1254 1907 1327 l'extrême amour de nos amis: ce
335 1358 1910 1444 ſeroit un crime, ſelon moi, de les
335 1466 1910 1560 empêcher d'être l'un à l'autre par
336 1571 1911 1647 de vaines conſidérations d'un
335 1680 1920 1780 pitoyable préjugé .... Eliſabeth,
331 1777 1914 1873 vous nomme ſon bon génie, ſon
344 1883 1914 1984 ange tutélaire; ah! de grace,
341 1990 1920 2088 madame, conſacrez ces glorieux
341 2099 1920 2196 titres par le ſuffrage ou tendent
344 2209 1919 2283 tous leurs vœux. ous rendrez la
340 2318 1919 2408 vie au pauvre Luzan, la joie à
349 2422 1928 2507 votre bien aimée, comme vous
349 2530 1924 2624 la nommez quelquefois ſi tendre-
872 2637 1928 2729 ... La voila qui s'im-
169 2658 839 2712 amet..
122 2737 1978 2841 epatiente de mon bonheur, elle
