2480 3507
727 306 1938 428 Ezrsanern.2
364 429 1946 576 plus affligeants ſujets: les deux fils
402 539 1955 677 de monſieur d'Albi preſque mou-
380 646 1963 781 rants ne me permettent pas de
385 756 1963 889 voler à ton ſecours, comme je le
393 859 1971 987 ferois ſans cette fâcheuſe circon-
393 968 1979 1095 ſtance. Chere amie, ſi tu aimes ton
401 1070 2057 1213 Heuriette, ne mets pas le comble
411 1183 1984 1323 à ſa douleur par ce déplorable ma-
411 1290 2049 1430 riage. Non, je te le demande
411 1393 2090 1535 comme la plus précieuſe marque
424 1505 1997 1642 de ton amitié. Songe qu'il y va de
427 1612 2002 1746 mon bonheur; car, le tien ne peut
428 1717 2005 1853 être intéreſſé ſans troubler mon
431 1817 2010 1954 repos. Tu deſires que Saintré me
435 1923 2014 2065 perſuade; je ne ſuis point ſurpriſe
448 2029 2019 2173 de ce ſouhait; mais tu n'as pas
453 2141 2022 2276 cru ſans doute que cela fût poſſi-
458 2248 2027 2367 ble: tu as dû ſentir combien ſes
275 2352 2030 2493 arguments ſont foibles, comme il
463 2471 2029 2570 ſeroit facile de les refuter d'une
467 2568 2038 2686 maniere trop victorieuſe contre les
466 2670 2031 2820 intérêts de ta paſſion; mais le peu
