2480 3507
533 326 1723 415 ELtsABeT.
533 449 2093 542 de moments que j'ai ne me permet
533 559 2106 648 pas d'entrer dans cette diſcuſſion.
537 665 2102 754 D'ailleurs, quand toute l'éloquence
533 768 2106 857 humaine ſe réuniroit pour te dé-
537 874 2102 946 montrer la néceſſité de renoncer
516 984 2102 1073 à ce fatal hymen, je craindrois bien
529 1087 2102 1183 qu'on ne pût te perſuader. Je me
516 1200 2102 1289 borne donc à te prier, à te con-
529 1303 2102 1395 jurer de réſiſter aux ſollicitations
529 1412 2102 1491 de Luzan........ Mes larmes,
529 1519 2102 1608 mon cœur, mon ſang, te deman-
529 1625 2098 1714 dent ce ſacrifice: il eſt grand, je le
520 1731 2098 1820 ſçais; mais il eſt digne de toi ....
524 1831 2089 1916 Si je l'obtiens, ah mon Eliſabeth!
524 1940 2106 2029 quel droit n'auras-tu pas à ma re-
529 2046 2093 2132 connoiſſance? que tu me ſeras
529 2149 2093 2242 chere! mais hélas! tu n'ignores pas
533 2259 2093 2345 que tu ne peux me l'être davantage;
529 2362 2098 2451 & quand je pourrois t'offrir pour
524 2468 2085 2566 récompenſe les plus précieux thré-
524 2566 2089 2663 ſors, je ſçais trop que l'amour
529 2681 2089 2773 n'attache de prix qu'à ce qui le
1774 2787 2093 2855 ſatisfait
