2480 3507
671 381 1939 483 ELISAETH.
359 483 1896 597 ſatisfait; ainſi j'eſpere peu de mes
354 610 1896 699 inſtances, à moins que tu n'aies un
359 717 1901 802 courage ſurnaturel, comme tu me
350 819 1085 908 l'as déja prouvé.
1499 998 1905 1056 L
482 1127 1037 1177 T
477 1103 1742 1226 LE LI.
517 1316 1738 1429 DESETu
619 1474 1614 1546 Madame n'ALeT.
363 1573 1922 1755 ue diras-tu de mon flence.
363 1759 1918 1844 chere Henriette? Il y a trois jours
372 1858 1922 1954 que je ſuis livrée au plus violents
363 1964 1922 2067 combats avec moi - même, luttant
367 2074 1926 2160 ſans ceſſe contre ce que tu appelles
372 2177 1922 2266 ma fatale deſtinée; paſſant, tour à
372 2283 1926 2376 tour, de l'eſpoir à la crainte, de la
376 2393 1926 2482 crainte à la raiſon, & toujours de
372 2499 2033 2571 la raiſon à l'amour...... Je ne vou-
376 2602 1926 2694 lois t'écrire que lorſque je ſerois
376 2705 1935 2794 ſûre de ma réſolution...... Elle eſt
487 2821 888 2897 Parie II.
