<PcGts xmlns="http://schema.primaresearch.org/PAGE/gts/pagecontent/2017-07-15" xmlns:xsi="http://www.w3.org/2001/XMLSchema-instance" xsi:schemaLocation="http://schema.primaresearch.org/PAGE/gts/pagecontent/2017-07-15 http://schema.primaresearch.org/PAGE/gts/pagecontent/2017-07-15/pagecontent.xsd"><Metadata><Creator>User123</Creator><Created>2020-10-13T21:44:16</Created><LastChange>2020-10-13T21:44:16</LastChange></Metadata><Page imageFilename="0007.png" imageHeight="8566" imageWidth="4266"><TextRegion id="r0" type="paragraph" orientation="-0.0"><Coords points="1,1 4264,1 4264,8564 1,8564"/><TextLine id="r0_l001"><Coords points="1489,1049 1852,1049 1852,1227 1489,1227"/><TextEquiv index="1"><Unicode>e.</Unicode></TextEquiv></TextLine><TextLine id="r0_l002"><Coords points="134,1333 3229,1333 3229,1528 134,1528"/><TextEquiv index="1"><Unicode>- Je ne vous conseille pas d'attendre que</Unicode></TextEquiv></TextLine><TextLine id="r0_l003"><Coords points="128,1601 3224,1601 3224,1785 128,1785"/><TextEquiv index="1"><Unicode>le mal soit sans remède, dit cette femme</Unicode></TextEquiv></TextLine><TextLine id="r0_l004"><Coords points="2766,2046 2765,2046 2765,1997 2765,1996 2553,1996 2552,1996 2552,1991 2552,1990 2292,1990 2291,1991 2291,1996 2291,1996 2158,1996 2157,1996 2157,1991 2157,1990 1701,1990 1700,1991 1700,1996 1700,1996 1445,1996 1444,1997 1444,2046 1444,2046 1394,2046 1393,2046 1393,1991 1393,1990 775,1990 774,1990 774,1986 774,1985 707,1985 580,1985 579,1986 579,1990 579,1990 162,1990 161,1991 161,1996 161,1996 156,1996 155,1997 155,2005 155,2005 154,2005 153,2004 139,2004 138,2004 138,1941 138,1940 134,1940 133,1940 133,1935 133,1934 128,1934 127,1934 127,1919 128,1918 322,1918 322,1918 322,1913 323,1912 362,1912 362,1912 362,1896 363,1895 367,1895 367,1895 367,1880 368,1879 373,1879 373,1879 373,1874 374,1873 378,1873 378,1873 378,1868 379,1867 401,1867 401,1867 401,1863 402,1862 412,1862 412,1862 412,1857 413,1856 507,1856 507,1857 507,1862 508,1862 518,1862 518,1863 518,1912 519,1912 579,1912 579,1913 579,1918 580,1918 590,1918 590,1919 590,1923 591,1923 596,1923 596,1924 596,1929 597,1929 601,1929 601,1930 601,1957 602,1957 780,1957 780,1957 780,1863 781,1862 880,1862 880,1863 880,1867 881,1867 1053,1867 1053,1867 1053,1863 1054,1862 1075,1862 1075,1862 1075,1857 1076,1856 1087,1856 1087,1857 1087,1862 1088,1862 1092,1862 1092,1863 1092,1867 1093,1867 1098,1867 1098,1868 1098,1912 1099,1912 1276,1912 1276,1912 1276,1896 1277,1895 1293,1895 1293,1896 1293,1906 1294,1906 1299,1906 1299,1907 1299,1912 1300,1912 1572,1912 1572,1912 1572,1868 1573,1867 1577,1867 1577,1867 1577,1863 1578,1862 1583,1862 1583,1863 1583,1867 1584,1867 1589,1867 1589,1868 1589,1918 1590,1918 1862,1918 1862,1918 1862,1868 1863,1867 2001,1867 2001,1867 2001,1863 2002,1862 2018,1862 2018,1863 2018,1867 2019,1867 2470,1867 2470,1867 2470,1863 2471,1862 2498,1862 2498,1863 2498,1867 2499,1867 2687,1867 2687,1867 2687,1863 2688,1862 2693,1862 2693,1863 2693,1867 2694,1867 2698,1867 2698,1868 2698,1873 2699,1873 2704,1873 2704,1874 2704,1918 2705,1918 2944,1918 2944,1918 2944,1913 2945,1912 3094,1912 3094,1912 3094,1868 3095,1867 3100,1867 3100,1867 3100,1863 3101,1862 3133,1862 3133,1863 3133,1879 3134,1879 3139,1879 3139,1880 3139,1918 3140,1918 3217,1918 3217,1919 3217,1929 3218,1929 3223,1929 3223,1930 3223,1979 3223,1979 3218,1979 3217,1980 3217,1990 3217,1990 3201,1990 3200,1991 3200,1996 3200,1996 2811,1996 2810,1997 2810,2046 2810,2046"/><TextEquiv index="1"><Unicode>perfide. Il faut prier M. Frédérique de</Unicode></TextEquiv></TextLine><TextLine id="r0_l005"><Coords points="117,2125 3229,2125 3229,2309 117,2309"/><TextEquiv index="1"><Unicode>ne pas revenir chez vous, ou bien vous</Unicode></TextEquiv></TextLine><TextLine id="r0_l006"><Coords points="123,2387 3218,2387 3218,2521 123,2521"/><TextEquiv index="1"><Unicode>vous mettez dans le cas de la voir séduite...</Unicode></TextEquiv></TextLine><TextLine id="r0_l007"><Coords points="17,2644 3229,2644 3229,2839 17,2839"/><TextEquiv index="1"><Unicode>M. de Saint-Silvain avoit de la peine à</Unicode></TextEquiv></TextLine><TextLine id="r0_l008"><Coords points="123,2906 3229,2906 3229,3101 123,3101"/><TextEquiv index="1"><Unicode>se déterminer à un si grand parti. Mais</Unicode></TextEquiv></TextLine><TextLine id="r0_l009"><Coords points="67,3168 3229,3168 3229,3358 67,3358"/><TextEquiv index="1"><Unicode>sa femme insista jusqu'à ce qu'elle eût</Unicode></TextEquiv></TextLine><TextLine id="r0_l010"><Coords points="67,3419 3224,3419 3224,3620 67,3620"/><TextEquiv index="1"><Unicode>obtenu ce qu'elle desiroit. Monsieur de la</Unicode></TextEquiv></TextLine><TextLine id="r0_l011"><Coords points="56,3692 3224,3692 3224,3882 56,3882"/><TextEquiv index="1"><Unicode>Combe le père étoit absent. Elle étoit</Unicode></TextEquiv></TextLine><TextLine id="r0_l012"><Coords points="112,3954 3218,3954 3218,4144 112,4144"/><TextEquiv index="1"><Unicode>bien aise de profiter du moment pour</Unicode></TextEquiv></TextLine><TextLine id="r0_l013"><Coords points="106,4211 3218,4211 3218,4401 106,4401"/><TextEquiv index="1"><Unicode>faire éconduire le fils, sans paroître pour</Unicode></TextEquiv></TextLine><TextLine id="r0_l014"><Coords points="17,4467 3201,4467 3201,4652 17,4652"/><TextEquiv index="1"><Unicode>rien dans tout ce qui concernoit Zabeth.</Unicode></TextEquiv></TextLine><TextLine id="r0_l015"><Coords points="6,4718 3201,4718 3201,4858 6,4858"/><TextEquiv index="1"><Unicode>Elle vouloit l'isoler de tous ses amis.</Unicode></TextEquiv></TextLine><TextLine id="r0_l016"><Coords points="2136,5152 2135,5152 2135,5103 2135,5102 1645,5102 1644,5103 1644,5119 1644,5119 1640,5119 1639,5120 1639,5130 1639,5130 1634,5130 1633,5131 1633,5136 1633,5136 1629,5136 1628,5137 1628,5141 1628,5141 1623,5141 1622,5142 1622,5147 1622,5147 1612,5147 1611,5147 1611,5103 1611,5102 820,5102 819,5102 819,5098 819,5097 290,5097 289,5097 289,5092 289,5091 117,5091 116,5091 116,5087 116,5086 112,5086 111,5086 111,5075 112,5074 127,5074 127,5074 127,5031 128,5030 133,5030 133,5030 133,5023 134,5022 161,5022 161,5022 161,5021 162,5020 168,5020 169,5019 171,5019 172,5018 211,5018 211,5018 211,4969 212,4968 434,4968 434,4969 434,4974 435,4974 785,4974 785,4974 785,4969 786,4968 797,4968 797,4969 797,4974 798,4974 1148,4974 1148,4974 1148,4969 1149,4968 1449,4968 1449,4969 1449,5024 1450,5024 1745,5024 1745,5024 1745,4981 1746,4980 1750,4980 1750,4980 1750,4975 1751,4974 1862,4974 1862,4974 1862,4969 1863,4968 1867,4968 1867,4969 1867,4974 1868,4974 1879,4974 1879,4975 1879,5024 1880,5024 2358,5024 2358,5024 2358,5020 2359,5019 2671,5019 2671,5019 2671,4969 2672,4968 2910,4968 2910,4969 2910,4974 2911,4974 2916,4974 2916,4975 2916,5019 2917,5019 3156,5019 3156,5020 3156,5024 3157,5024 3178,5024 3178,5025 3178,5030 3179,5030 3195,5030 3195,5031 3195,5035 3196,5035 3200,5035 3200,5036 3200,5046 3201,5046 3206,5046 3206,5047 3206,5091 3206,5091 3201,5091 3200,5092 3200,5097 3200,5097 3190,5097 3189,5098 3189,5102 3189,5102 3107,5102 3106,5103 3106,5108 3106,5108 3095,5108 3094,5108 3094,5103 3094,5102 2186,5102 2185,5103 2185,5152 2185,5152"/><TextEquiv index="1"><Unicode>I. de Saint-Silvain, bien persuadé de ce</Unicode></TextEquiv></TextLine><TextLine id="r0_l017"><Coords points="33,5226 3207,5226 3207,5410 33,5410"/><TextEquiv index="1"><Unicode>que sa femme lui avoit dit, donna des</Unicode></TextEquiv></TextLine><TextLine id="r0_l018"><Coords points="1,5483 3201,5483 3201,5667 1,5667"/><TextEquiv index="1"><Unicode>ordres pour pouvoir parler à Frédérique</Unicode></TextEquiv></TextLine><TextLine id="r0_l019"><Coords points="112,5745 3201,5745 3201,5934 112,5934"/><TextEquiv index="1"><Unicode>aussi-tôt qu'il se présenteroit. Il en eut</Unicode></TextEquiv></TextLine><TextLine id="r0_l020"><Coords points="112,6001 3196,6001 3196,6191 112,6191"/><TextEquiv index="1"><Unicode>l'occasion dans la journée même. Comme</Unicode></TextEquiv></TextLine><TextLine id="r0_l021"><Coords points="112,6252 3196,6252 3196,6459 112,6459"/><TextEquiv index="1"><Unicode>il entroit, un domestique lui dit que mon-</Unicode></TextEquiv></TextLine><TextLine id="r0_l022"><Coords points="106,6514 3225,6514 3225,6726 106,6726"/><TextEquiv index="1"><Unicode>sieur le demandoit dans son cabinet. Il</Unicode></TextEquiv></TextLine></TextRegion></Page></PcGts>