4266 8391
1075 1292 4081 1486 s'y rendit. -- Je suis fâché, mon chei
1070 1553 4141 1749 Frédérique, lui dit M. de Saint-Silvain,
1064 1800 4081 1996 d'être obligé de vous dire que votre pré-
1053 2058 4185 2252 sence, trop fréquente ici, pourroit nuire
1070 2308 4086 2503 au repos de ma fille et à sa réputation.
1053 2555 4085 2749 Il n'est point à sa place qu'un si jeune
1064 2804 4086 3010 homme voie aussi souvent une jeune per
1070 3063 4085 3256 sonne, à moins qu'il ne soit question
1060 3318 4086 3508 d'union. Ma Zabeth n'a encore que qua
1053 3570 4086 3757 torze ans. Je ne vous crois pas d'ailleurs,
1060 3826 4190 4021 mon cher ami, dans le cas de songer à
1070 4080 4152 4260 un établissement. Ainsi, aucune raison
1059 4331 4179 4527 honnête ne peut vous porter à venir ic
1059 4584 4136 4780 souvent? -- Monsieur, dit Frédérique, si
1053 4828 4096 4977 mademoiselle de Saint-Silvain m'eût ſait
1053 5074 4256 5272 l'honneur de me distinguer, il y a long-
1064 5333 4178 5529 tems que vous en seriez instruit, et que
1027 5582 4097 5769 je vous aurois demandé votre aveu. Les
999 5855 4097 6048 simples nœuds de l'amitié nous unissent.
1071 6101 4103 6303 En douter, seroit ne rendre justice nià
1064 6358 4100 6566 votre estimable fille, ni à ma loyauté....
