4266 8533
1456 939 1828 1128 Lnn.
12 1233 3206 1422 Pour vous prouver que je n'ai aucune
156 1494 3206 1683 vue qui puisse alarmer votre délicatesse,
149 1760 3216 1932 je viendrai beaucoup plus rarement. --
28 2017 3222 2206 Mon ami, vous me ferez plaisir de ne pas
44 2278 3222 2467 revenir du tout ...... -- Du tout, mon-
67 2533 3228 2717 sieur? ...... c'est une rigueur que je ne
1 2794 3228 2978 croyois pas mériter? Cette volonté n'est
45 3056 3217 3244 pas la vôtre..... -- Comment? -- Non,
56 3317 3228 3519 monsieur, elle n'est pas la vôtre; mais
56 3583 3228 3767 je m'y soumettrai. M.elle de Saint-Sil-
50 3839 3222 4028 vain donne un trop bel exemple de sou-
28 4100 3339 4289 mission, pour que tous ceux qui l'admi-
139 4361 3239 4550 rent et qui l'estiment ne s'empressent
144 4622 3228 4806 pas d'en profiter. Frédérique salua M. de
144 4883 3239 5067 Saint-Silvain, et se retira extrêmement
22 5144 3239 5333 mortifié d'une pareille éconduite. Il trou-
44 5406 3233 5589 va Victoire sur son chemin, et lui dit ce
16 5671 3232 5855 qui venoit de se passer. -- Ah, monsieur!
17 5922 3439 6111 dit cette fille, ma maîtresse va donc être
156 6178 3306 6367 privée du seul être qui s'intéressoit à son
156 6439 3211 6589 sort! Et comment recevra-t-elle les lettres
