4266 8489
22 1210 3272 1404 larmes, que les traces qui en restèrent
33 1476 3272 1664 sur sa figure prouvèrent à M. de Saint-
33 1730 3266 1918 Silvain que sa femme avoit très-bien vu.
61 1990 3277 2183 Elle-même profita de cette preuve pour
39 2255 3272 2437 faire valoir sa prudence. Elle n'avoit ja-
28 2509 3277 2697 mais vu Frédérique embrasser mademoi-
28 2763 3277 2946 selle de Saint-Silvain; mais elle avoit vu
61 3029 3266 3211 le plaisir dans ses yeux lorsqu'il arrivoit.
17 3288 3283 3476 Elle ne vouloit point d'un pareil concur-
17 3543 3283 3736 rent, quand il seroit tems de mettre Du-
188 3808 3277 4001 puis sur les rangs; et elle avoit commencé
17 4068 3283 4261 par le faire éloigner. Les traces des lar-
182 4327 3377 4515 mes de Zabeth lui firent penser qu'elle
188 4582 3283 4764 avoit deviné juste; et elle étoit enchantée
193 4836 3288 5029 d'imaginer que son premier coup d'essai,
193 5096 3288 5289 en cherchant à altérer l'amitié du père
177 5355 3316 5543 pour la fille, fût tombé sur une chose
193 5615 3294 5798 aussi juste. Cette première réussite lui
1 5880 3283 6068 donnoit les plus flatteuses espérances.
193 6135 3288 6323 C'étoit un premier pas difficile à risquer;
193 6378 3299 6533 mais son heureux succès ne lui laissant
