4266 8456
2307 914 2769 1096 l
996 1206 4217 1404 plus de doute pour le reste, elle en pro-
996 1470 4085 1657 fita habilement; et, dans une longne
985 1718 4195 1910 conversation qu'elle cut avec son mari,
980 1976 4195 2120 elle sema la défiance sur la conduite de
980 2241 4201 2422 sa fille, et alla jusqu'à attaquer l'éduca-
985 2499 4206 2687 tion qu'elle avoit reçue chez mademoi-
1002 2747 4223 2940 selle de Fermon. M. de Saint-Silvain
980 3017 4201 3204 n'avoit rien à répondre, convaincu par
991 3270 4163 3457 une preuve incontestable. Il se laissa per-
985 3529 4201 3711 suader tout ce que l'on voulut. Quel
991 3788 4212 3969 triomphe pour cette méchante femme!
1167 4041 4228 4228 M. de Saint-Silvain vouloit en parler à
991 4300 4234 4492 sa fille. -- Ne commettez pas cette im-
985 4558 4188 4771 prudence! lui dit-elle; la hardiesse de sa
985 4812 4188 5004 conduite ne pourroit plus venir jusqu'à
985 5070 4250 5274 vous; elle prendroit les plus grandes pré-
950 5318 4206 5544 cautions pour la masquer. Ah! que les
985 5582 4210 5797 femmes sont trompeuses! une figure si
996 5841 4085 6039 douce!.... une tante qu'elle disoit tant
991 6105 4222 6320 regretter! qui n'auroit pas cru son ame
991 6364 4079 6546 pleine de candeur? ....... Je ne m'étonne
