4266 8391
2332 928 2786 1114 i6.
1042 1212 4184 1414 plusieurs jours, et se tint dans une can-
989 1456 4174 1662 tivité des plus rigoureuses. Elle deman-
1048 1725 4173 1869 doit souvent à Victoire comment alloit
1060 1969 4168 2163 son père; mais elle n'en savoit rien. Elle
1059 2227 4207 2422 avoit beau questionner elle-même les an-
1054 2479 4201 2674 tres domestiques; personne ne répondoit
1059 2735 4157 2928 à ses demandes. Zabeth, désolée d'ignorer
1009 2992 4184 3192 l'état dans lequel il étoit, se hasarda de
1064 3250 4168 3441 lui écrire un mot; et, dans le style le
1059 3506 4237 3695 plus tendre et le plus soumis, elle s'infor-
1065 3743 4207 3958 moit de sa santé, en le priant instamment
1070 4014 4207 4212 de vouloir bien ne pas l'éloigner de lui
1071 4260 4103 4464 dans un moment où elle pourroit lui pro-
1075 4516 4201 4735 diguer les marques de son respectueux
1075 4768 4108 4971 attachement. Victoire se chargea d'aller
1075 5032 4250 5228 porter cette lettre; elle vint à la porte de
1081 5276 4238 5472 M. de Saint-Silvain, et demanda à lui
1086 5534 4185 5733 parler de la part de sa fille. Madame de
1087 5789 4200 5944 Saint-Silvain lui dit d'un ton dur et
825 6054 4207 6247 menaçant, qu'elle étoit bien hardie de se
1097 6303 4212 6512 charger d'un tel message; que M. de
