4266 8456
1057 1239 4190 1437 ler à mon père; qu'il me tire de cette
1041 1508 4190 1690 maison, et protége mon entrée au cou-
1052 1762 4184 1949 vent: je me recommande à ton amitié.
1052 2015 4179 2197 Hélas, ma chère amie! je n'ai plus rien
1052 2263 4179 2455 à attendre que de la pitié d'autrui! Je
1052 2521 4173 2709 suis étrangère au sein de ma famille:
1052 2780 4195 2967 mon père me repousse; qui est-ce qui
1046 3033 4179 3177 va s'intéresser à la malheureuse Zabeth!
1041 3287 4212 3474 Elle s'étoit jetée dans les bras de sa
1041 3534 4212 3727 femme-de-chambre, et la pressoit contre
1041 3799 4190 3991 son sein, en lui demandant en grace
1041 4057 4206 4245 de ne pas l'abandonner. Victoire, de
1041 4305 4190 4503 son côté, fondoit en larmes, et lui jura
1035 4553 4195 4757 mille fois qu'elle ſeroit tout ce qui dé-
1035 4812 4251 5015 pendroit d'elle. On vint interrompre
1035 5065 4217 5258 ce tendre épanchement, et l'on dit à
1067 5312 4105 5521 Victoire de descendre; que M. de Saint-
1035 5571 4206 5737 Silvain la demandoit. Tout se faisoit
1035 5841 4090 6039 en son nom, malgré qu'il ne prît part
1030 6072 4090 6276 à rien, parce qu'il étoit dans un état dé-
1030 6331 4239 6546 sespéré. Victoire obéit, et reçut son
