4266 8423
1397 937 1854 1119 i.
115 1229 3153 1426 congé, avec ordre de sortir sur l'heure
120 1488 3158 1675 du château, et de ne pas parler à sa
16 1740 3142 1933 maîtresse. On lui fit prendre ses hardes,
27 1996 3141 2186 et on la mit à la porte. Il lui fut im-
26 2253 3130 2434 possible de dire un mot à Zabeth; on
23 2504 3125 2697 l'avoit suivie jusqu'au moment où ello
98 2766 3148 2954 avoit mis le pied dehors. Elle fut sur-
27 3018 3137 3213 le-champ chez M. de la Combe; mais
32 3275 3148 3472 depuis long-tems il étoit à Paris, où
104 3528 3142 3717 il suivoit un procès d'où sa fortune dé-
6 3776 3136 3969 pendoit. Il ignoroit que l'on eût con-
37 4021 3137 4229 gédié son fils de chez M. de Saint-Sil-
37 4282 3136 4480 vain; celui-ci n'avoit pas jugé à propos
103 4540 3131 4740 de le lui écrire. Son père n'auroit pas
55 4792 3131 4986 manqué d'entrer en fureur; il sentoit
109 5039 3137 5233 que cela ne l'auroit encore qu'aigri contre
44 5293 2446 5435 mademoiselle de Saint-Silvain.
54 5549 3115 5737 Victoire ne trouva que Frédérique,
104 5798 3115 5989 qui elle conta, en pleurant, le triste
114 6054 3114 6212 sort de sa maîtresse. On m'a ren-
48 6333 3114 6525 royée, dit-elle, parce que j'aimois
