4266 8423
2341 941 2797 1124 .
1046 1220 4200 1412 mademoiselle, et que, dans son in-
1053 1483 4086 1674 fortune, j'étois pour elle un sujet de
1057 1734 4206 1929 consolation. Je ne sais plus, monsieur,
855 1992 4234 2182 comment vous allez faire pour que ma
1063 2245 4212 2441 maîtresse reçoive des lettres d'Angleterre.
1057 2505 4183 2692 lle n'a plus auprès d'elle personne qui
816 2759 4212 2956 puisse les lui remettre. -- Ah, ma chère
1064 3011 4222 3206 Victoire! dit Frédérique, mademoiselle
1063 3256 4190 3420 de Saint-Silvain est dans ce moment en
1063 3527 4123 3721 butte à toute la rigueur de son sort?
1004 3769 4190 3992 Voilà quatre courriers qui passent, et je
1068 4035 4217 4229 n'ai point eu de nouvelles de Noriss.
1080 4284 4212 4482 Je ne puis me déſendre d'une secrète
1079 4542 4234 4733 inquiétude. D'où vient ce silence? lui
837 4781 4216 4986 qui étoit si exact! S'il étoit malade,
1085 5046 4148 5194 sa mère écriroit: son cœur ne seroit-
1090 5296 4249 5496 il plus le même? Les brillantes pro-
1101 5549 4245 5753 messes de son oncle ont-elles fini par
1101 5785 4227 5956 l'éblouir? Auroit-il la barbarie d'oublier
1102 6053 4245 6263 la plus aimable des femmes, et la plus
1107 6294 4261 6538 faite pour être aimée? Sa vanité l'é-
