4266 8423
114 1148 3093 1348 lats. Il n'ent aucun égard pour les re-
109 1402 3104 1608 rets de madame Noriss la jeune, qui
21 1661 3104 1863 erdoit une amie à qui, depuis son en-
44 1917 3104 2116 ance, elle étoit fort attachée. Il fit à
44 2172 3104 2372 on neveu des plaisanteries fort amères
37 2432 3110 2634 ur les Françaises; plaisanteries qu'En-
114 2691 3104 2890 eric prit fort mal. Il avoit une tristesse
48 2943 3378 3146 ffreuse du départ de sa chère Zabeth;
120 3208 3104 3358 tsa seule consolation étoit d'aller avec
21 3470 3104 3669 na sa cousine, se promener dans la
26 3719 3099 3924 rêt de Wapping, et d'y revoir les
114 3979 3103 4180 eux où il s'étoit promené avec elle. Le
55 4228 3110 4427 usé Wilton vit que, plus il accabloit
65 4484 3104 4682 on neven de mauvaises plaisanteries,
114 4742 3104 4939 lus il s'éloignoit lui; et que même,
59 4993 3093 5191 lusieurs fois, il lui avoit répondu avec
136 5248 3099 5454 ne fierté à laquelle il ne s'attendoit pas.
125 5501 3104 5701 fit réflexion que les actions feroient
54 5757 3110 5965 lus d'effet que les paroles; il fit don à
48 6012 3120 6177 on neveu de deux chevaux de course très.
55 6260 3116 6488 eaux, lui donna plusieurs valets, et lui
