4266 8423
1382 916 1870 1097 L.
143 1201 3186 1398 le plus ridicule qui soit au monde. Ca-
148 1470 3329 1662 chez cette foiblesse, je vous en supplie,
126 1728 3181 1903 ou, en honneur, chacun rira de vous.
110 1980 3186 2172 Enneric resta pétrifié d'une pareille sor-
121 2238 3192 2424 tie, et commença, pour la première ſois,
16 2495 3203 2682 à rougir de son amour. Zabeth étoit
16 2748 3186 2934 belle sans doute, fraîche et intéressante,
11 3011 3186 3197 bonne par-dessus tout; mais, à la vérité,
126 3274 3186 3466 elle n'avoit pas cet air agaçant qui en-
1 3526 3192 3713 traîne, et que lady Barimor possédoit au
126 3784 3192 3971 suprême degré. Cette belle ludy avoit
27 4042 3192 4223 jeté un œil de desir sur Enneric. Sa fraî-
5 4294 3181 4481 cheur de dix-sept ans, son air timide,
11 4546 3186 4733 cette taille déjà bien prise, ces grâces na-
5 4804 3186 4980 turelles, tant de choses lui avoient fait
16 5056 3186 5243 naître le violent desir de se l'attacher, et
38 5309 3186 5451 d'ébaucher son éducation. Elle en avoit
22 5572 3203 5758 parlé à Anderson, qui étoit une de ses
38 5830 3175 6022 anciennes aventures, et ne lui avoit pas
27 6087 3170 6274 caché le goût qu'elle avoit pris pour son
11 6334 3175 6532 jeune ami. Anderson demanda un pot-
