4266 8391
2223 907 2846 1098 a
1049 1207 4196 1399 le regarda long-tems. Il sentoit qu'elle
1049 1448 4174 1655 avoit les yeux sur lui, et n'osoit relever
1043 1721 4221 1901 les siens. M. Willon tint à ce sujet les
1037 1971 4085 2157 propos les plus libres. Madame Noriss
841 2219 4081 2398 la mère voulut le faire taire, lui allé-
1038 2480 4086 2666 gnant qu'il devoit être plus circonspect
1038 2732 4234 2917 devant Anna: mais rien ne put l'engager
1038 2988 4081 3174 à finir une conversation qu'il sentoit bien
1037 3239 4233 3424 que sa nièce ne pouvoit entendre sans
1033 3496 4196 3688 peine. -- Eh bien, madame! lui dit-il,
1038 3742 4092 3933 en dépit de l'éducation sotte que vous lui
1038 4005 4092 4190 avez donnée, vous voyez que mon neveu
1037 4255 4091 4435 devient un homme raisonnable, et qu'il
1033 4507 4092 4693 n'épousera pas cette petite sauterelle de
738 4758 4092 4939 Française? -- Monsieur, dit madame No-
1038 5015 4245 5206 riss, je vous prie, dans votre gaieté, de
1033 5266 4261 5452 ne point oublier que je la suis, et je m'en
1043 5523 4256 5709 fais honneur. La fausse pudeur de vos
1038 5780 4092 5971 femmes, et la grossièreté de vos compa-
967 6031 4092 6217 triotes ne donnent pas le desir d'être d'une
1042 6287 4096 6484 nation qui n'est estimable sous aucun ran-
