4266 8456
1431 892 2114 1074 S.
170 1183 3242 1364 nort. En finissant ces mots, elle sortit
1 1448 3248 1630 de table, et dit à son fils, d'un ton assez
176 1701 3248 1888 ferme: Monsieur, vous viendrez après le
175 1959 3247 2146 repas me parler dans mon appartement?
176 2219 3248 2400 Noriss s'inclina, et ne répondit rien à sa
171 2472 3457 2610 mère. M. ilton fit éclater toute sa fu-
171 2725 3237 2912 reur lorsqu'elle fut sortie. Madame No-
165 2989 3248 3166 riss la mère voulut le calmer; mais elle
171 3248 3237 3435 n'avoit pas beaucoup de droits sur son
171 3507 3232 3694 esprit. Il la fit taire, et continua à dé-
171 3749 3226 3942 clamer contre les Françaises, en accom-
171 4024 3237 4212 pagnant cela de tous les juremens dont
176 4283 2098 4470 les Anglais son prodigues.
341 4542 3221 4729 Après le repas, Enneric se retira chez
175 4794 3231 4976 lui, fort incertain s'il iroit dans l'appar-
176 5054 3320 5192 tement de sa mère. Il étoit à délibérer
176 5307 3221 5505 sur le parti qu'il prendroit, lorsqu'Anna
176 5560 3210 5742 vint le chercher de la part de sa tante.
176 5814 3221 6001 Elle avoit les yeux très-rouges. Elle n'é-
187 6072 3221 6260 toit pas comme les trois quarts et demi
181 6330 3231 6512 des femmes de son pavs. qui sont jalouses
