4266 8391
1426 880 1879 1060 .
147 1163 3189 1359 puis, ni ne veux être plus long-tems té-
153 1420 3190 1623 moin des odieux encouragemens que
16 1677 3190 1868 votre oncle vous donne. Vous croyez
152 1933 3195 2113 qu'il vous aime? Vous êtes dans l'erreur.
11 2191 3207 2371 En vous perdant, il satisfait à la haine
26 2441 3206 2632 qu'il me porte, parce qu'il sait combien
1 2704 3201 2910 vous m'êtes cher. Il ne peut vous par-
27 2956 3528 3136 donner d'avoir reçu le jour d'une femme
22 3193 3212 3349 dont il abhorre la nation. Il a tous les
27 3464 3218 3644 vices de la sienne, et ce n'est pas peu
16 3715 3223 3901 dire: dur, vindicatif, ivrogne, grossier,
33 3966 3223 4152 croyant qu'un Anglais est le premier
33 4217 3229 4398 homme de l'univers, mettant tout son
33 4474 3229 4660 mérite à avoir amassé des millions qui
27 4731 3240 4936 n'ont rien coûté à son génie: ce n'est que
27 4988 3256 5168 le résultat de ses rapines. Des milliers
27 5239 3240 5430 d'individus sont morts à la peine, et ont
219 5496 3240 5687 gémi sous le fouet, pour enrichir un
22 5753 3245 5933 homme sans mérite, qui n'use aujour-
16 6009 3251 6195 d'hui de sa ſortune que pour vous perdre,
11 6261 3261 6457 et qui ne soulageroit pas d'une guinée
