4266 8489
276 1271 3167 1465 Enneric étoit accoutumé à ne pas ré-
114 1530 3166 1718 pondre à sa mère: il lui fit une profonde
105 1791 3261 1994 révérence, et se retira. Il remonta dans
111 2050 3172 2233 son appartement, où il trouva Anderson
111 2305 3167 2493 qui l'attendoit, pour aller, avec lady Ba-
17 2564 3233 2747 rimor, au Renelagh. Il n'eut pas le loisir
17 2819 3161 3001 de faire la moindre réflexion sur ce que
31 3078 3167 3266 sa mère venoit de lui dire: il partit. La
29 3338 3183 3526 soirée fut charmante. Lady fut plus ten-
39 3592 3172 3780 dre que jamais. On le mena à un souper
116 3847 3167 4040 délicieux: beaucoup de jolies femmes,
122 4112 3435 4294 de bons vins, des liqueurs, l'encens
121 4365 3166 4553 u'on lui prodiguoit, les complimens
21 4619 3166 4802 qu'il recevoit sur la beauté de ses chevaux
17 4875 3167 5057 et de ses voitures. Il ne pensa ni à sa
22 5123 3167 5311 mère, ni à Zabeth. Enivré de plaisirs,
133 5378 3465 5565 tout avoit disparu à ses yeux. Il n'étoit
133 5637 3167 5820 sensible qu'à l'éclat dont il étoit envi-
22 5892 3172 6079 ronné. Il rentra fort tard. A peine avoit-il
17 6140 3172 6334 joui de deux heures de repos, qu'il en-
137 6388 3171 6587 tendit frapper rudement à sa porte. La
3758 8006 4062 8191 L
