4266 8423
2380 949 2835 1130 a.
1080 1228 4257 1398 sœur. Revenons à cette intéressante fille
1245 1492 4091 1689 Frédérique avoit reçu une lettre d
1064 1744 4184 1936 son père. M. de la Combe y fulmi-
1064 2002 4102 2188 noit contre elle, de ce qu'elle avoit man-
1058 2254 4190 2654 ne auen aun u e e
1064 2770 4173 2961 ne puis, disoit-il, retourner à présent;
1069 3022 4109 3208 mes affaires ne seront terminées que
1091 3274 4201 3411 dans un mois: si le sort de mademoi-
1069 3532 4113 3724 selle de Saint-Silvain est compromis à
817 3768 4119 3976 un certain point, sa tante m'a dit que,
1069 4047 4119 4234 dans une occasion pressante, je remisse
883 4305 4256 4497 à M. de Saint-Silvain un paquet qu'elle
1064 4557 4124 4694 m'a donné cacheté. Vous le trouverez
1075 4804 4124 4985 dans mon secrétaire, dans le second
927 5033 4124 5248 tiroir à droite: portez-le vous-même,
1075 5320 4119 5501 et qu'il prenne connoissance de ce qu'il
1063 5560 4249 5752 renferme: je l'ignore.... N'oubliez pas
849 5812 3761 5999 qu'il ne faut le remettre qu'à lui.
1119 6065 4234 6257 Frédérique trouva effectivement le pa-
1074 6328 4112 6514 quet que Duval avoit donné à made-
1097 8128 2433 8226 ---
