4266 8359
114 1190 3162 1383 moiselle de Fermon, à Douvres; il s'en
26 1423 3433 1659 chargea, et fut à Château-neuf; mais il
15 1703 3162 1894 ne put parvenir jusqu'à M. de Saint-
33 1955 3166 2135 Silvain. On lui refusa absolument l'en-
38 2207 3167 2384 trée de sa chambre: il demanda à voir
47 2461 3173 2657 Zabeth; on lui dit qu'elle n'étoit point
15 2720 3167 2914 au château, qu'elle étoit partie depuis
27 2952 3167 3160 trois jours pour voir une dame de la
43 3223 3167 3408 connoissance de ſeue sa mère. Frédé-
59 3471 3173 3663 rique ne crut pas un mot de ce men-
124 3726 3172 3919 songe: il s'en retourna très-affligé de
120 3981 3167 4174 n'avoir pu faire sa commission, per-
64 4242 3172 4433 suadé qu'il étoit, que le bonheur de
130 4493 3200 4669 mademoiselle de Saint-Silvain tenoit à
33 4749 3155 4942 ce que son père prît connoissance de ce
43 5000 3162 5192 que renfermoit la lettre dont il étoit
44 5299 697 5442 porteur.
287 5511 3156 5699 Il s'en retournoit, en cherchant quels
125 5769 3162 5965 moyens on pourroit employer pour trom-
26 6018 3166 6161 per la surveillance de madame de Saint-
38 6262 3156 6475 Silvain, lorsque la vieille Cateau l'ac-
