4266 8456
77 1195 3105 1396 le madame, qui est une fine matoise,
77 1459 3105 1646 ussi bien qu'elle. Frédérique demanda
83 1707 3100 1861 donnoient les fenêtres de mademoiselle
77 1976 3105 2120 le Saint-Silvain? Cateau lui montra une
72 2230 3089 2422 enêtre que l'on voyoit de côté, et qui
39 2488 3237 2676 lonnoit sur l'endroit le plus isolé du
44 2742 3105 2934 arc. Il pensa que la nuit on pourroit
39 3006 3089 3188 u moins venir lui parler. -- Non, dit
43 3253 3093 3440 ateau, on lâche deux chiens qui tue-
72 3512 3105 3694 oient dix hommes; je ne vous conseil-
33 3766 3111 3958 lerois pas d'y venir, ou ce seroit fait
39 4019 3116 4162 le vous. Elle lui demanda s'il n'avoit
17 4283 3111 4470 pas de lettres pour sa jeune maîtresse?
72 4536 3116 4724 Il dit, avec un soupir, qu'il n'en avoit
16 4783 3115 4981 pas reçu depuis long-tems. Ils se quit-
1 5065 529 5192 tèrent.
231 5307 3105 5511 Zabeth avoit vu de sa fenêtre Cateau
39 5566 3111 5753 parlant à Frédérique. Elle pensoit qu'il
23 5825 3122 6006 y avoit une lettre de son cher Noriss, et
6 6083 3111 6271 brûloit de la posséder, et de lui faire
44 6326 3116 6524 passer celles qu'elle avoit écrites: mais
