4266 8285
1628 216 2349 297 L
1126 1164 4228 1353 le moyen d'y parvenir n'étoit pas ſacile
1311 1413 4264 1602 Il y avoit deux mois que M. de Saint
1133 1661 4250 1845 Silvain étoit au lit avec une fièvre qui le
1133 1920 4110 2120 menoit au tombeau. Il paya le tribut
1133 2174 4197 2363 En perdant la vie, il laissa Zabeth au
1127 2422 4256 2626 pouvoir d'une femme qui depuis long
1127 2681 4224 2853 tems convoitoit sa fortune, et vouloit
1122 2934 4197 3118 l'envahir. Sa mort causa quelques mou-
1122 3188 4245 3377 vemens dans le château. Sa fille eut beau
1122 3436 4261 3619 s'informer du sujet qui causoit tant d'al-
1127 3690 4264 3873 lées et de venues, on ne lui répondit pas
1122 3943 4234 4072 un mot. Elle ne connut son malheur
1127 4186 4235 4369 que lorsqu'elle entendit sonner son en-
1122 4439 4261 4617 terrement. Elle éprouva un tel saisisse-
1122 4687 4218 4871 ment, qu'elle tomba sans connoissance.
1122 4946 4240 5124 La fille qui la servoit la trouva étendue
1121 5199 4212 5377 sur son plancher. Elle appela du monde
1122 5448 4234 5637 pour la secourir. Zabeth, en revenant à
1122 5701 4245 5885 elle, se trouva dans les bras de Dupuis.
1122 5950 4110 6133 La figure de cet homme manqua la faire
1122 6203 4245 6343 retomber dans l'état d'où elle sortoit. Elle
998 7994 2053 8091 -- --
