4266 8391
1442 858 1896 1043 o
153 1153 3212 1344 que j'abhorre!... Dupuis, à ce doux com-
43 1403 3211 1583 pliment, sortit de la chambre, et fut
153 1666 3207 1808 chercher sa mère. Madame de Saint-Sil-
1 1923 3196 2109 vain arriva avec la figure d'une mégère:
71 2174 3212 2376 les yeux lui sortoient de la tête. -- Com-
66 2430 3211 2616 ment! petite impertinente, vous osez
153 2688 3207 2828 nous appeler deux monstres?..... Vous
37 2938 3211 3124 allez enſin me paver la haine que je sais
27 3201 3212 3382 que vous nourrissez dans votre cœur con-
44 3453 3212 3589 tre moi.... Je suis maîtresse de ce châ-
38 3709 3212 3890 teau durant ma vie. Votre père, en
38 3966 3207 4146 mourant, m'a nommée votre tutrice;
55 4217 3212 4403 et si vous n'épousez pas Dupuis, vous
38 4456 3212 4611 êtes déshéritée. Telles sont ses dernières
44 4726 3218 4906 volontés; et je puis vous le prouver, si
169 4982 3223 5168 vous doutez de ce que je vous dis.... Za-
169 5234 3207 5408 beth se leva, et lui dit avec véhémence:
49 5490 3218 5676 Eh bien, madame, gardez tout. Je ra-
33 5742 3229 5927 tifierai les dons de mon père; mais je n'é-
27 5993 3234 6184 pouserai jamais cet homme-là... la mort
191 6244 3229 6425 me paroîtroit mille fois préférable... Ma
453 6539 612 6616 II.
