4266 8391
308 174 2441 291 -
1054 1153 4250 1338 personne le touche moins que ma fortu
1071 1404 4212 1590 ne: je la lui donne, et demande à quitter
1065 1641 4228 1841 sur-le-champ un séjour qui me fait hor-
1071 1910 4163 2092 reur. -- Cela ne sera pas ainsi, ma petite...
1071 2169 4157 2349 vous resterez, et vous l'épouserez... -- Ma
1076 2420 4156 2600 dame, je saurai m'y soustraire.... et vous
1071 2677 4245 2863 prouverai que, s'il le faut, je saurai mou-
1071 2934 4097 3130 rir... -- Ma tante, dit Dupuis, il faut y
923 3185 4250 3376 prendre garde. Elle a été en Angleterre:
1075 3446 4238 3632 on dit que dans ce pavs-là ils se tuent
852 3704 4221 3884 comme des mouches. -- Taisez-vous, Du-
1071 3955 4201 4136 puis, dit madame de Saint-Silvain, et ne
1071 4207 4261 4403 craignez rien: on ne se tue point ainsi.
1245 4457 4096 4588 L'assurance et la fermeté de Zabeth
1065 4715 4174 4900 lui en avoient un peu imposé. Elle em-
1065 4966 4185 5152 mena Dupuis, et en s'en allant, elle
1065 5223 4092 5414 prit la précaution de fermer la porte à
1071 5479 4097 5660 double tour. Elle ne se vit pas plutôt
1071 5731 4092 5917 débarrassée de ces deux affreuses person-
1065 5980 4081 6173 nes, qu'elle se précipita contre le balcon.
813 6216 4096 6430 Elle mesura de l'œil la hauteur qu'il v
197 7975 2365 8150 --- ---- - --- ----- ----
