4266 8489
260 166 1210 258 -- - --
1017 1198 4250 1404 vous portent à me garder comme votre
1017 1470 4184 1653 prisonnière, et me forcer à recevoir la
956 1730 4084 1929 grossière familiarité de votre neveu?...
1011 1984 4195 2172 Puisque mon père vous a laissée maî-
1011 2244 4200 2426 tresse de ce lieu, je n'y suis plus qu'une
1017 2482 4222 2700 étrangère sur laquelle vous n'avez nuls
1011 2743 4245 2967 droits. -- Mademoiselle, j'ai ceux que
1011 2982 4234 3221 votre père m'a laissés en mourant: c'est
951 3257 4195 3472 de disposer de votre main en faveur de
1006 3507 4256 3708 mon neveu, sans consulter la folle pas-
1006 3764 4264 3963 sion que vous avez prise pour un autre.
1006 4029 4250 4228 -- Mon père, madame, ne peut avoir
1011 4289 4250 4492 eu une pareille volonté. Elle lui a sans
1006 4543 4200 4681 doute été arrachée dans un moment où
989 4775 4250 5006 sa tête étoit égarée. Je respecte ses volon-
995 5040 4239 5239 tés dans tout autre cas; mais, pour ce-
995 5300 4239 5505 lui-là, je m'y refuse, et je vous signiſie
999 5548 4050 5752 que la mort me paroîtroit préférable....
995 5762 4184 6019 -- Mais qu'exigez-vous, mademoiselle?
989 6079 4189 6281 -- Madame, je veux ma liberté. -- Don-
995 6327 4245 6538 nez-vous le tems de connoître davantage
