4266 8391
1437 869 1890 1049 .
11 1153 3212 1300 à vous... Point de nouvelles d'Enneric!...
16 1415 3190 1601 Ce mot glaça d'effroi la pauvre Zabeth.
38 1672 3207 1863 -- O ma bonne! je suis perdue!... voilà
32 1927 3200 2097 le dernier coup que le sort me réservoit!
37 2190 3211 2386 Voyez Frédérique... qu'il me sauve des
22 2442 3212 2633 mains de mes bourreaux! Dans quinze
33 2686 3207 2885 jours, on me mène au couvent; qu'il
148 2950 3201 3141 tâche de savoir lequel, et quand on ne
33 3212 3207 3398 surveillera plus mes démarches, qu'il
33 3458 3201 3655 fasse ses arrangemens, et nous partirons
37 3719 3200 3905 pour l'Angleterre. J'irai rejoindre ma
16 3977 3196 4152 seconde mère, madame Noriss. Dites-
27 4234 3358 4420 lui bien que je me recommande à toute
11 4491 3190 4676 sa pitié: je n'en eus jamais tant de be-
27 4742 3190 4933 soin!... Elle ne put finir ces mots sans
16 4999 3185 5184 verser un torrent de larmes. Les sanglots
16 5261 3185 5441 lui coupoient la parole. Elle se rejeta dans
11 5512 3180 5693 son lit, et se livra au plus affreux déses-
15 5768 3179 5954 poir. Elle avoit trop de candeur pour
148 6026 3169 6212 soupçonner Noriss de lui être infidèle.
147 6282 3179 6467 Elle jugeoit de son cœur par le sien.
