4266 8423
3310 186 4024 280 -- -- --
1503 883 1958 1097 So
49 1174 3269 1360 de Cateau; mais il n'y voyoit plus de re-
49 1431 3274 1618 mède. Quand elle lui eut dit que dans
59 1694 3273 1875 quinze jours on devoit mener Zabeth au
33 1952 3280 2150 couvent, et qu'elle le prioit de savoir
60 2210 3269 2407 dans lequel on la mettroit, il dit à
22 2407 3269 2668 Cateau de se servir du même moyen, et
49 2720 3269 2921 d'assurer mademoiselle de Saint-Silvain
10 2971 3273 3158 qu'il feroit toutes ses diligences en consé-
43 3228 3268 3416 quence, et qu'elle pouvoit compter sur
65 3470 2088 3693 lui, à la vie et à la mort.
71 3694 3263 3938 La deuxième nuit après, elle fut le
44 4009 3263 4190 dire à sa maîtresse. La pauvre Zabeth
5 4190 3269 4448 fut enchantée de penser qu'avant peu elle
5 4498 3274 4718 recouvreroit sa liberté, et qu'elle pour-
33 4755 3587 4952 roit aller rejoindre madame Noriss et son
44 4974 3274 5237 fils. Cet espoir remit un peu de calme
16 5270 3263 5457 dans son cœur. Elle comptoit les jours.
38 5528 3274 5714 Il y en avoit huit de passés depuis la pro-
33 5773 3280 5972 messe que madame de Saint-Silvain lui
49 6049 3280 6186 avoit faite de la mener au couvent. Elle
11 6301 3274 6499 s'étoit couchée avec l'idée agréable que,
