4266 8391
2124 823 2786 1044 6.
1021 1140 4234 1339 huit jours encore de patience, et elle sor-
1015 1402 4065 1605 tiroit de sa prison. Elle commençoit à
1020 1659 4206 1860 goûter quelque repos, lorsqu'elle enten-
951 1918 4249 2101 dit entrer dans sa chambre. Elle vit ma-
1015 2173 4196 2403 dame de Saint-Silvain qui étoit habillée,
1015 2435 4212 2633 et qui lui dit avec un ton caressant,
851 2692 4244 2878 qu'elles alloient partir. Et pour où, ma-
1015 2938 4217 3137 dame? dit Zabeth. -- Pour le couvent,
851 3198 4212 3424 mademoiselle. -- A cette heure? voilà
1021 3455 4223 3657 minuit qui sonne. -- Il est vrai; mais la
1026 3713 4070 3916 chaleur est fort grande, et il vaut mieux
1022 3971 4233 4170 voyager la nuit. -- A quel endroit me
1022 4228 4227 4419 menez-vous? -- A Paris. -- Mais, mada-
1021 4480 4228 4678 me, mes malles ne sont pas faites? -- On
1026 4735 4234 4946 vous fera parvenir ce qu'il vous faudra
1026 4997 4244 5189 par la suite. J'en ai fait mettre une
1032 5246 4250 5459 derrière la voiture, qui renferme ce qui
1026 5507 3535 5701 vous est le plus essentiel. Partons.
1206 5756 4070 5966 Zabeth ne pouvoit rien alléguer pour
1004 6007 4075 6213 éloigner le départ. Elle en étoit au déses-
1032 6262 4260 6486 poir. Frédérique ne pouvoit se mettre
