<PcGts xmlns="http://schema.primaresearch.org/PAGE/gts/pagecontent/2017-07-15" xmlns:xsi="http://www.w3.org/2001/XMLSchema-instance" xsi:schemaLocation="http://schema.primaresearch.org/PAGE/gts/pagecontent/2017-07-15 http://schema.primaresearch.org/PAGE/gts/pagecontent/2017-07-15/pagecontent.xsd"><Metadata><Creator>User123</Creator><Created>2020-10-13T21:44:15</Created><LastChange>2020-10-13T21:44:15</LastChange></Metadata><Page imageFilename="0061.png" imageHeight="8489" imageWidth="4266"><TextRegion id="r0" type="paragraph" orientation="-0.0"><Coords points="1,1 4264,1 4264,8487 1,8487"/><TextLine id="r0_l001"><Coords points="1459,866 1973,866 1973,1111 1459,1111"/><TextEquiv index="1"><Unicode>O.</Unicode></TextEquiv></TextLine><TextLine id="r0_l002"><Coords points="2178,1414 2177,1414 2177,1409 2177,1408 2172,1408 2171,1408 2171,1365 2171,1364 1111,1364 1110,1365 1110,1375 1110,1375 1105,1375 1104,1375 1104,1371 1104,1370 183,1370 182,1370 182,1365 182,1364 171,1364 170,1364 170,1326 170,1325 166,1325 165,1325 165,1304 166,1303 170,1303 170,1303 170,1299 171,1298 176,1298 176,1298 176,1293 177,1292 181,1292 181,1292 181,1288 182,1287 463,1287 463,1287 463,1244 464,1243 474,1243 474,1243 474,1238 475,1237 485,1237 485,1237 485,1232 486,1231 491,1231 491,1232 491,1237 492,1237 496,1237 496,1238 496,1270 497,1270 1419,1270 1419,1270 1419,1244 1420,1243 1535,1243 1535,1243 1535,1238 1536,1237 1563,1237 1563,1237 1563,1205 1564,1204 1569,1204 1569,1205 1569,1237 1570,1237 2890,1237 2890,1237 2890,1232 2891,1231 2906,1231 2906,1232 2906,1237 2907,1237 3088,1237 3088,1238 3088,1243 3089,1243 3111,1243 3111,1244 3111,1298 3112,1298 3144,1298 3144,1299 3144,1303 3145,1303 3149,1303 3149,1304 3149,1309 3150,1309 3216,1309 3216,1310 3216,1314 3217,1314 3221,1314 3221,1315 3221,1331 3221,1331 3217,1331 3216,1332 3216,1336 3216,1336 3206,1336 3205,1337 3205,1342 3205,1342 3156,1342 3155,1343 3155,1353 3155,1353 3145,1353 3144,1354 3144,1359 3144,1359 3139,1359 3138,1360 3138,1364 3138,1364 2914,1364 2913,1365 2913,1370 2913,1370 2205,1370 2204,1371 2204,1381 2204,1381 2200,1381 2199,1382 2199,1392 2199,1392 2194,1392 2193,1393 2193,1403 2193,1403 2189,1403 2188,1404 2188,1408 2188,1408 2183,1408 2182,1409 2182,1414 2182,1414"/><TextEquiv index="1"><Unicode>sur leurs traces. Plusieurs jours de diffe-</Unicode></TextEquiv></TextLine><TextLine id="r0_l003"><Coords points="160,1494 3222,1494 3222,1680 160,1680"/><TextEquiv index="1"><Unicode>rence devoient déranger tous ses projets.</Unicode></TextEquiv></TextLine><TextLine id="r0_l004"><Coords points="17,1758 3233,1758 3233,1940 17,1940"/><TextEquiv index="1"><Unicode>Elle étoit dans cette mortelle inquiétude,</Unicode></TextEquiv></TextLine><TextLine id="r0_l005"><Coords points="475,2199 474,2199 474,2194 474,2193 470,2193 469,2193 469,2144 469,2143 166,2143 165,2143 165,2139 165,2138 33,2138 32,2138 32,2122 32,2121 28,2121 27,2121 27,2101 28,2100 32,2100 32,2100 32,2084 33,2083 165,2083 165,2083 165,2023 166,2022 198,2022 198,2023 198,2066 199,2066 624,2066 624,2066 624,2028 625,2027 629,2027 629,2027 629,2023 630,2022 640,2022 640,2022 640,2017 641,2016 1336,2016 1336,2017 1336,2022 1337,2022 1342,2022 1342,2023 1342,2049 1343,2049 1663,2049 1663,2049 1663,2017 1664,2016 1696,2016 1696,2017 1696,2066 1697,2066 1779,2066 1779,2066 1779,2001 1780,2000 1795,2000 1795,2001 1795,2066 1796,2066 2099,2066 2099,2066 2099,2017 2100,2016 2182,2016 2182,2017 2182,2022 2183,2022 2188,2022 2188,2023 2188,2060 2189,2060 2519,2060 2519,2060 2519,2017 2520,2016 2525,2016 2525,2016 2525,2012 2526,2011 2536,2011 2536,2012 2536,2044 2537,2044 2635,2044 2635,2045 2635,2066 2636,2066 2928,2066 2928,2066 2928,2023 2929,2022 2934,2022 2934,2022 2934,2017 2935,2016 3050,2016 3050,2016 3050,2012 3051,2011 3133,2011 3133,2012 3133,2022 3134,2022 3138,2022 3138,2023 3138,2060 3139,2060 3205,2060 3205,2061 3205,2066 3206,2066 3221,2066 3221,2067 3221,2072 3222,2072 3227,2072 3227,2073 3227,2083 3228,2083 3232,2083 3232,2084 3232,2110 3233,2110 3238,2110 3238,2111 3238,2116 3238,2116 3233,2116 3232,2117 3232,2121 3232,2121 3228,2121 3227,2122 3227,2127 3227,2127 3222,2127 3221,2128 3221,2132 3221,2132 3211,2132 3210,2133 3210,2138 3210,2138 2813,2138 2812,2139 2812,2153 2812,2153 2797,2153 2796,2154 2791,2154 2790,2154 2790,2139 2790,2138 2393,2138 2392,2139 2392,2193 2392,2193 2349,2193 2348,2193 2348,2144 2348,2143 520,2143 519,2144 519,2193 519,2193 492,2193 491,2194 491,2199 491,2199"/><TextEquiv index="1"><Unicode>lorsqu'il lui vint dans l'esprit u'elle</Unicode></TextEquiv></TextLine><TextLine id="r0_l006"><Coords points="197,2420 195,2420 194,2419 177,2419 176,2419 176,2388 176,2387 33,2387 32,2387 32,2360 33,2359 176,2359 176,2359 176,2349 176,2348 166,2348 165,2348 165,2338 166,2337 181,2337 181,2337 181,2332 182,2331 679,2331 679,2331 679,2283 680,2282 684,2282 684,2282 684,2277 685,2276 3127,2276 3127,2277 3127,2282 3128,2282 3133,2282 3133,2283 3133,2326 3134,2326 3216,2326 3216,2327 3216,2331 3217,2331 3221,2331 3221,2332 3221,2381 3222,2381 3238,2381 3238,2382 3238,2403 3238,2403 2211,2403 2210,2404 2210,2409 2210,2409 199,2409 198,2410 198,2421 198,2421"/><TextEquiv index="1"><Unicode>pourroit sans doute écrire. Cette idée la</Unicode></TextEquiv></TextLine><TextLine id="r0_l007"><Coords points="33,2531 3244,2531 3244,2719 33,2719"/><TextEquiv index="1"><Unicode>calma un peu. Elle monta en berline</Unicode></TextEquiv></TextLine><TextLine id="r0_l008"><Coords points="22,2785 3244,2785 3244,2962 22,2962"/><TextEquiv index="1"><Unicode>avec madame de Saint-Silvain, et ſut</Unicode></TextEquiv></TextLine><TextLine id="r0_l009"><Coords points="39,3045 3250,3045 3250,3233 39,3233"/><TextEquiv index="1"><Unicode>très-charmée de voir que Dupuis n'étoit</Unicode></TextEquiv></TextLine><TextLine id="r0_l010"><Coords points="1139,3497 1138,3497 1138,3493 1138,3492 945,3492 944,3492 944,3454 944,3453 193,3453 192,3453 192,3427 192,3426 44,3426 43,3426 43,3404 43,3403 39,3403 38,3403 38,3389 39,3388 192,3388 192,3388 192,3377 192,3376 177,3376 176,3376 176,3366 177,3365 303,3365 303,3365 303,3360 304,3359 535,3359 535,3359 535,3316 536,3315 541,3315 541,3315 541,3311 542,3310 568,3310 568,3311 568,3315 569,3315 574,3315 574,3316 574,3365 575,3365 1430,3365 1430,3365 1430,3316 1431,3315 1436,3315 1436,3315 1436,3311 1437,3310 2160,3310 2160,3311 2160,3343 2161,3343 3055,3343 3055,3343 3055,3322 3055,3321 3051,3321 3050,3321 3050,3311 3051,3310 3083,3310 3083,3311 3083,3315 3084,3315 3088,3315 3088,3316 3088,3354 3089,3354 3227,3354 3227,3355 3227,3359 3228,3359 3232,3359 3232,3360 3232,3365 3233,3365 3238,3365 3238,3366 3238,3403 3239,3403 3243,3403 3243,3404 3243,3426 3243,3426 3239,3426 3238,3427 3238,3437 3238,3437 3228,3437 3227,3438 3227,3442 3227,3442 3217,3442 3216,3442 3216,3438 3216,3437 1720,3437 1708,3437 1707,3438 1707,3442 1707,3442 1205,3442 1204,3443 1204,3475 1204,3475 1199,3475 1198,3476 1198,3481 1198,3481 1194,3481 1193,3482 1193,3486 1193,3486 1188,3486 1187,3487 1187,3492 1187,3492 1172,3492 1171,3493 1171,3497 1171,3497"/><TextEquiv index="1"><Unicode>pas du voyage. Elles étoient toutes les</Unicode></TextEquiv></TextLine><TextLine id="r0_l011"><Coords points="17,3565 3250,3565 3250,3753 17,3753"/><TextEquiv index="1"><Unicode>deux seules: l'homme qui couroit devant</Unicode></TextEquiv></TextLine><TextLine id="r0_l012"><Coords points="193,3830 3239,3830 3239,3963 193,3963"/><TextEquiv index="1"><Unicode>la voiture lui étoit même inconmu.</Unicode></TextEquiv></TextLine><TextLine id="r0_l013"><Coords points="188,4084 3250,4084 3250,4272 188,4272"/><TextEquiv index="1"><Unicode>Lorsqu'ils s'éloignèrent de Château-neuf,</Unicode></TextEquiv></TextLine><TextLine id="r0_l014"><Coords points="193,4344 3261,4344 3261,4532 193,4532"/><TextEquiv index="1"><Unicode>tout le monde y étoit enseveli dans le</Unicode></TextEquiv></TextLine><TextLine id="r0_l015"><Coords points="199,4598 3255,4598 3255,4781 199,4781"/><TextEquiv index="1"><Unicode>plus proſond sommeil. Zabeth, malgré</Unicode></TextEquiv></TextLine><TextLine id="r0_l016"><Coords points="1,4847 3261,4847 3261,5035 1,5035"/><TextEquiv index="1"><Unicode>le plaisir qu'elle avoit de partir, éprou-</Unicode></TextEquiv></TextLine><TextLine id="r0_l017"><Coords points="199,5107 3272,5107 3272,5295 199,5295"/><TextEquiv index="1"><Unicode>voit un serrement de cœur qu'elle ne pou-</Unicode></TextEquiv></TextLine><TextLine id="r0_l018"><Coords points="17,5366 3255,5366 3255,5549 17,5549"/><TextEquiv index="1"><Unicode>voit concevoir. Aussi-tôt que le jour parut,</Unicode></TextEquiv></TextLine><TextLine id="r0_l019"><Coords points="216,5621 3266,5621 3266,5814 216,5814"/><TextEquiv index="1"><Unicode>elle jeta les yeux sur sa compagne. Elle</Unicode></TextEquiv></TextLine><TextLine id="r0_l020"><Coords points="11,5875 3272,5875 3272,6068 11,6068"/><TextEquiv index="1"><Unicode>surprit dans ses regards une joie maligne</Unicode></TextEquiv></TextLine><TextLine id="r0_l021"><Coords points="216,6140 3272,6140 3272,6323 216,6323"/><TextEquiv index="1"><Unicode>et insultante qui la fit frémir: mais l'es-</Unicode></TextEquiv></TextLine><TextLine id="r0_l022"><Coords points="210,6389 3261,6389 3261,6577 210,6577"/><TextEquiv index="1"><Unicode>poir d'être bientôt délivrée d'un objet</Unicode></TextEquiv></TextLine></TextRegion></Page></PcGts>