4266 8456
2355 880 2791 1063 O
1017 1160 4189 1361 qu'elle ne pouvoit qu'envisager avec ef-
1006 1418 4223 1612 froi, lui donna le courage d'aller jus-
1006 1678 4194 1849 qu'au bout. Madame de Saint-Silvain ne
1001 1931 4227 2124 vovagea que la nuit. Elle s'arrêta plu-
1006 2184 4227 2391 sieurs jours à Paris, pour faire perdre ses
1002 2441 4239 2636 traces, dans le cas où, par la suite, on
995 2696 4255 2841 voudroit s'informer de Zabeth. Elle chan-
1001 2955 4260 3150 gea plusieurs ſois d'hôtels garnis, s'y fit
990 3209 4239 3407 nommer de différens noms, et repartit
848 3469 4211 3662 pour Lyon. Zabeth l'avoit questionnée
990 3726 4261 3919 vingt fois, pour savoir dans quelle ville
990 3983 4249 4132 elle étoit. Madame de Saint-Silvain en
980 4245 4212 4435 nomma une quelconque; et comme ma-
693 4499 4211 4644 demoiselle de Saint-Silvain ne connois-
974 4752 4223 4948 soit pas Paris, elle crut ce qu'on lui di-
984 5005 4245 5198 soit. On l'avoit tenue, pendant son séjour,
979 5267 4245 5427 dans une retraite absolue. Elle avoit tou-
962 5526 4034 5719 jours été logée dans des appartemens sur
962 5779 4227 5928 le derrière des maisons où elle avoit été.
957 6037 4234 6236 Enſin, elles arrivèrent à Lyon. Madame
962 6291 4238 6443 de Saint-Silvain fit arrêter à la maison
220 8060 1377 8238 --
