4266 8423
1053 1185 4212 1355 cet instant. Si vous voulez venir avec
1047 1448 4201 1634 moi, j'ai une de mes amies qui vous lo-
1047 1700 4201 1892 gera jusqu'à ce moment. Sa maison n'est
1042 1958 4227 2144 pas très-loin d'ici, et vous serez plus
1037 2216 4234 2347 commodément. Madame de Saint - Sil-
877 2468 4234 2654 vain accepta l'offre qui lui étoit faite; on
1037 2720 4244 2907 sortit. La lune étoit dans son plein: l'on
1031 2978 4206 3164 voyoit parfaitement à se conduire. On
1037 3230 4261 3422 sortit du faubourg. Au bout d'un petit
1037 3488 4069 3663 chemin fort désert, on entra dans une
1030 3739 4263 3920 maison qui s'ouvrit au premier coup
1037 3987 4217 4179 de marteau. Zabeth ne put vaincre son
1031 4245 4069 4437 effroi. Un pressentiment affreux s'em-
1020 4502 4053 4689 para d'elle. Au lieu d'entrer, elle recula
1026 4760 4252 4941 en jetant un cri. La vieille Dupuis, d'un
1015 5002 4047 5188 bras sec et nerveux, la fit entrer assez
1015 5259 4264 5451 brusquement. Elle éprouva un tel saisis-
850 5512 4036 5698 sement, qu'elle tomba sans connoissance.
1009 5764 4047 5945 La cour étoit sablée, et sa chnte ne fut
1009 6016 4234 6208 pas dangereuse. On la porta dans une
1004 6274 4097 6471 chambre. La vieille Dupuis lui donna
197 8029 1086 8204 ------ -----
