4266 8456
28 1206 3199 1393 des soins; et, quand elle fut revenue,
17 1464 3204 1641 on la laissa seule, et on se retira. Ma-
17 1723 3248 1927 dame de Saint-Silvain ne resta pas dans
33 1982 3215 2169 la maison. Elle reprit le lendemain la
32 2240 3209 2427 poste, et revint nuit et jour à Château-
28 2494 3210 2632 neuf. Elle avoit donné ordre à sa femme-
33 2747 3210 2934 de-chambre de faire courir le bruit que
11 3006 3210 3193 Zabeth s'étoit enfuie, et qu'elle avoit fait
1 3265 3193 3452 ses diligences pour tâcher de la rejoindre.
319 3523 3221 3733 A son retour, elle jeta feux et flammes
32 3781 3220 3968 contr'elle, et dit qu'elle n'avoit pu se
27 4034 3220 4222 mettre sur ses traces, mais qu'elle avoit
11 4289 3232 4426 laissé à son neveu le soin de la découvrir.
330 4547 3221 4729 Dupuis étoit parti la veille du jour où
39 4806 3221 5002 madame de Saint-Silvain avoit emmené
38 5064 3220 5246 Zabeth. On crut qu'ils étoient partis en-
33 5313 3232 5456 semble à la recherche de mademoiselle
17 5566 3232 5709 de Saint - Silvain. Les habitans furent
17 5825 3226 6017 dupes de ce mensonge. Pour Frédérique,
44 6078 3479 6271 il ne savoit que penser. Cateau lui avoit
44 6331 3232 6524 été dire la disparution subite de madame
