4266 8456
1233 871 2125 1162 6.
11 1217 3199 1365 talement les traces de madame de Saint-
22 1475 3270 1668 Silvain. Il alla chez son père, à qui il-
28 1734 3199 1916 conta et la mort de son ancien camarade,
28 1987 3210 2186 et l'absence de Zabeth. M. de la Combe
39 2222 3199 2378 se mit fort en colère à cette nouvelle.
28 2439 3210 2687 Il ne doutoit nullement que cette femme
33 2736 3210 2951 ne l'eût soustraite à l'intérêt que ses amis
32 2983 3192 3192 vprenoient. Je ne trahirai pas, dit-il,
28 3259 3199 3402 la confiance dont mademoiselle de Fer-
22 3498 3210 3661 mon m'a honorée. Aussi-tôt mes affaires
22 3777 3232 3969 finies, je retournerai chez moi, et je
11 4035 3199 4179 ferai sommer madame de Saint-Silvain
22 4289 3199 4481 de dire ce qu'est devenue la fille de son
121 4536 3199 4691 mari. Mais il m'est malheureusement
121 4812 3199 4999 impossible, dans ce moment, de quitter
1 5065 3199 5203 mes affaires. Elles sont à la veille de finir
11 5324 3193 5505 avantageusement: je veux les suivre jus-
5 5565 3192 5752 qu'à la fin. Il conseilla à son fils de rester
10 5824 3192 6005 à Paris avec lui; qu'ils s'en retourne-
17 6078 3193 6271 roient ensemble; et que, pendant qu'il
115 6341 3187 6528 solliciteroit ses juges, lui pourroit pour-
3133 8122 3942 8223 I
