4266 8423
121 1245 3159 1442 Quel est le coin de la terre que j'habite?...
114 1507 3185 1688 Oui pourra me secourir dans ma dé-
114 1765 3180 1946 tresse?... O pauvre Zabeth! à quel sort
33 2018 3170 2155 es-tu réservée! Noriss!..... Noriss!.....
21 2264 3180 2461 qu'êtes-vous devenue!... Le sort me prive
121 2528 3181 2671 de tout à-la-fois!..... Elle continua ses
22 2785 3180 2971 plaintes jusqu'au jour. Lorsqu'elle com-
44 3044 3175 3225 mença à le voir paroître, elle se leva avec
15 3289 3185 3470 peine, et se traîna vers la ſenêtre. Grands
126 3548 3186 3735 Dieux! elle étoit grillée!.... Elle attacha
22 3795 3181 3997 ses mains aux barreaux de fer; et, tout
22 4058 3186 4239 en fondant en larmes, elle contemploit
126 4311 3181 4453 l'affreuse solitude dont elle étoit envi-
137 4568 3175 4760 ronnée. Une grande tour, entourée de
16 4821 3181 5013 murs très - hauts, étoit tout ce qui s'oſ-
132 5078 3175 5265 froit à ses regards. Ses jambes tremblan-
32 5330 3185 5516 tes ployoient sous elle. Elle fut obligée
143 5583 3181 5769 de quitter la position où elle étoit; et,
1 5841 3186 6022 d'un pas incertain et chancelant, elle
1 6093 3192 6279 vint retrouver son lit, qu'elle continua à
27 6351 1799 6537 tremper de ses larmes,
