4266 8391
2366 940 2808 1120 5
1240 1224 4207 1366 Nul bruit ne se ſaisoit entendre dans
1071 1475 4174 1623 la maison. Elle entendit sonner dix heu-
1071 1737 4223 1918 res, et ne pouvoit concevoir pourquoi
1065 1972 4185 2180 personne ne se présentoit. Au bout d'une
1022 2245 4251 2420 demi-heure, on mit la clef dans la ser-
1071 2497 4223 2678 rure: elle vit paroître la vieille Dupuis.
1071 2753 4245 2939 La figure dure et commune de cette
1070 3004 4091 3150 femme la fit frémir. L'autre lui apnortoit
1070 3260 4211 3446 un bouillon, et se préparoit à se retirer
1076 3518 4174 3704 sans proférer un mot, lorsque Zabeth se
1071 3786 4245 3972 hasarda à lui adresser la parole: O ma-
1081 4042 4091 4227 dame! lui dit-elle, qui que vous soyez,
3611 4305 4163 4431 .Oi
1087 4299 3578 4485 ayez pitié d'une infortunée.....
1076 4551 4190 4731 suis-je?.... Qu'est devenue madame de
1082 4808 4097 4988 Saint-Silvain? .... La vieille reprit d'un
1060 5059 4174 5195 ton dur: Madame de Saint-Silvain est
814 5316 4196 5496 bien loin, si elle court toujours. Vous
1082 5567 4207 5753 êtes chez moi, et je réponds de vous.
1081 5812 4096 5987 Quand vous serez lasse de faire la sucrée,
1087 6069 4201 6250 et que vous voudrez répondre à l'amour
1087 6315 4190 6501 d'un joli jeune homme qui vous aime,
168 7972 1008 8100 --- -- ----
