4266 8285
2298 917 2789 1090 .
777 1197 4056 1386 sauras qu'elle est morte en t'aimant.....
836 1446 4224 1634 et tu ne pourras t'empêcher de donner
1084 1699 4207 1834 une larme à ses infortunes!.... A force
1084 1947 4151 2136 de gémir, elle tomba dans le plus grand
1084 2201 4148 2395 accablement, et trouva le sommeil au
1079 2449 2756 2627 milieu de ses douleurs.
1250 2707 4077 2890 Elle fut réveillée à deux heures par le
1073 2961 4198 3145 bruit que l'on fit en ouvrant la porte.
1073 3209 4250 3393 La vieille Dupuis entroit avec des provi-
1073 3458 4197 3641 sions pour faire un repas. Elle mit trois
1073 3706 4253 3884 couverts. Zabeth se jeta à bas de son lit.
1063 3959 4067 4137 Elle étoit tout habillée depuis deux jours.
1067 4196 4082 4379 Elle gagna avec peine un siége près de la
1063 4439 4089 4612 fenêtre: elle s'assit dessus, en tournant
1068 4698 4089 4882 le dos à ce qui se passoit dans la cham-
1057 4952 4089 5124 bre. Quand la table fut couverte, la
1057 5200 4089 5383 vieille sonna, et Dupuis entra. Il vint à
1057 5453 4089 5594 mademoiselle de Saint-Silvain. Il voulut
1062 5706 4169 5889 lui prendre la main, en l'engageant à
1046 5950 4083 6133 venir prendre sa place à table. Elle se
1068 6198 4186 6392 releva avec effroi, et se mit à pousser des
3846 6424 4089 6559 cris
