4266 8359
2405 947 2857 1127 n.
1099 1235 4239 1426 butte à la haine d'une mégère qui ne
1094 1491 4212 1671 méritoit pas de porter le nom de mon
1094 1747 4229 1932 père?... Dupuis, pendant qu'elle parloit
1094 2003 4207 2177 ainsi, saisit le couteau et le lui ôta. La
1083 2253 4196 2438 colère étinceloit dans ses yeux. Il lui prit
1067 2503 4212 2688 le bras, et le lui serra jusqu'à lui mar-
1072 2759 4201 2950 quer ses doigts dans les chairs. Zabeth
811 3015 4201 3211 jeta de nouveaux cris. La vieille fut si
1067 3261 4098 3461 effrayée, qu'elle prit Dupuis, le fit sor-
1056 3527 4216 3712 tir, emporta les couteaux, et laissa Za-
833 3771 4174 3962 beth seule, et maîtresse de prendre quel-
1049 4032 4243 4217 ques alimens, si elle en avoit la volonté.
1038 4287 4092 4462 Quand elle se vit débarrassée de ses deux
1045 4539 4258 4724 persécuteurs, elle ne put résister au pres-
1050 4795 4082 4985 sant besoin qu'elle se sentoit de quelque
1045 5050 1867 5186 nourriture.
1126 5278 4260 5491 Bien parfaitement déterminée à onpo-
1039 5562 4250 5747 ser la plus forte résistance à leur odieuse
1034 5812 4180 5997 tyrannie, elle passa le reste de la journée
882 6063 4239 6248 assez tranquille. Elle avoit remarqué que
1034 6318 4250 6509 les cris qu'elle avoit poussés avoient jeté
