4266 8456
2570 226 4002 325 -- --- - ----
6 1250 3188 1448 de l'effroi dans l'ame de la vieille femme,
28 1508 3199 1707 et cette découverte lui fit croire que peut-
17 1773 3182 1960 être elle étoit à portée d'être entendue.
22 2019 3204 2219 Cela lui donna quelque espoir. Elle passa
11 2290 3199 2472 la journée les yeux attachés sur sa ſenê-
6 2521 3193 2731 tre, et ne vit pas un être vivant à qui
17 2808 3199 2989 elle pût s'adresser. Lorsque la nuit fut
44 3055 3193 3243 venue, elle s'attendoit à voir paroître
43 3308 3313 3495 quelqu'un qui lui apporteroit de la lu-
33 3567 3204 3755 mière; mais, à son grand étonnement,
33 3821 3193 3969 personne ne vint. Déterminée à se mettre
50 4074 3199 4278 au lit, elle visita sa porte pour voir si
39 4327 3232 4525 elle pouvoit la fermer en-dedans; mais
50 4591 3199 4773 elle étoit sans verroux. Elle poussa la
39 4845 3199 5037 table tout contre, et se coucha. Le som-
55 5103 3193 5296 meil étoit loin de ses yeux; mais son
55 5357 3193 5549 corps avoit besoin de repos. Elle se livra
39 5610 3199 5814 à mille réflexions plus amères les unes
32 5868 3198 6066 que les autres. Sa position étoit affreuse.
55 6127 3193 6315 Etrangère à tout le monde, que devien-
22 6381 3419 6579 droit-elle? Elle repassoit dans son esprit
