4266 8359
185 1137 3173 1317 mort... et je ne la crains pas... La Du
184 1392 3210 1577 pis se leva, et se retira avec un trouble
21 1648 2067 1828 qu'elle ne pouvoit cacher.
332 1905 3205 2084 Zabeth vit qu'un ton ferme lui réussis-
16 2161 3200 2346 soit: cela lui donna un courage au-dessus
33 2416 3195 2596 de ses forces et de son âge. Une fille douce
38 2672 3189 2857 et timide qui se voit à quinze ans en
151 2921 3183 3106 proie à toutes les perfidies et à toutes les
27 3178 3184 3374 atrocités de gens qui ont vécu dans le
22 3434 3173 3619 crime auroit pu trembler; mais cette fille
16 3690 3167 3880 étoit unie par deux sentimens qui don-
1 3930 3167 4136 nent bien du ressort. Elle nourrissoit
16 4196 3167 4401 dans son cœur une passion qui élève et
5 4447 3167 4631 agrandit l'ame: c'étoit son amour pour
120 4702 3162 4882 Enneric; et de l'autre côté, la haine et
125 4958 3162 5143 le mépris bien prononcés qu'elle avoit
119 5213 3150 5366 pour madame de Saint-Silvain. Elle se
120 5469 3480 5654 félicitoit d'opposer à l'orage une fermeté
119 5713 3182 5905 qu'à peine elle auroit osé se supposer.
288 5975 3140 6155 Dupuis entra chez elle. La vue de cet
109 6220 3129 6416 homme lui fit la plus violente impression.
