4266 8316
2300 817 3044 1012 .
1022 1104 4224 1271 moi! ... -- Eh! qui ne s'intéresseroit
1027 1363 4230 1576 pas à vous! lui répondit cette dame. Vous
1017 1618 4175 1818 méritez, mademoiselle, tous les senti-
1022 1871 4207 2075 mens. On ne peut vous voir sans éprou-
1022 2121 4250 2331 ver le plus vif intérêt! Le médecin entra:
1022 2375 4223 2580 il trouva son pouls fort tranquille, et lui
968 2633 4207 2843 permit de se lever. On lui envoya une
1016 2900 4192 3113 femme-de-chambre; et, quand elle fut
1027 3150 4240 3359 prête, la maîtresse de la maison, qui
1022 3414 4208 3633 étoit la dame qu'elle avoit vue, la con-
1027 3663 4203 3872 duisit au salon. Elle y trouva le grand
1028 3915 4218 4124 homme brun qui lui avoit parlé. Il eut
1022 4162 4218 4377 pour elle les plus grands égards, et l'in-
1028 4419 4233 4622 vita à prendre quelque nourriture. Quand
1028 4664 4077 4864 ils furent seuls, il lui demanda des nou-
1033 4920 4240 5128 velles de sa tante. -- Hélas, monsieur!
1032 5172 4234 5384 dit Zabeth, j'ai eu le malheur de la per-
1044 5431 4250 5647 dre; et, depuis ce moment, je n'ai connu
1044 5705 4249 5890 que la peine! J'ai perdu aussi mon père,
1039 5942 4250 6154 et suis restée au pouvoir d'une belle-mère
1049 6214 4076 6404 qui a épuisé sur moi tout ce que l'on peut
