4266 8316
1094 1077 4175 1229 roit faire contre vous. Mademoiselle de
1094 1343 4234 1521 Saint - Silvain témoigna à cet homme
1094 1592 4213 1776 toute sa reconnoissance. Les expressions
1088 1841 4191 2030 lui manquoient pour en faire connoître
1083 2106 4234 2285 toute l'étendue; mais ses grâces et son
899 2355 3308 2550 amabilité tenoient lieu de tout.
1251 2604 4218 2783 Elle écrivit sur-le-champ à M. de la
1088 2859 4223 3048 Combe et à son fils, et leur demandoit
1067 3113 4264 3297 avec instance de faire le voyage de Lyon;
1076 3372 4201 3555 qu'elle vouloit se remettre entre leurs
1072 3628 4256 3801 mains. Elle faisoit mille excuses au père
1072 3871 4240 4056 de n'avoir pas suivi ses conseils; mais
1077 4126 4207 4315 elle espéroit, disoit-elle, qu'il voudroit
1067 4375 4207 4559 bien lui pardonner, en faveur du motiſ
1060 4628 4092 4807 qui l'avoit déterminée. Elle leur man-
1061 4884 4223 5068 doit succinctement les événemens qui
1061 5138 2485 5274 lui étoient arrivés.
1245 5387 4099 5577 Ces lettres ne trouvèrent pas M. de
1061 5637 4088 5821 la Combe; ils étoient encore à Paris;
1061 5891 4093 6081 on les leur envoya. Quand M. de la
1067 6146 4256 6335 Combe sut ce qui étoit arrivé à made-
