4266 8391
126 1213 3103 1409 tqui vous a jetée dans le gouffre.
120 1475 3169 1661 Monsieur, je vous prie de me mé-
38 1737 3130 1923 ager sur cet article: j'oublie les torts
131 1994 3185 2180 qu'il peut avoir eus, et ne me ressou-
45 2245 3180 2431 iens que du titre qu'il portoit. Il étoit
11 2502 3141 2688 non père..... -- Oui; il n'en étoit pas
38 2764 552 2945 ligne.
262 3016 3207 3196 Madame Dubreuil rompit cet entre-
55 3272 3169 3464 tien; elle vit que mademoiselle de Saint-
33 3529 3163 3709 ilvain souffroit; et, malgré que ce que
60 3786 3201 3961 M. de la Combe disoit ſussent des vérités,
66 4043 3207 4228 elles étoient de trop, en parlant à sa
59 4293 3168 4440 fille. Il demanda où étoit M. Du-
55 4551 3169 4742 breuil? qu'il desiroit le remercier des
82 4802 3169 4999 ecours qu'il avoit donnés à Zabeth. Car,
38 5059 3503 5250 dit-il, dès ce moment je l'adopte; elle
38 5316 3163 5501 sera ma fille, et je lui tiendrai lieu de
66 5578 3185 5764 père, mais pour son bonheur. Je veux
21 5828 3195 6014 qu'elle soit heureuse, parce qu'elle le
66 6086 3190 6266 mérite. Elle voulut le remercier .... Trève
38 6332 3201 6534 de complimens, dit-il; moi, je n'y en-
