4266 8327
2429 1003 2873 1187 lc.
1128 1290 4223 1464 tends rien. Je suis franc: je vous dis
1122 1545 4115 1735 cela, parce que je le pense. Je vous es-
1106 1800 4229 1984 time, je vous plains; et je veux vous
1106 2055 4229 2234 servir de rempart contre ceux qui vou-
1106 2310 4099 2488 droient vous tourmenter. Je ne suis pas
1095 2559 4202 2732 un Saint-Silvain, moi; on ne me mène
1090 2814 4218 3011 pas; c'est moi qui mène les autres; et,
1079 3063 4240 3253 parbleu, votre infernale belle-mère va
1073 3323 2673 3502 trouver à qui parler.
1252 3567 4077 3746 Quand il eut fini, madame Dubreuil
1063 3822 4229 4006 lui dit que son mari, tout occupé des
1057 4066 4183 4229 affaires de mademoiselle de Saint-Sil-
1052 4332 4207 4516 vain, étoit parti depuis huit jours; que
1051 4580 4174 4764 ce vovage avoit rapport à elle; que,
1046 4831 4191 5020 sous peu, il reviendroit, et qu'en at-
1041 5085 4180 5270 tendant, elle le prioit d'accepter un lo-
1052 5340 4255 5519 gement dans leur maison, et de vou-
1035 5584 4261 5763 loir bien la regarder comme la sienne.
1041 5839 4226 6018 Il accepta volontiers cette offre obli-
1035 6121 1561 6278 geante.
1063 6343 4202 6533 M. Dubreuil fut encore huit jours
