4266 8391
2408 933 2874 1177 o
1109 1220 4163 1437 pour qu'il fût puni comme il le méri-
1108 1475 4157 1670 toit. M. Dubreuil lui dit que cela étoit
1108 1734 4163 1946 impossible, et qu'il en conviendroit lui-
840 1996 4239 2214 même, quand il seroit plus instruit du
1097 2260 4152 2415 fond de l'affaire. Zabeth auroit desiré
1097 2517 4140 2714 qu'on leur eût pardonné à tous. Fi....
1097 2772 4157 2968 ſi.... dit M. de la Combe; il faut que
1092 3031 4156 3222 ces coquins-là périssent. N'allez - vous
1087 3285 4152 3480 pas encore venir vous attendrir sur leur
1081 3541 4157 3747 sort?... Voilà comme vous êtes, made-
1010 3801 4151 3982 moiselle; c'est votre foiblesse qui est
1086 4048 4152 4206 cause de tous vos maux. Si vous aviez
1081 4314 4152 4519 suivi mes conseils, vous ne seriez pas
1086 4574 4157 4728 où vous en êtes. -- Mon Diou! ne vous
1081 4816 4185 5026 fâchez pas, monsieur, lui dit-elle; mon
1075 5072 4239 5277 intention n'étoit pas de vous faire de la
1076 5330 4184 5552 peine. -- En ce cas, ne vous mêlez pas
813 5576 4152 5797 de vos affaires: laissez-nous agir, el
857 5840 4146 6041 ne vous inquiétez de rien. M. Dubreuil
1075 6097 4136 6307 et moi, nous nous chargeons de tout.
1070 6340 4146 6561 Le lendemain, on fit mettre à exécu-
3779 6626 4125 6763 tion
1282 8068 2923 8139 ----..---
