<PcGts xmlns="http://schema.primaresearch.org/PAGE/gts/pagecontent/2017-07-15" xmlns:xsi="http://www.w3.org/2001/XMLSchema-instance" xsi:schemaLocation="http://schema.primaresearch.org/PAGE/gts/pagecontent/2017-07-15 http://schema.primaresearch.org/PAGE/gts/pagecontent/2017-07-15/pagecontent.xsd"><Metadata><Creator>User123</Creator><Created>2020-10-13T21:44:06</Created><LastChange>2020-10-13T21:44:06</LastChange></Metadata><Page imageFilename="0097.png" imageHeight="8295" imageWidth="4266"><TextRegion id="r0" type="paragraph" orientation="-0.0"><Coords points="1,1 4264,1 4264,8293 1,8293"/><TextLine id="r0_l001"><Coords points="3662,162 4078,162 4078,337 3662,337"/><TextEquiv index="1"><Unicode>-</Unicode></TextEquiv></TextLine><TextLine id="r0_l002"><Coords points="1420,891 2020,891 2020,1096 1420,1096"/><TextEquiv index="1"><Unicode>o</Unicode></TextEquiv></TextLine><TextLine id="r0_l003"><Coords points="140,1199 3127,1199 3127,1388 140,1388"/><TextEquiv index="1"><Unicode>tion l'ordre dont M. Dubreuil étoit por-</Unicode></TextEquiv></TextLine><TextLine id="r0_l004"><Coords points="16,1453 3127,1453 3127,1636 16,1636"/><TextEquiv index="1"><Unicode>teur; et la vieille Dupuis et le jeune</Unicode></TextEquiv></TextLine><TextLine id="r0_l005"><Coords points="23,1707 2387,1707 2387,1889 23,1889"/><TextEquiv index="1"><Unicode>homme subirent leur sort.</Unicode></TextEquiv></TextLine><TextLine id="r0_l006"><Coords points="27,1961 3138,1961 3138,2139 27,2139"/><TextEquiv index="1"><Unicode>Cela fini, M. Dubreuil annonça qu'il</Unicode></TextEquiv></TextLine><TextLine id="r0_l007"><Coords points="43,2198 3138,2198 3138,2398 43,2398"/><TextEquiv index="1"><Unicode>falloit partir pour Château-neuf; que sa</Unicode></TextEquiv></TextLine><TextLine id="r0_l008"><Coords points="43,2457 3132,2457 3132,2641 43,2641"/><TextEquiv index="1"><Unicode>femme accompagneroit mademoiselle de</Unicode></TextEquiv></TextLine><TextLine id="r0_l009"><Coords points="59,2706 3132,2706 3132,2889 59,2889"/><TextEquiv index="1"><Unicode>Saint-Silvain, pour qu'elle ne ſût pas</Unicode></TextEquiv></TextLine><TextLine id="r0_l010"><Coords points="59,2954 3273,2954 3273,3138 59,3138"/><TextEquiv index="1"><Unicode>seule de femme; et que lui ne la quit-</Unicode></TextEquiv></TextLine><TextLine id="r0_l011"><Coords points="65,3208 3143,3208 3143,3386 65,3386"/><TextEquiv index="1"><Unicode>teroit que lorsqu'elle seroit tout-à-fait à</Unicode></TextEquiv></TextLine><TextLine id="r0_l012"><Coords points="70,3435 3132,3435 3132,3635 70,3635"/><TextEquiv index="1"><Unicode>l'abri. Frédérique arriva muni des pièces</Unicode></TextEquiv></TextLine><TextLine id="r0_l013"><Coords points="27,3700 3132,3700 3132,3889 27,3889"/><TextEquiv index="1"><Unicode>que son père lui avoit demandées. M. de</Unicode></TextEquiv></TextLine><TextLine id="r0_l014"><Coords points="124,3959 3127,3959 3127,4142 124,4142"/><TextEquiv index="1"><Unicode>la Combe fit voir à M. Dubreuil le pa-</Unicode></TextEquiv></TextLine><TextLine id="r0_l015"><Coords points="124,4186 3132,4186 3132,4391 124,4391"/><TextEquiv index="1"><Unicode>quet que lui avoit remis mademoiselle</Unicode></TextEquiv></TextLine><TextLine id="r0_l016"><Coords points="135,4440 3132,4440 3132,4639 135,4639"/><TextEquiv index="1"><Unicode>de Fermon en mourant. Il ne put le</Unicode></TextEquiv></TextLine><TextLine id="r0_l017"><Coords points="76,4704 3132,4704 3132,4877 76,4877"/><TextEquiv index="1"><Unicode>voir sans trouble. Quoi! dit-il, M. de</Unicode></TextEquiv></TextLine><TextLine id="r0_l018"><Coords points="70,4958 3127,4958 3127,5136 70,5136"/><TextEquiv index="1"><Unicode>Saint-Silvain ne l'a pas vu? On lui conta</Unicode></TextEquiv></TextLine><TextLine id="r0_l019"><Coords points="43,5206 3127,5206 3127,5403 43,5403"/><TextEquiv index="1"><Unicode>tout ce qui s'étoit passé. Ah! indigne</Unicode></TextEquiv></TextLine><TextLine id="r0_l020"><Coords points="16,5455 3127,5455 3127,5657 16,5657"/><TextEquiv index="1"><Unicode>femme, dit-il; elle s'étoit rendue maî-</Unicode></TextEquiv></TextLine><TextLine id="r0_l021"><Coords points="124,5703 3392,5703 3392,5876 124,5876"/><TextEquiv index="1"><Unicode>tresse de ses derniers momens.... et a</Unicode></TextEquiv></TextLine><TextLine id="r0_l022"><Coords points="49,5952 3116,5952 3116,6151 49,6151"/><TextEquiv index="1"><Unicode>eu l'adresse d'éloigner sa fille et tout le</Unicode></TextEquiv></TextLine><TextLine id="r0_l023"><Coords points="49,6200 3154,6200 3154,6405 49,6405"/><TextEquiv index="1"><Unicode>monde! Mais tout s'arrangera vous se-</Unicode></TextEquiv></TextLine><TextLine id="r0_l024"><Coords points="3943,6270 4142,6270 4142,6730 3943,6730"/><TextEquiv index="1"><Unicode></Unicode></TextEquiv></TextLine><TextLine id="r0_l025"><Coords points="383,6497 556,6497 556,6573 383,6573"/><TextEquiv index="1"><Unicode>II.</Unicode></TextEquiv></TextLine><TextLine id="r0_l026"><Coords points="3953,7780 3952,7780 3952,7747 3952,7746 3948,7746 3947,7746 3947,7745 3948,7744 3952,7744 3952,7744 3952,7561 3953,7560 3958,7560 3958,7560 3958,7523 3959,7522 3962,7522 3962,7523 3962,7527 3963,7528 3963,7576 3964,7577 3964,7593 3965,7593 3966,7593 3967,7594 4136,7594 4138,7596 4139,7596 4140,7597 4141,7597 4143,7599 4144,7599 4146,7601 4147,7601 4152,7607 4152,7759 4152,7759 3969,7759 3968,7760 3968,7780 3968,7780"/><TextEquiv index="1"><Unicode></Unicode></TextEquiv></TextLine><TextLine id="r0_l027"><Coords points="4018,7998 4017,7998 4017,7997 4017,7996 4016,7996 4015,7996 4015,7966 4015,7965 3489,7965 3488,7965 3488,7961 3489,7960 3661,7960 3661,7960 3661,7955 3662,7954 3834,7954 3834,7954 3834,7950 3835,7949 3947,7949 3947,7949 3947,7945 3948,7944 3952,7944 3952,7944 3952,7815 3953,7814 3958,7814 3958,7814 3958,7804 3959,7803 4055,7803 4055,7803 4055,7777 4056,7776 4135,7776 4135,7776 4135,7772 4136,7771 4136,7760 4137,7759 4152,7759 4152,7760 4152,7843 4152,7843 4148,7843 4147,7844 4147,7927 4147,7927 4137,7927 4136,7928 4136,7933 4136,7933 4132,7933 4131,7934 4131,7938 4131,7938 4115,7938 4114,7939 4114,7944 4114,7944 4110,7944 4109,7945 4109,7949 4109,7949 4105,7949 4104,7950 4104,7954 4104,7954 4024,7954 4023,7955 4023,7998 4023,7998"/><TextEquiv index="1"><Unicode></Unicode></TextEquiv></TextLine></TextRegion></Page></PcGts>