4266 8391
2333 869 3043 1054 (s
858 1153 4228 1338 rez étonné de tout ce que vous verrez.
1005 1415 4201 1606 Partons: remettez-moi ce paquet, qui,
1011 1661 4048 1847 aujourd'hui, vous est inutile; je vous
1011 1918 2857 2098 en rendrai bon compte.
1185 2169 4043 2355 Frédérique et Zabeth se firent mille
1005 2426 4048 2568 tendres amitiés: elle ne cessoit de le
1004 2681 4206 2830 questionner sur son cher Enneric. Il
1011 2934 4207 3119 étoit bien embarrassé de lui répondre;
1011 3190 4256 3371 il ne doutoit pas, dans le fond de son
1016 3447 4207 3633 cœur, qu'il n'eût changé de façon de
1011 3704 4212 3895 penser; mais il auroit été désolé de lui
1016 3950 4239 4141 faire naître cette idée. Il sentoit que cela
1011 4207 4261 4392 la rendroit trop malheureuse: il lui dit
1015 4468 4249 4664 qu'il supposoit que sir Wilton intercep-
1016 4715 4201 4895 toit les lettres. Cela parut probable à
1022 4971 4212 5157 Zabeth; et elle se consola, en pensant
1033 5223 4070 5419 que, lorsque toutes ses affaires seroient
1043 5474 4239 5671 arrangées, elle pourroit faire un voyage
1038 5731 4212 5927 en Angleterre, et aller passer quelque
1038 5988 4217 6179 tems près de madame Noriss, de l'a-
1048 6238 3610 6429 mitié de qui elle ne doutait pas.
