4266 8391
344 1185 3223 1388 En remontant le soir à son apparte-
22 1453 3218 1633 ment, elle fut étonnée d'y voir sa chère
33 1710 3234 1890 Victoire; elle fit un cri de joie, et fut
37 1960 3217 2151 pour se jeter dans les bras de cette digne
49 2218 3221 2404 fille, qui étoit déja à ses genoux, et
169 2475 3223 2621 qui les embrassoit étroitement. Relève-
33 2726 3218 2906 toi, dit Zabeth; relève-toi, ma chère
44 2972 3190 3163 amie, et embrasse ta maîtresse! Oh! que
44 3229 3196 3409 je suis aise de te voir! Comment! tu es
45 3480 3212 3655 veune au-devant de moi? -- Ah, made-
22 3737 3207 3917 moiselle! dit Victoire, lorsque M. Fré-
33 3988 3201 4174 dérique m'a dit qu'il venoit où vous
11 4234 3190 4414 étiez, j'ai voulu venir absolument. Il
22 4485 3190 4676 m'avoit gardée chez lui; je n'ai pas eu
27 4742 3190 4922 un jour de repos depuis le moment où
169 4993 3185 5135 l'on m'a chassée de votre service. Je
33 5245 3180 5387 vous suis si attachée! vous êtes si bonne!
11 5501 3169 5682 -- Victoire! que je suis aise de te revoir!
27 5753 3174 5889 Voilà encore une amie de retrouvée! Tu
16 6004 3180 6184 ne me quitteras plus, mon enfant, et
33 6255 3180 6459 la volonté de ma tante sera exécutée.
2305 6545 2573 6638 E
