4266 8359
2264 909 2808 1088 (in.
903 1186 4038 1382 Ma chère tante!... (elle ne put penser
1007 1442 4250 1627 à mademoiselle de Fermon sans répandre
1018 1703 4245 1878 de nouvelles larmes); je ne l'oublirai
1018 1943 4261 2122 jamais!... -- Ni moi, dit Victoire; elle
1029 2204 4256 2389 étoit bien bonne aussi! Elles pleurèrent
1007 2454 4218 2634 ensemble une personne qui méritoit
1012 2705 4256 2890 tous les regrets, et dont les vertus étoient
1029 2950 3254 3140 gravées dans tous les cœurs.
1185 3199 4048 3384 On fit tous les préparatifs nécessaires
1018 3450 4054 3652 pour aller à Château-neuf. M. de la
1029 3706 4256 3848 Combe fut fort étonné de voir monter
1034 3967 4054 4158 dans une des voitures un homme qu'il
1029 4218 4196 4408 ne connoissoit pas: il demandoit qui
1033 4467 4059 4652 il étoit. M. Dubreuil lui dit qu'il l'an-
1045 4724 3739 4920 prendroit lorsqu'ils seroient arrivés.
1219 4969 4065 5165 Quand ils entrèrent dans la cour du
1050 5230 4066 5420 château, le bruit qu'ils firent amena
1050 5486 4218 5665 madame de Saint-Silvain sur le perron;
1056 5736 4065 5916 la vue de Zabeth, de M. de la Combe et
1056 5986 4065 6171 d'une dame qu'elle ne connoissoit pas,
1061 6248 4054 6449 lui fit éprouver le plus grand trouble.
