4266 8359
1491 931 2046 1121 o
27 1214 3265 1420 Elle rentra promptement, et se jeta sur
26 1474 3243 1664 un siége, avec une émotion violente.
233 1746 3259 1877 M. Dubreuil dit à sa femme d'emmener
38 1992 3276 2182 mademoiselle de Saint-Silvain, et qu'elles
38 2248 3260 2433 fussent dans le parc un moment. Tout le
223 2503 3244 2704 reste de la compagnie entra au château:
32 2758 3253 2938 lorsque M. Dubreuil se présenta sur la
223 3004 3244 3189 porte avec M. de la Combe, madame
11 3254 3254 3439 de Saint-Silvain jeta un cri perçant, et se
229 3510 3238 3690 cacha le visage dans ses deux mains. --
218 3761 3249 3961 Ne vous effrayez pas, lui dit-il, madame.
38 4016 3238 4196 Vous devez à ma présence ici la modéra-
218 4267 3227 4452 tion avec laquelle on en agira avec vous:
218 4522 3249 4658 vous avez comblé la mesure de vos for-
215 4767 3249 4963 faits; et, sans moi, l'indigne fruit que
212 5029 3222 5208 vous avez porté dans votre sein arra-
11 5273 3222 5415 choit la vie à mademoiselle de Saint-Sil-
207 5529 3222 5665 vain. Je l'ai heureusement sauvée de la
207 5774 3233 5959 fureur de ce scélérat; sans moi, il auroit
5 6035 3211 6243 expié sur l'échafaud ses horribles des-
206 6281 3215 6504 seins. Remettez les clefs d'ici à M. de la
1049 6917 1702 7184 -
