4266 8391
2300 1000 2841 1175 m.
1011 1267 4196 1459 Combe, et suivez monsieur, dit-il, en
1022 1541 4037 1721 montrant l'exempt qui l'accompagnoit;
1016 1778 4174 1923 on va vous mener dans une maison hon-
880 2043 4043 2223 nête; et je m'occuperai de vos intérêts,
1016 2300 4163 2480 pour que vous y receviez une pension
1022 2551 4179 2710 suffisante à vos besoins. M. de la Combe
1022 2797 4168 2983 étoit resté stupéfait de l'effet qu'avoit pro-
1022 3043 4174 3223 duit sur madame de Saint-Silvain la pré-
1015 3293 4156 3430 sence de M. Dubreuil. Elle se leva avec
1011 3551 4048 3726 fureur, et voulut accabler Duval (car
1011 3802 4174 3977 c'étoit lui-même) de mille invectives. --
1022 4054 4250 4234 Je ne redoute pas, lui dit-il, les élans de
1016 4299 4217 4480 votre colère; je sauve une famille respec-
1011 4551 4189 4736 table de vos noirs projets; et, en m'étant
1016 4802 4207 4988 rendu le médiateur de cette affaire, je
1016 5064 4037 5245 vous épargne une punition plus rigou-
1011 5316 4037 5517 reuse. L'exempt lui montra la lettre de
1011 5561 4152 5747 cachet dont il étoit porteur, et lui offrit
1011 5813 4043 5998 la main pour l'emmener; elle se mit à
755 6055 4256 6255 pousser des cris perçans. Zabeth les en-
1010 6314 4233 6506 tend; effrayée, et ne sachant ce qui so
