4266 8327
1382 960 1914 1133 o
113 1241 3133 1425 passoit, elle accourut: lorsque madame
114 1496 3139 1699 de Saint-Silvain la vit, elle voulut se
114 1751 3139 1935 jeter sur elle; on n'eut que le tems de se
114 1985 3134 2185 mettre entr'elles deux. Outrée de ne pou-
114 2250 3139 2434 voir assouvir sa rage sur la seule personne
119 2505 3134 2689 qui restât d'une famille dont chaque
27 2760 3144 2958 membre avoit été sa victime, elle lui dit
27 3009 3139 3188 mille injures, et finit par dire que son
27 3258 3139 3443 seul regret étoit de l'avoir plus ménagée
32 3507 3149 3691 que les autres; que, si elle eût prévu
1 3757 3150 3941 ce qui arrivoit, elle l'auroit envoyée re-
33 4012 3134 4191 joindre sa mère, son père et sa tante....
33 4256 3139 4435 -- Emmenez cette furie, dit M. Dubreuil;
11 4505 3155 4695 elle me fait horreur. L'exempt la prit par
22 4760 3144 4944 le bras; et M. de la Combe, qui avoit
42 5008 3154 5187 peine à maintenir son humeur, la prit par
38 5259 3155 5432 l'autre; et, en la secouant violemment,
38 5503 3161 5687 la reconduisit ainsi à la chaise qui l'at-
43 5763 3144 5931 tendoit. Mademoiselle de Saint-Silvain,
157 6012 3459 6191 effrayée de ce qui se passoit, avoit presque
53 6255 3165 6426 perdu le sentiment. M. Duval ou M. Du-
