4266 8391
2289 972 2824 1142 io
1033 1251 4054 1442 breuil (comme on voudra l'appeler)
1022 1508 4065 1694 étoit lui-même dans un état pénible; sa
1027 1759 4163 1945 figure annonçoit l'ame la plus agitée. Il
1027 2010 4168 2152 dit à M. de la Combe: Vous devez être
1033 2251 4179 2447 étonné, monsieur, de tout ce qui vient
1027 2508 4048 2693 de se passer vis-à-vis de vous? La mission
1026 2763 4053 2949 que je viens de remplir a beaucoup coûté
1033 3010 4174 3196 à ma délicatesse; mais j'ai senti que j'é-
754 3267 4196 3472 tois nécessaire ici, et que ma présence
1016 3524 4179 3704 seule pouvoit en imposer à cette femme.
802 3769 4195 3954 Après le dîner, je vous apprendrai combien
1016 4021 4258 4207 j'ai eu de rapport avec elle, et mon récit
1022 4267 4179 4452 vous fera frémir plus d'une fois. Il m'en
1005 4518 4185 4698 coûtera de le mettre au jour; mais l'in-
688 4775 4190 4955 conduite de ma jeunesse me cause de con-
706 5026 4245 5212 tinuels regrets; et c'est en les faisant con-
1022 5277 4256 5469 noître que j'expie mes erreurs. A peine
1027 5534 4212 5725 avoit-il parlé, que des cris de joie se firent
1027 5796 4250 5971 entendre de tous les côtés. Tous les pay-
721 6042 4256 6228 sans, aussi-tôt qu'ils eurent appris le re-
1027 6299 4234 6474 tour de mademoiselle de Saint-Silvain, et
