<PcGts xmlns="http://schema.primaresearch.org/PAGE/gts/pagecontent/2017-07-15" xmlns:xsi="http://www.w3.org/2001/XMLSchema-instance" xsi:schemaLocation="http://schema.primaresearch.org/PAGE/gts/pagecontent/2017-07-15 http://schema.primaresearch.org/PAGE/gts/pagecontent/2017-07-15/pagecontent.xsd"><Metadata><Creator>User123</Creator><Created>2020-10-13T21:44:07</Created><LastChange>2020-10-13T21:44:07</LastChange></Metadata><Page imageFilename="0105.png" imageHeight="8456" imageWidth="4266"><TextRegion id="r0" type="paragraph" orientation="-0.0"><Coords points="1,1 4264,1 4264,8454 1,8454"/><TextLine id="r0_l001"><Coords points="1426,930 2004,930 2004,1112 1426,1112"/><TextEquiv index="1"><Unicode>o.</Unicode></TextEquiv></TextLine><TextLine id="r0_l002"><Coords points="154,1210 3210,1210 3210,1420 154,1420"/><TextEquiv index="1"><Unicode>le départ d'une femme qu'ils ne pouvoient</Unicode></TextEquiv></TextLine><TextLine id="r0_l003"><Coords points="160,1486 3243,1486 3243,1674 160,1674"/><TextEquiv index="1"><Unicode>souffrir, avoient quitté leurs ouvrages,</Unicode></TextEquiv></TextLine><TextLine id="r0_l004"><Coords points="160,1740 3232,1740 3232,1927 160,1927"/><TextEquiv index="1"><Unicode>et venoient en foule manifester leur joie.</Unicode></TextEquiv></TextLine><TextLine id="r0_l005"><Coords points="154,1998 3237,1998 3237,2191 154,2191"/><TextEquiv index="1"><Unicode>Elle reçut leurs complimens avec une</Unicode></TextEquiv></TextLine><TextLine id="r0_l006"><Coords points="165,2257 3237,2257 3237,2450 165,2450"/><TextEquiv index="1"><Unicode>grâce et une modestie touchantes qui</Unicode></TextEquiv></TextLine><TextLine id="r0_l007"><Coords points="165,2516 2186,2516 2186,2654 165,2654"/><TextEquiv index="1"><Unicode>charmèrent tous les cœurs.</Unicode></TextEquiv></TextLine><TextLine id="r0_l008"><Coords points="347,2764 3259,2764 3259,2945 347,2945"/><TextEquiv index="1"><Unicode>Zabeth fit les honneurs de la table; mais</Unicode></TextEquiv></TextLine><TextLine id="r0_l009"><Coords points="6,3011 3221,3011 3221,3204 6,3204"/><TextEquiv index="1"><Unicode>elle ne put manger: sa figure annonçoit</Unicode></TextEquiv></TextLine><TextLine id="r0_l010"><Coords points="11,3281 3232,3281 3232,3463 11,3463"/><TextEquiv index="1"><Unicode>la tristesse la plus profonde; M. de la</Unicode></TextEquiv></TextLine><TextLine id="r0_l011"><Coords points="11,3534 3243,3534 3243,3716 11,3716"/><TextEquiv index="1"><Unicode>Combe fit tous ses efforts pour la distraire.</Unicode></TextEquiv></TextLine><TextLine id="r0_l012"><Coords points="17,3788 3232,3788 3232,3969 17,3969"/><TextEquiv index="1"><Unicode>-- Pardonnez-moi, dit-elle, un air aussi</Unicode></TextEquiv></TextLine><TextLine id="r0_l013"><Coords points="17,4052 3232,4052 3232,4239 17,4239"/><TextEquiv index="1"><Unicode>peu gracieux. Vous devez penser que mon</Unicode></TextEquiv></TextLine><TextLine id="r0_l014"><Coords points="22,4311 3232,4311 3232,4498 22,4498"/><TextEquiv index="1"><Unicode>cœur est oppressé; ces lieux me causent</Unicode></TextEquiv></TextLine><TextLine id="r0_l015"><Coords points="22,4569 3254,4569 3254,4707 22,4707"/><TextEquiv index="1"><Unicode>des souvenirs douloureux. Je vois des</Unicode></TextEquiv></TextLine><TextLine id="r0_l016"><Coords points="6,4817 3226,4817 3226,5010 6,5010"/><TextEquiv index="1"><Unicode>amis à qui j'ai les plus grandes obliga-</Unicode></TextEquiv></TextLine><TextLine id="r0_l017"><Coords points="22,5076 3237,5076 3237,5258 22,5258"/><TextEquiv index="1"><Unicode>tions; mais je n'y vois plus une seule des</Unicode></TextEquiv></TextLine><TextLine id="r0_l018"><Coords points="33,5329 3226,5329 3226,5505 33,5505"/><TextEquiv index="1"><Unicode>personnes qui m'étoient si chères! .... Je</Unicode></TextEquiv></TextLine><TextLine id="r0_l019"><Coords points="22,5577 3248,5577 3248,5764 22,5764"/><TextEquiv index="1"><Unicode>suis bien jeune, et n'ai pas un parent!...</Unicode></TextEquiv></TextLine><TextLine id="r0_l020"><Coords points="193,5830 3243,5830 3243,6017 193,6017"/><TextEquiv index="1"><Unicode>Tous les liens de la nature sont rompus.</Unicode></TextEquiv></TextLine><TextLine id="r0_l021"><Coords points="11,6089 3248,6089 3248,6282 11,6282"/><TextEquiv index="1"><Unicode>Je me vois orpheline, dans un âge où l'on</Unicode></TextEquiv></TextLine><TextLine id="r0_l022"><Coords points="33,6342 3248,6342 3248,6535 33,6535"/><TextEquiv index="1"><Unicode>a grand besoin des auteurs de ses jours!</Unicode></TextEquiv></TextLine></TextRegion></Page></PcGts>