4266 8423
2298 987 2835 1157 li.
981 1266 4222 1447 et dans une sorte d'aisance: ie pensois
1064 1519 4217 1706 bien que madame de Saint-Silvain n'étoit
1064 1761 4261 1971 point ingrate avec elle, et en prenoit soin.
1058 2007 4217 2199 Il y a deux mois à-peu-près que mon ami
1058 2265 4234 2446 me dit qu'elle avoit loué une maison seule
1064 2512 4228 2693 et très-écartée, peu distante du faubourg.
1053 2764 4234 2950 Nous conclûmes que cela cachoit quel-
1063 3015 4255 3202 que projet, et qu'il falloit ne pas cesser
1053 3269 4264 3455 d'avoir les yeux sur elle. J'avoue même
1041 3525 4255 3706 que, dans tout cela, je ne pensois point
1042 3779 4264 3960 à mademoiselle de Saint - Silvain: je
1037 4036 4261 4217 croyois qu'elle étoit à l'abri, d'après ce
1036 4288 4227 4469 que j'avois dit à sa tante. Malgré que la
1031 4535 4053 4722 maison fût louée, elle n'étoit point oc-
1031 4793 4256 4980 cupée. Mademoiselle de Saint-Silvain y
1031 5051 4228 5237 étoit même déjà, que personne ne s'en
1031 5298 4250 5484 doutoit, tant les précautions avoient été
1015 5555 4234 5736 bien prises; mais comme tôt ou tard
1015 5808 4264 5994 il faut que les crimes soient punis, le ciel
1020 6071 3104 6246 permet que tout se découvre.
1196 6318 4256 6504 Le jour même où Dupuis devoit user
1974 7223 2276 7305 L“
