4266 8456
1338 930 1883 1112 m.
116 1222 3166 1409 de violence avec elle, en passant devant
116 1481 3160 1668 un armurier, sa figure me frappa. Je
110 1740 3347 1927 l'examinai à loisir, et le reconnus parfais
121 1998 3171 2180 tement. Ah! dis-je en moi-même, il se
115 2262 3165 2443 passe quelque chose dans cette maison,
121 2516 3171 2703 et madame de Saint-Silvain n'y est pas
121 2775 3176 2962 étrangère: voilà son fils. Je dis à un do-
121 3028 3177 3215 mestique qui étoit avec moi, de ne pas
126 3286 3170 3462 perdre cet homme de vue, et de me ren-
138 3540 3182 3727 dre compte de ce qu'il feroit. Il revint
132 3804 3182 3986 deux heures après me dire que la personne
138 4052 3303 4239 qu'il avoit suivie avoit acheté une paire
138 4305 3188 4487 de pistolets, des balles, de la poudre, et
138 4558 3177 4762 qu'elle étoit allée dans une maison à tel
138 4799 3182 5016 endroit. Je reconnus la maison que la
132 5065 3182 5247 vieille Dupuis avoit louée. Je fus sur-le-
132 5318 3177 5500 champ en instruire mon ami. Il avoit de
132 5571 3177 5759 la peine à mettre du monde sur pied sur
138 5825 3177 6012 un soupçon aussi frivole. Il me dit que
143 6078 3177 6265 dans tout cela il ne voyoit rien d'extraor-
143 6326 3177 6507 dinaire: qu'un homme étoit maître d'a
