4266 8316
2345 937 2897 1110 Haa
1094 1218 4264 1402 cheter une paire de pistolets, et que la
1094 1467 4216 1651 raison n'étoit pas suffisante pour l'arrê-
1094 1722 4256 1901 ter. Je lui dis que mon cœur n'étoit pas
1083 1971 4242 2155 tranquille; que je connoissois ces gens-là,
1088 2225 4240 2404 et qu'ils étoient capables de tout. Le ma-
1083 2464 4207 2664 gistrat me demanda si je voulois me char-
1083 2718 4261 2902 ger d'entrer dans cette maison? -- Je l'ac-
1077 2973 4250 3184 cepte, lui dis-je; donnez-moi du monde,
1077 3227 4256 3411 et je vous réponds que nous y trouverons
1071 3475 2289 3654 quelque victime.
1251 3725 4256 3909 Aussi-tôt que la brune parut, je fus
1077 3974 4240 4164 faire ma ronde. Il n'y avoit pas une de-
1066 4222 4255 4401 mi-heure que j'y étois, que des cris vin-
1061 4472 4207 4673 rent jusqu'à moi. Je fis frapper à la porte
1061 4702 4234 4900 avec force. On ne répondoit pas, et les
1067 4971 4256 5149 cris se faisoient entendre encore plus fort.
1072 5220 4196 5404 Je pris le parti de la faire jeter en-dedans.
1061 5474 4261 5653 Quand nous fûmes dans la cour, les cris
1067 5718 4261 5913 qui continuoient nous guidoient. Le pre-
1061 5972 4175 6162 mier objet qui me frappa, fut la vieille:
1056 6221 4045 6411 je la fis arrêter. Je vis un homme qui
1251 8003 2095 8084 --- -- -
