4266 8364
2329 969 2863 1132 Lir.
1083 1235 4250 1453 voit point encore osé le faire, qu'elle ne se
1078 1491 4250 1697 vît tout-à-fait hors d'inquiétude sur son
1078 1740 4229 1976 sort. Elle lui mandoit tout ce qui lui étoit
1078 1992 4264 2188 arrivé, et la prioit de lui donner des nou-
811 2242 4234 2444 velles d'un homme qu'elle n'osoit pas
1078 2493 4264 2678 nommer, mais qu'elle ne pouvoit ou-
1072 2743 4218 2960 blier ...... Elle écrivit aussi à sa chère
1078 3004 2313 3140 Anna Williams.
1246 3249 4239 3445 Le lendemain, on fit venir des hom-
1067 3499 4229 3679 mes de lois; et messieurs de la Combe et
1061 3750 4264 3929 Dubreuil s'occupèrent des afſaires de Za-
996 4005 4264 4190 beth. On fit casser le testament extorqué
1056 4256 4229 4430 à M. de Saint-Silvain; et M. de la Combe
1050 4501 4264 4648 fut nommé tuteur de sa fille. On fit à la
1050 4751 4231 4941 plus infame des femmes une pension de
990 5001 4212 5203 douze cents livres, sa vie durant. Zabeth
1050 5257 4229 5453 insista pour qu'elle fût de cette somme,
1045 5507 4264 5698 malgré les représentations de son tuteur.
833 5763 4218 5948 Je ne serai pas plus pauvre, lui dit-elle,
1039 6019 4223 6209 monsieur, pour quelquos cents francs de
822 6253 4250 6463 moins par an. Je desire qu'une femme
