4266 8285
1375 949 1909 1122 n.
43 1241 3145 1424 qui porte le nom de mon père vive avec
22 1489 3400 1672 aisance dans la retraite où elle est pour
135 1737 3139 1915 le reste de ses jours. La moindre des ac-
54 1985 3145 2185 tions de Zabeth déceloit une générosité
54 2224 3145 2438 et une grandeur d'ame peu communes
43 2480 3150 2694 dans un âge si tendre; mais elle avoit
54 2740 3145 2943 été éprouvée par tant de peines!.... On
54 2978 3112 3177 vieillit de bonne heure dans l'adversité!...
5 3231 3139 3475 Quand tout fut arrangé selon les desirs
32 3482 3139 3668 de ses amis, madame Dubreuil, qui avoit
15 3737 3138 3920 pris pour elle la plus tendre amitié, lui
1 3986 3139 4175 demanda où elle comptoit se fixer; que,
38 4234 3134 4428 si jeune encore, elle ne pouvoit tenir sa
16 4478 3134 4677 maison, et qu'il seroit affreux d'aller
43 4747 3129 4936 s'enfermer dans un cloître: que, si elle
5 4985 3129 5184 vouloit accepter la sienne pour asile, elle
11 5254 3129 5448 se trouveroit trop heureuse de posséder
1 5491 3129 5688 une aussi aimable personne. -- Vous me
22 5688 3129 5928 flattez, madame, lui dit Zabeth. Je suis
31 5992 3122 6175 plus sensible que vous ne pouvez le
124 6241 3118 6430 croire à une offre si obligeante; mais
