4266 8295
1306 944 1830 1114 e
85 1218 3084 1426 Dubreuil. -- Madame, certainement j'i-
85 1471 3068 1669 rai vous remercier de toutes vos bontés,
91 1722 3078 1917 qui sont à jamais gravées dans mon cœur;
92 1975 3094 2158 mais, dans ce moment, des affaires aux-
91 2235 3072 2413 quelles le repos de ma vie est attaché,
16 2482 3095 2671 me retiennent dans ce pays-ci; et j'irai
15 2737 3088 2921 prendre mon domicile chez monsieur,
27 2986 2906 3175 puisqu'il a la bonté de m'en offrir un.
264 3237 3083 3425 A peu de jours de là, M. et madame
22 3483 3105 3671 Dubreuil, après avoir reçu les témoi-
26 3737 3099 3931 gnages les plus flatteurs de la vive recon-
26 3985 3111 4164 noissance des messieurs de la Combe, de
21 4234 3121 4413 mademoiselle de Saint - Silvain, et de
48 4481 3122 4666 tous les habitans de Château-neuf, qui
48 4724 3122 4920 savoient que c'étoit à eux qu'ils devoient
53 4973 3122 5164 le retour de leur jeune maîtresse, parti-
43 5227 3122 5408 rent au milieu de toutes les bénédictions
69 5478 1572 5667 qu'on leur donnoit.
312 5720 3122 5866 M. de la Combe confia à un homme
53 5973 3122 6167 sûr la régie de la terre de sa pupille, et
59 6215 3122 6417 l'emmena chez lui. Elle desira que la
