<PcGts xmlns="http://schema.primaresearch.org/PAGE/gts/pagecontent/2017-07-15" xmlns:xsi="http://www.w3.org/2001/XMLSchema-instance" xsi:schemaLocation="http://schema.primaresearch.org/PAGE/gts/pagecontent/2017-07-15 http://schema.primaresearch.org/PAGE/gts/pagecontent/2017-07-15/pagecontent.xsd"><Metadata><Creator>User123</Creator><Created>2020-10-13T21:44:05</Created><LastChange>2020-10-13T21:44:05</LastChange></Metadata><Page imageFilename="0118.png" imageHeight="8222" imageWidth="4266"><TextRegion id="r0" type="paragraph" orientation="-0.0"><Coords points="1,1 4264,1 4264,8220 1,8220"/><TextLine id="r0_l001"><Coords points="2388,964 2907,964 2907,1135 2388,1135"/><TextEquiv index="1"><Unicode>l</Unicode></TextEquiv></TextLine><TextLine id="r0_l002"><Coords points="1167,1242 4106,1242 4106,1424 1167,1424"/><TextEquiv index="1"><Unicode>bonne Cateau, qui lui avoit donné des</Unicode></TextEquiv></TextLine><TextLine id="r0_l003"><Coords points="1162,1488 4106,1488 4106,1670 1162,1670"/><TextEquiv index="1"><Unicode>marques d'un attachement bien tendre,</Unicode></TextEquiv></TextLine><TextLine id="r0_l004"><Coords points="1162,1735 4249,1735 4249,1911 1162,1911"/><TextEquiv index="1"><Unicode>vécût sans rien faire, et jouît, dans ses</Unicode></TextEquiv></TextLine><TextLine id="r0_l005"><Coords points="1162,1986 4245,1986 4245,2157 1162,2157"/><TextEquiv index="1"><Unicode>derniers jours, des douceurs de la vie.</Unicode></TextEquiv></TextLine><TextLine id="r0_l006"><Coords points="1162,2232 4245,2232 4245,2409 1162,2409"/><TextEquiv index="1"><Unicode>Cet acte de bienfaisance n'éprouva au-</Unicode></TextEquiv></TextLine><TextLine id="r0_l007"><Coords points="1156,2473 4261,2473 4261,2655 1156,2655"/><TextEquiv index="1"><Unicode>cune objection de la part de M. de la</Unicode></TextEquiv></TextLine><TextLine id="r0_l008"><Coords points="898,2720 4101,2720 4101,2902 898,2902"/><TextEquiv index="1"><Unicode>Combe. La seule chose qui lui faisoit une</Unicode></TextEquiv></TextLine><TextLine id="r0_l009"><Coords points="1146,2966 4256,2966 4256,3148 1146,3148"/><TextEquiv index="1"><Unicode>peine réelle, c'étoit la tristesse dont rien</Unicode></TextEquiv></TextLine><TextLine id="r0_l010"><Coords points="894,3207 4256,3207 4256,3389 894,3389"/><TextEquiv index="1"><Unicode>ne pouvoit tirer mademoiselle de Saint-</Unicode></TextEquiv></TextLine><TextLine id="r0_l011"><Coords points="1140,3453 4090,3453 4090,3635 1140,3635"/><TextEquiv index="1"><Unicode>Silvain. Il n'en ignoroit pas la cause, mais</Unicode></TextEquiv></TextLine><TextLine id="r0_l012"><Coords points="2248,3875 2247,3875 2247,3828 2247,3827 2088,3827 2087,3827 2087,3822 2087,3821 1986,3821 1985,3822 1985,3827 1985,3827 1611,3827 1610,3828 1610,3837 1610,3837 1595,3837 1594,3837 1594,3822 1594,3821 1499,3821 1498,3822 1498,3832 1498,3832 1494,3832 1493,3833 1493,3837 1493,3837 1483,3837 1482,3837 1482,3822 1482,3821 1344,3821 1343,3822 1343,3827 1343,3827 1140,3827 1139,3827 1139,3758 1140,3757 1145,3757 1145,3757 1145,3753 1146,3752 1150,3752 1150,3752 1150,3705 1151,3704 1225,3704 1225,3705 1225,3709 1226,3709 1230,3709 1230,3710 1230,3752 1231,3752 1402,3752 1402,3752 1402,3715 1403,3714 1407,3714 1407,3714 1407,3710 1408,3709 1412,3709 1412,3709 1412,3705 1413,3704 1423,3704 1423,3705 1423,3709 1424,3709 1428,3709 1428,3710 1428,3714 1429,3714 1434,3714 1434,3715 1434,3720 1435,3720 1439,3720 1439,3721 1439,3752 1440,3752 1525,3752 1525,3753 1525,3757 1526,3757 1696,3757 1696,3757 1696,3753 1697,3752 1707,3752 1707,3752 1707,3747 1708,3746 1717,3746 1717,3747 1717,3752 1718,3752 1969,3752 1969,3752 1969,3747 1970,3746 1975,3746 1975,3747 1975,3752 1976,3752 2028,3752 2028,3752 2028,3699 2029,3698 2044,3698 2044,3699 2044,3704 2045,3704 2049,3704 2049,3705 2049,3752 2050,3752 2076,3752 2076,3752 2076,3747 2077,3746 2081,3746 2081,3746 2081,3731 2082,3730 2098,3730 2098,3731 2098,3746 2099,3746 2210,3746 2210,3747 2210,3752 2211,3752 2451,3752 2451,3752 2451,3747 2452,3746 2462,3746 2462,3747 2462,3752 2463,3752 2579,3752 2579,3752 2579,3737 2580,3736 2585,3736 2585,3736 2585,3731 2586,3730 2601,3730 2601,3731 2601,3752 2602,3752 2745,3752 2745,3752 2745,3747 2746,3746 2751,3746 2751,3747 2751,3752 2752,3752 3366,3752 3366,3753 3366,3757 3367,3757 3543,3757 3543,3757 3543,3753 3544,3752 3559,3752 3559,3753 3559,3757 3560,3757 3607,3757 3607,3757 3607,3715 3608,3714 3613,3714 3613,3714 3613,3710 3614,3709 3704,3709 3704,3709 3704,3705 3705,3704 3736,3704 3736,3705 3736,3757 3737,3757 3805,3757 3805,3758 3805,3762 3806,3762 3811,3762 3811,3763 3811,3773 3812,3773 3816,3773 3816,3774 3816,3795 3817,3795 3853,3795 3853,3796 3853,3800 3854,3800 3864,3800 3864,3801 3864,3821 3864,3821 3854,3821 3853,3822 3853,3827 3853,3827 3399,3827 3398,3827 3398,3822 3398,3821 3169,3821 3100,3821 3099,3822 3099,3827 3099,3827 2827,3827 2826,3827 2826,3822 2826,3821 2382,3821 2381,3822 2381,3870 2381,3870 2377,3870 2376,3871 2376,3875 2376,3875"/><TextEquiv index="1"><Unicode>il n'y pouvoit apporter aucun remède.</Unicode></TextEquiv></TextLine><TextLine id="r0_l013"><Coords points="1301,3951 4074,3951 4074,4122 1301,4122"/><TextEquiv index="1"><Unicode>Elle reçut une lettre de sa chère Anna;</Unicode></TextEquiv></TextLine><TextLine id="r0_l014"><Coords points="1135,4197 4251,4197 4251,4374 1135,4374"/><TextEquiv index="1"><Unicode>elle lui mandoit que madame Noriss vi-</Unicode></TextEquiv></TextLine><TextLine id="r0_l015"><Coords points="1130,4449 4262,4449 4262,4620 1130,4620"/><TextEquiv index="1"><Unicode>voit dans son particulier; qu'elle s'étoit</Unicode></TextEquiv></TextLine><TextLine id="r0_l016"><Coords points="851,4695 4245,4695 4245,4877 851,4877"/><TextEquiv index="1"><Unicode>séparée de sa belle-mère, ne pouvant ré-</Unicode></TextEquiv></TextLine><TextLine id="r0_l017"><Coords points="1124,4936 4218,4936 4218,5118 1124,5118"/><TextEquiv index="1"><Unicode>sister aux grossièretés de sir John Wilton;</Unicode></TextEquiv></TextLine><TextLine id="r0_l018"><Coords points="4031,5363 4030,5363 4030,5359 4030,5358 4026,5358 4025,5358 4025,5316 4025,5315 2162,5315 1997,5315 1996,5316 1996,5363 1996,5363 1949,5363 1948,5363 1948,5338 1948,5337 1193,5337 1190,5334 1189,5334 1188,5333 1187,5333 1186,5332 1185,5332 1184,5331 1183,5331 1182,5330 1172,5330 1171,5330 1171,5321 1171,5320 1140,5320 1139,5320 1139,5316 1139,5315 1135,5315 1134,5315 1134,5311 1134,5310 1130,5310 1129,5310 1129,5305 1129,5304 1124,5304 1123,5304 1123,5289 1123,5288 1119,5288 1118,5288 1118,5273 1119,5272 1123,5272 1123,5272 1123,5262 1124,5261 1129,5261 1129,5261 1129,5257 1130,5256 1134,5256 1134,5256 1134,5252 1135,5251 1139,5251 1139,5251 1139,5246 1140,5245 1145,5245 1145,5245 1145,5241 1146,5240 1300,5240 1300,5240 1300,5193 1301,5192 2135,5192 2135,5192 2135,5187 2136,5186 2820,5186 2820,5187 2820,5192 2821,5192 3971,5192 3971,5193 3971,5197 3972,5197 3977,5197 3977,5198 3977,5240 3978,5240 4052,5240 4052,5241 4052,5264 4053,5264 4241,5264 4242,5265 4250,5265 4250,5266 4250,5267 4250,5267 4053,5267 4052,5268 4052,5294 4053,5294 4057,5294 4057,5295 4057,5314 4058,5314 4196,5314 4196,5315 4196,5315 4058,5315 4057,5316 4057,5328 4059,5329 4060,5329 4061,5330 4062,5330 4062,5331 4062,5331 4058,5331 4057,5332 4057,5347 4057,5347 4053,5347 4052,5348 4052,5358 4052,5358 4047,5358 4046,5359 4046,5363 4046,5363"/><TextEquiv index="1"><Unicode>qu'elle occupoit une maison à Wanstead;</Unicode></TextEquiv></TextLine><TextLine id="r0_l019"><Coords points="1119,5439 4245,5439 4245,5621 1119,5621"/><TextEquiv index="1"><Unicode>que, depuis long-tems, sa santé étoit al-</Unicode></TextEquiv></TextLine><TextLine id="r0_l020"><Coords points="1114,5691 4047,5691 4047,5867 1114,5867"/><TextEquiv index="1"><Unicode>térée, et que, dans le moment actuel,</Unicode></TextEquiv></TextLine><TextLine id="r0_l021"><Coords points="835,5937 4235,5937 4235,6140 835,6140"/><TextEquiv index="1"><Unicode>elle étoit très-malade; ce qui l'empêchoit</Unicode></TextEquiv></TextLine><TextLine id="r0_l022"><Coords points="1108,6173 4036,6173 4036,6360 1108,6360"/><TextEquiv index="1"><Unicode>de lui répondre. -- Je suis, disoit-elle,</Unicode></TextEquiv></TextLine></TextRegion></Page></PcGts>