4266 8391
1530 1011 2071 1185 a
16 1300 3332 1486 Boulogne le moment du départ. Elle
44 1546 3327 1737 ne put entrer dans la maison qu'elle
11 1808 3316 1989 avoit occupée avec sa tante, sans se rap-
44 2049 3436 2245 peler tout ce qu'elle devoit à sa ten-
55 2300 3322 2486 dresse. Elle se hâta d'en parcourir tous
33 2557 3316 2699 les endroits où elle avoit été avec No-
43 2811 3315 3009 riss. Chaque coin du jardin lui rappe-
49 3076 3322 3261 loit un jeu ou une tendresse enfan-
44 3343 3300 3524 tine. Oh! dit-elle, que j'étois heureuse
22 3600 3311 3780 alors! mon cœur ne connoissoit que la
11 3857 3316 4032 douce amitié! Aujourd'hui il est ac-
71 4114 3311 4294 cablé par des peines bien cruelles!...
44 4310 3316 4502 L'amour!... un amour malheureux l'on-
66 4616 3311 4868 presse continuellement! Je n'existe plus
15 4872 3304 5063 que pour souffrir!... mais je souffre pour
16 5130 3305 5316 vous, le plus aimé des hommes! J'aime
66 5381 3305 5561 mieux les peines que vous me causez
43 5626 3304 5812 que tout le bonheur qu'un autre pour-
60 5884 3300 6069 roit m'offrir!... Frédérique vint la re-
44 6135 3300 6315 joindre sous le berceau où elle s'aban-
33 6386 3283 6578 donnoit à ses regrets. Il employa tout
