<PcGts xmlns="http://schema.primaresearch.org/PAGE/gts/pagecontent/2017-07-15" xmlns:xsi="http://www.w3.org/2001/XMLSchema-instance" xsi:schemaLocation="http://schema.primaresearch.org/PAGE/gts/pagecontent/2017-07-15 http://schema.primaresearch.org/PAGE/gts/pagecontent/2017-07-15/pagecontent.xsd"><Metadata><Creator>User123</Creator><Created>2020-10-13T21:44:24</Created><LastChange>2020-10-13T21:44:24</LastChange></Metadata><Page imageFilename="0128.png" imageHeight="8429" imageWidth="4266"><TextRegion id="r0" type="paragraph" orientation="-0.0"><Coords points="1,1 4264,1 4264,8427 1,8427"/><TextLine id="r0_l001"><Coords points="2259,905 2802,905 2802,1080 2259,1080"/><TextEquiv index="1"><Unicode>S</Unicode></TextEquiv></TextLine><TextLine id="r0_l002"><Coords points="910,1190 4234,1190 4234,1377 910,1377"/><TextEquiv index="1"><Unicode>et, pendant ce tems, mademoiselle de</Unicode></TextEquiv></TextLine><TextLine id="r0_l003"><Coords points="4225,1655 4224,1655 4224,1651 4224,1650 4223,1650 4222,1650 4222,1646 4221,1644 3718,1644 3717,1644 3717,1640 3717,1639 3713,1639 3712,1639 3712,1634 3712,1633 3707,1633 3706,1633 3706,1590 3706,1589 3433,1589 3432,1589 3432,1585 3432,1584 2254,1584 2253,1585 2253,1600 2253,1600 2249,1600 2248,1601 2248,1622 2248,1622 2243,1622 2242,1623 2242,1633 2242,1633 2232,1633 2231,1634 2231,1639 2231,1639 2221,1639 2220,1639 2220,1634 2220,1633 2210,1633 2209,1633 2209,1598 2209,1597 2035,1597 2034,1597 2034,1579 2034,1578 1091,1578 1090,1578 1090,1574 1090,1573 976,1573 975,1573 975,1563 976,1562 981,1562 981,1562 981,1481 982,1480 986,1480 986,1480 986,1470 987,1469 992,1469 992,1469 992,1464 993,1463 997,1463 997,1463 997,1459 998,1458 1003,1458 1003,1458 1003,1453 1004,1452 1025,1452 1025,1452 1025,1448 1026,1447 1825,1447 1825,1448 1825,1452 1826,1452 1831,1452 1831,1453 1831,1502 1832,1502 1918,1502 1918,1503 1918,1507 1919,1507 2807,1507 2807,1507 2807,1492 2808,1491 2928,1491 2928,1491 2928,1464 2929,1463 2933,1463 2933,1463 2933,1459 2934,1458 2939,1458 2939,1458 2939,1453 2940,1452 2944,1452 2944,1453 2944,1458 2945,1458 3383,1458 3383,1459 3383,1463 3384,1463 3388,1463 3388,1464 3388,1474 3389,1474 4211,1474 4211,1475 4211,1496 4211,1496 3965,1496 3964,1497 3964,1513 3965,1513 4041,1513 4041,1514 4041,1518 4042,1518 4046,1518 4046,1519 4046,1524 4047,1524 4249,1524 4249,1525 4249,1573 4250,1573 4255,1573 4255,1574 4255,1589 4255,1589 4245,1589 4244,1590 4244,1595 4244,1595 4228,1595 4227,1596 4227,1655 4227,1655"/><TextEquiv index="1"><Unicode>Saint-Silvain paya un tribut de regrets</Unicode></TextEquiv></TextLine><TextLine id="r0_l004"><Coords points="982,1707 4256,1707 4256,1859 982,1859"/><TextEquiv index="1"><Unicode>à tous les endroits d'une maison où son</Unicode></TextEquiv></TextLine><TextLine id="r0_l005"><Coords points="976,1969 4256,1969 4256,2117 976,2117"/><TextEquiv index="1"><Unicode>enfance s'étoit écoulée dans le bonheur.</Unicode></TextEquiv></TextLine><TextLine id="r0_l006"><Coords points="960,2221 4261,2221 4261,2408 960,2408"/><TextEquiv index="1"><Unicode>Quand il fallut partir, elle ne la quitta</Unicode></TextEquiv></TextLine><TextLine id="r0_l007"><Coords points="965,2473 4256,2473 4256,2678 965,2678"/><TextEquiv index="1"><Unicode>pas sans peine, malgré le desir qu'elle</Unicode></TextEquiv></TextLine><TextLine id="r0_l008"><Coords points="960,2726 4250,2726 4250,2907 960,2907"/><TextEquiv index="1"><Unicode>avoit de voir madame Noriss. Mais,</Unicode></TextEquiv></TextLine><TextLine id="r0_l009"><Coords points="965,2989 4250,2989 4250,3175 965,3175"/><TextEquiv index="1"><Unicode>pour les ames sensibles, tout est plaisir,</Unicode></TextEquiv></TextLine><TextLine id="r0_l010"><Coords points="965,3247 4245,3247 4245,3428 965,3428"/><TextEquiv index="1"><Unicode>tout est peine! Tout ce qui n'est rien</Unicode></TextEquiv></TextLine><TextLine id="r0_l011"><Coords points="965,3504 4239,3504 4239,3691 965,3691"/><TextEquiv index="1"><Unicode>pour mille autres, devient pour elles un</Unicode></TextEquiv></TextLine><TextLine id="r0_l012"><Coords points="965,3757 4036,3757 4036,3932 965,3932"/><TextEquiv index="1"><Unicode>objet intéressant. Zabeth voulut abso-</Unicode></TextEquiv></TextLine><TextLine id="r0_l013"><Coords points="960,4014 4031,4014 4031,4195 960,4195"/><TextEquiv index="1"><Unicode>lument emmener un chien qui s'étoit</Unicode></TextEquiv></TextLine><TextLine id="r0_l014"><Coords points="960,4272 4250,4272 4250,4453 960,4453"/><TextEquiv index="1"><Unicode>donné à cette maison, et que Noriss</Unicode></TextEquiv></TextLine><TextLine id="r0_l015"><Coords points="960,4519 4031,4519 4031,4711 960,4711"/><TextEquiv index="1"><Unicode>avoit caressé. Oui, lui disoit-elle, pauvre</Unicode></TextEquiv></TextLine><TextLine id="r0_l016"><Coords points="954,4782 4020,4782 4020,4963 954,4963"/><TextEquiv index="1"><Unicode>bête! je suis sensible à ce que tu m'as</Unicode></TextEquiv></TextLine><TextLine id="r0_l017"><Coords points="951,5040 4025,5040 4025,5221 951,5221"/><TextEquiv index="1"><Unicode>reconnue! Ton cœur n'a point oublié</Unicode></TextEquiv></TextLine><TextLine id="r0_l018"><Coords points="954,5292 4031,5292 4031,5473 954,5473"/><TextEquiv index="1"><Unicode>ta petite amie! Eh bien, tu ne me quit-</Unicode></TextEquiv></TextLine><TextLine id="r0_l019"><Coords points="960,5490 4036,5490 4036,5731 960,5731"/><TextEquiv index="1"><Unicode>teras plus! Tu n'es pas beau; mais</Unicode></TextEquiv></TextLine><TextLine id="r0_l020"><Coords points="872,5780 3241,5780 3241,5994 872,5994"/><TextEquiv index="1"><Unicode>tu es bon, et tu sais aimer!</Unicode></TextEquiv></TextLine><TextLine id="r0_l021"><Coords points="1135,6054 4014,6054 4014,6235 1135,6235"/><TextEquiv index="1"><Unicode>L'instant où elle mit le pied sur le</Unicode></TextEquiv></TextLine><TextLine id="r0_l022"><Coords points="1612,6492 1611,6492 1611,6488 1611,6487 1607,6487 1606,6487 1606,6444 1606,6443 1009,6443 1008,6443 1008,6438 1008,6437 1004,6437 1003,6437 1003,6433 1003,6432 998,6432 997,6432 997,6427 997,6426 993,6426 992,6426 992,6416 992,6415 987,6415 986,6415 986,6400 986,6399 982,6399 981,6399 981,6389 981,6388 976,6388 975,6388 975,6384 975,6383 971,6383 970,6383 970,6378 970,6377 965,6377 964,6377 964,6367 965,6366 970,6366 970,6366 970,6362 971,6361 986,6361 986,6361 986,6307 987,6306 987,6301 988,6300 992,6300 992,6301 992,6311 993,6311 1814,6311 1814,6312 1814,6344 1815,6344 1924,6344 1924,6345 1924,6350 1925,6350 1929,6350 1929,6351 1929,6361 1930,6361 3136,6361 3136,6361 3136,6318 3137,6317 3141,6317 3141,6317 3141,6312 3142,6311 3229,6311 3229,6312 3229,6317 3230,6317 3235,6317 3235,6318 3235,6361 3236,6361 3942,6361 3942,6362 3942,6366 3943,6366 3948,6366 3948,6367 3948,6372 3949,6372 3953,6372 3953,6373 3953,6388 3954,6388 4019,6388 4019,6389 4019,6394 4020,6394 4024,6394 4024,6395 4024,6399 4025,6399 4030,6399 4030,6400 4030,6415 4030,6415 3960,6415 3959,6416 3959,6432 3959,6432 3954,6432 3953,6433 3953,6437 3953,6437 3822,6437 3821,6438 3821,6443 3821,6443 2950,6443 2949,6444 2949,6470 2949,6470 2940,6470 2939,6470 2939,6458 2939,6457 2643,6457 2642,6457 2642,6449 2642,6448 1645,6448 1644,6449 1644,6454 1644,6454 1640,6454 1639,6455 1639,6465 1639,6465 1634,6465 1633,6466 1633,6481 1633,6481 1629,6481 1628,6482 1628,6487 1628,6487 1623,6487 1622,6488 1622,6492 1622,6492"/><TextEquiv index="1"><Unicode>vaisseau, fut encore pour elle un mo-</Unicode></TextEquiv></TextLine></TextRegion></Page></PcGts>