4266 8391
329 164 1054 268 - - --
2256 972 2786 1153 i
1175 1257 4217 1449 M. de la Combe demanda à madame
1016 1508 4228 1694 Noriss, pourquoi elle n'avoit pas écrit
1011 1759 4201 1945 plutôt à sa chère fille? -- Ah! dit-elle,
1000 2005 4250 2216 c'est un sacrifice que je faisois à son
994 2267 4234 2448 repos. Je voulois retarder le plus pos-
999 2509 4227 2709 sible le moment où elle apprendroit que
994 2770 4245 2950 son frère étoit coupable. -- Mais il ne
994 3021 4239 3207 l'est pas, madame: c'est un enfantil-
869 3267 4223 3453 lage. -- Moi, je vois cela tout autrement
988 3523 4200 3703 que vous. -- Il reviendra, je vous le dis,
1000 3758 4196 3961 plus amoureux que jamais. -- Vous par-
989 4032 4264 4217 lez, monsieur, en père indulgent? -- Oh!
989 4283 4264 4469 je n'ai pas besoin de l'être avec mon
1000 4534 4212 4735 fils: il est sage comme une fille. -- Ah!
1000 4797 4207 4977 dit Anna, celle que monsieur aimera
1011 5048 4245 5228 sera donc bien heureuse! Frédérique la
994 5299 4207 5485 regarda, et sourit. Anna baissa les yeux,
1010 5539 4249 5735 et sentit qu'elle s'étoit trop pressée de
1000 5813 1491 5993 parler.
1179 6063 4025 6265 Madame Noriss apprit à mademoi-
1011 6321 4264 6507 selle de Saint-Silvain, que sa belle-mère
