4266 8364
2274 995 2802 1177 uo
1038 1277 4250 1490 à cet égard: mais, moi, qui n'ai pas
1033 1528 4238 1715 l'honneur d'être de sa famille, s'il s'a-
1028 1789 4239 1986 visoit de me chatouiller les oreilles, je
1029 2040 4234 2232 lui mettrois les siennes dans sa poche,
1033 2299 4229 2490 et lui ferois voir qu'un officier français
1034 2554 4229 2744 en vaut, au moins, quatre anglais.
1033 2802 4244 3014 --Allons, allons, mon père, ne vous mon-
1034 3054 4256 3246 tez pas la tête, je vous prie, dit Frédé-
1028 3308 4249 3500 rique: ne voulez-vous pas réformer la
1028 3568 4228 3754 rudesse des Anglais? -- Qu'appelez-vous,
1033 3813 4244 4001 réformer? sans doute, je veux apprendre
1033 4066 4239 4271 à vivre à ces butors-là. Je suis encore sur
1038 4314 4255 4516 mes jambes, au moins? et parbleu, je
1033 4564 4256 4768 n'en crains aucun, entendez-vous? M. de
1012 4824 4234 5016 la Combe étoit prêt à se-mettre en co-
1028 5075 3777 5262 lère; mais madame Noriss le calma.
1029 5333 4250 5517 Le lendemain, il lui fit demander un
995 5582 4249 5779 entretien particulier. Il lui communiqua
1033 5831 4256 6029 les vues qu'il avoit. Je crois, dit-il, qu'il
1038 6088 4260 6284 seroit à sa place que miss Anna écrivît
1044 6350 4250 6551 à son cousin que vous êtes très-mal, et
