4266 8191
1397 939 1925 1115 l
75 1227 3136 1419 souhaitant à tout le monde de longs jours!
74 1476 3135 1658 Oue voulez-vous de plus? Il faut le faire
171 1728 3131 1915 venir. Vous avez le droit de le marier,
165 1979 3141 2165 et d'envoyer promener l'oncle avec son
37 2235 3136 2411 argent. S'il n'est pas content, il s'en ira
85 2485 3136 2680 d'où il vient. Si vous le voulez permettre,
11 2731 3131 2953 je me charge de l'y renvoyer? -- Je desi-
27 2981 3163 3163 rerois, monsieur, que les choses se pas-
33 3221 3125 3408 sassent avec plus de douceur; et, si l'on
69 3466 3125 3659 pouvoit tout concilier de façon que tout
64 3717 3125 3904 le monde fût content, cela me seroit plus
32 3968 3120 4149 agréable. Si mon fils pouvoit revoir ma
64 4213 3195 4395 chère Zabeth par-tout ailleurs qu'ici, je
11 4453 3115 4651 serois plus contente. Ne pourroit-on pas
21 4715 3109 4896 lui mander, dans quelque tems, que je
15 4959 3092 5140 suis à Boulogne, et que j'y suis tombée
16 5211 3093 5401 malade? Il s'y rendroit; et vous y mé-
16 5461 3093 5643 nageriez une entrevue entre les jeunes
11 5712 3083 5893 gens, sans que ni l'un ni l'autre puisse
37 5963 3072 6139 s'en douter. -- Eh bien, volontiers, ma-
16 6208 3077 6389 dame; mais vous devriez y venir. -- Ma
