4266 8253
1333 946 1859 1123 n
124 1231 3063 1419 Que vous me faites de peine, ma chère
134 1494 3063 1666 ille, de me parlerainsi! Quoi! s'il re-
124 1746 3074 1940 enoit repentant de ses torts, vous le re-
21 1994 3074 2176 ousseriez? Il faut donc que je perde l'es-
21 2230 3074 2434 oir de vous voir unis, et de passer mes
134 2499 3068 2676 ours avec deux êtres qui me sont si chers!
124 2746 3074 2929 Je ne puis croire que vous pensiez ce que
32 2998 3084 3133 ous dites? Mademoiselle de Saint-Sil-
38 3246 3084 3428 ain ne répondit à cela que par des larmes.
124 3493 3079 3670 l étoit aisé de voir qu'elle se trompoit dans
37 3744 3083 3927 es propres sentimens. Dans le moment
43 3993 3079 4181 lu dépit, l'on croit haïr; et c'est l'ins-
48 4245 2235 4428 ant où l'on aime davantage!
306 4498 3090 4675 Dans la journée, mademoiselle de
54 4745 3084 4928 aint-Silvain témoigna le desir d'aller
47 4996 3089 5179 lans la forêt de Wapping. Elle engagea
54 5245 3090 5427 Frédérique à l'accompagner avec sa chère
48 5460 3095 5669 Anna. Il fut enchanté de cette proposi-
48 5710 3181 5911 tion; car il trouvoit à la jeune miss une
43 5981 3090 6164 figure qui lui plaisoit beaucoup. Elle étoit
48 6233 3090 6422 moins belle que Zabeth; mais elle avoit
