4266 8423
2265 861 2802 1037 noe.
1015 1141 4256 1322 ne peut empêcher l'établissement de son
1020 1398 4261 1590 neveu et de sa nièce, quand, d'ailleurs,
1009 1651 4042 1843 il ne peut faire aucune juste objection.
1015 1908 4228 2106 Cette bonne Anna se jeta dans les bras de
1009 2166 4228 2342 sa tante, et lui avoua, en cachant son
1004 2419 4234 2605 visage dans son sein, qu'elle aimoit beau-
1004 2616 4053 2852 coup M. Frédérique, et que, si elle osoit
1004 2923 4053 3115 espérer d'être à lui, elle se regarderoit
993 3175 4250 3356 comme heureuse. A peine avoit-elle ſini
993 3428 4228 3614 de parler, qu'il entra. -- Venez, monsieur,
987 3680 4228 3855 lui dit madame Noriss, remercier ma
987 3938 4228 4124 nièce des sentimens favorables qu'elle
987 4195 4239 4382 éprouve pour vous. Anna voulut fuir;
976 4453 4036 4634 mais Frédérique la retint par sa robe. Il
976 4705 4239 4892 se jeta à ses pieds; et, en lui couvrant les
965 4969 4239 5150 mains de baisers, il l'assura que tout son
960 5215 4025 5358 bonheur étoit attaché à être aimé d'elle.
949 5473 4025 5660 -- Nous ne ferons plus, dit-il, qu'une
927 5720 4036 5906 seule famille, et notre félicité sera inal-
938 5983 4025 6164 térable! Elle avoit attaché ses yeux sur
920 6224 4024 6421 lui; et il v pouvoit lire tout ce qui se
258 8043 1223 8254 -
