4266 8253
1541 902 2069 1075 ni.
-14 1181 3261 1443 passoit dans son cœur. -- Rompez donc
-14 1428 3261 1629 un silence qui m'afflige? ...... Craignez-
-13 1674 3262 1870 vous de me rendre trop heureux, en me
-12 1921 3305 2127 disant vous - même, belle Anna, que
-12 2165 2799 2363 vous partagez mes sentimens?....
2786 2175 3266 2304 Sa
-11 2402 3262 2626 timidité, sa joie lui avoient ôté l'usage
-11 2659 3278 2869 de la parole; elle ne pouvoit parler, mais
-10 2917 3277 3113 elle le força de se relever; et, en lui
-10 3168 3278 3403 prenant les mains à son tour, elle les lui
-9 3417 3277 3611 serra tendrement, en soupirant. Ce si-
-9 3608 3273 3864 lence, plus expressif mille fois que beau-
-8 3911 3272 4101 coup de paroles souvent mensongères,
-7 4162 3267 4352 remplit Frédérique de la joie la plus vive.
-7 4364 3273 4614 Il étoit touché de cette douce modestie,
-6 4666 3267 4841 et son cœur étoit enivré de délices. M.
-6 4916 3283 5105 de la Combe et mademoiselle de Saint-
-5 5124 3278 5350 Silvain entrèrent dans ce moment. Le
-5 5412 3278 5604 silence régnoit; mais les figures annon-
-5 5668 3282 5846 çoient tout ce qui se passoit dans les
-4 5895 3283 6097 ames. Madame Noriss contemploit avec
-3 6146 3288 6346 intérêt et attendrissement ces deux jeunes
