4266 8359
2220 871 2759 1050 i.
974 1142 4207 1333 amans. Anna, dont les traits étoient ani-
963 1410 4229 1595 més par le plus vif incarnat, regardoit
980 1665 4223 1850 Frédérique, et ses yeux étoient baignés
985 1916 4242 2046 des larmes de la modestie vaincue. Pour
984 2165 4263 2350 lui, tout son visage peignoit l'expression
990 2422 4229 2558 de l'amour heureux et satisfait. -- Fort
990 2672 4016 2852 bien, dit M. de la Combe; je suis con-
996 2928 4201 3107 tent de ce tableau. Il me dit que tout le
990 3189 4207 3363 monde ici est content; et moi je le suis
990 3445 4016 3624 aussi. Venez embrasser votre vieux père,
996 3695 4033 3880 ma bru, et défaites-vous de cet air anglais
996 3946 4212 4131 que je n'aime pas. Pourquoi renfermer
990 4201 4033 4386 dans son cœur un sentiment qu'il est
996 4457 4223 4642 si doux d'exprimer, quand on trouve son
1001 4713 4223 4854 bonheur à le sentir? Anna vint l'embras-
996 4963 4229 5143 ser; et, de là, fut se jeter dans les bras
996 5224 4049 5355 de Zabeth. Celle-ci la serra tendrement
1001 5475 4264 5660 contre son cœur. -- Je goûte, dit-elle,
1018 5725 4234 5910 une bien grande satisfaction, en pensant
996 5975 4049 6161 que deux êtres qui me sont si chers se-
1023 6226 4027 6400 ront heureux! -- Vous le serez aussi,
