4266 8253
2317 210 3273 305 - ---
42 289 338 370 -
1612 887 2149 1064 ls
70 1160 3418 1381 cette cruelle aventure. Madame Noriss,
21 1424 3332 1622 en s'en allant, disoit: Je parlerai à
80 1662 3626 1864 mon frère; j'ai du pouvoir sur son es-
63 1923 3325 2171 prit... Elle oublioit que tous ceux qui
80 2170 3331 2363 étoient là, avoient été témoins du ton
86 2424 2698 2612 avec lequel il la faisoit taire.
537 2681 3337 2859 Quand ces deux bizarres personnages
91 2875 3332 3101 furent en allés, madame Noriss témoi-
86 3181 3332 3412 gna tous ses regrets à M. de la Combe.
91 3412 3326 3616 Ce n'est rien, madame, dit le père;
86 3686 3342 3869 tant qu'il n'a injurié que sa famille,
365 3934 3353 4116 je ne me suis point arrogé le droit d'en
365 4186 3348 4369 prendre fait et cause; mais quand ses
371 4433 3353 4573 sottises s'adresseront à moi ou à mon
81 4686 3348 4906 pays, il m'est impossible, en homme
75 4922 3353 5110 d'honneur, de les supporter. -- Conso-
75 5186 3348 5358 lez-vous, dit-il à Anna qui fondoit en
70 5433 3353 5610 larmes; votre Frédérique vous sera con-
67 5669 3359 5852 servé; je me charge de tout; je suis
59 5922 3359 6099 accoutumé à me battre; cela fera ma
387 6169 3359 6357 vingt-troisième affaire, et je m'en suis
81 7942 339 8011 RE
