4266 8161
292 152 902 324 y----
909 1110 3905 1312 bien tiré; car vous voyez que je me
946 1360 3905 1536 porte bien? Morbleu, dit-il, en se frot-
946 1610 4150 1803 tant les mains, je ne serai pas fâché
940 1848 4150 2038 de coucher un coquin d'Anglais sur le
935 2099 4144 2301 carreau.... Je n'avois pas encore pensé
935 2349 4134 2561 à cette haine des deux nations. Eh bien,
935 2580 4134 2768 en vérité, je leur pardonne; car j'en
935 2843 3879 2981 sens autant dans le fond de mon cœur.
1100 3090 4134 3273 Il est impossible de rendre ce qui se
919 3337 4134 3517 passoit dans l'ame de ces trois malheu-
914 3592 3858 3762 reuses femmes; elles étoient désolées.
909 3836 3879 4012 Des femmes conçoivent difficilement ces
664 4065 4134 4267 sortes d'affaires; trop souvent l'homme
893 4336 3858 4516 le plus modéré se voit obligé d'en avoir.
903 4575 4129 4767 Messieurs de la Combe eurent toutes
898 4830 3858 5011 les peines imaginables à leur faire com-
893 5074 3852 5260 prendre que l'honneur les forçoit à de-
898 5324 3852 5505 mander raison d'une insulte qui n'avoit
893 5574 3847 5754 été que trop grave. Quand ils ſurent
887 5818 4170 6004 retirés le soir, le père et le fils discu-
886 6067 4128 6253 tèrent long tems à qui auroit l'avantage
