4266 8327
2299 211 3009 303 ---- - --
5 277 335 390 -
1507 916 2044 1090 r.
43 1198 3285 1420 d'être tué. Frédérique persuada son père,
49 1450 3280 1637 et sur-le champ écrivit un mot à John
53 1647 3290 2000 Wilton. M. de la Combe insista pour
64 1956 3284 2140 qu'il y eût un second, et qu'au moins
64 2133 3279 2417 il pût en être. Il écrivit de son côté, et
27 2429 3280 2652 demanda que la partie fût quarrée. Ils
5 2692 3275 2907 assignoient le rendez-vous pour le len-
1 2952 2868 3144 demain, à cinq heures du matin.
450 3215 3275 3345 Ils furent fort étonnés de recevoir de
22 3453 3275 3600 sir Joln ilton une lettre fort inso-
16 3725 3280 3898 lente en réponse à leur cartel. Il la ter-
16 3974 3280 4158 minoit en assurant qu'il ne vouloit point
21 4229 3275 4408 avoir affaire à des Français, qu'il les
15 4483 3274 4678 méprisoit trop pour cela; que, s'ils
15 4727 3269 4928 avoient envie de faire les spadassins,
10 4974 3263 5176 ils pouvoient retourner dans leur pays.
5 5243 3264 5421 La lecture de cet insolent écrit jeta mes-
13 5486 3264 5686 sieurs de la Combe dans la stupéfac-
12 5705 3367 5930 tion. Ils restèrent long tems sans pou-
86 5957 3252 6163 voir se parler, et se regardoient avec
1 6049 3425 6415 étonnement .... Le père rompit le pre-
