4266 8327
312 179 1672 326 -- -- - --- -- -- -- ---
2217 922 2732 1101 l
1025 1198 4223 1393 mier le silence; et, partant d'un éclat
1025 1442 4229 1650 de rire à fendre les nues: Comment!
1030 1691 4212 1898 ce sont là ces fiers Bretons? ...... Mais
1030 1946 4229 2131 ces gens-là ne sont donc bons qu'un
1025 2196 4240 2401 fouet à la main pour déchirer les flancs
1030 2450 4250 2635 d'un malheureux esclave qui leur amasse
1030 2667 4216 2879 leurs trésors à la sueur de son corps?
1030 2937 4218 3155 Ils sont insolens et plats comme tous
1030 3215 4240 3410 les gens qui aiment l'argent... -- Mon
873 3451 4229 3665 père, dit Frédérique, il ne faut pas
1030 3719 4240 3914 juger d'une nation sur un individu sans
1035 3968 4175 4147 honneur et sans foi. -- Non, mon ami,
1041 4223 4218 4422 ce n'est pas non plus ma façon de
1035 4453 4175 4671 penser pour le général; mais je crois
1034 4710 4179 4916 que, dans ce pays-ci, il y a plus de
1035 4963 4245 5151 fanfarons que de vrais braves: une na-
1041 5221 4223 5405 tion qui ne connoît que l'argent, et
1040 5469 4174 5654 qui y attache son principal bonheur,
1041 5720 4175 5916 n'est pas très-belliqueuse. Il peut y avoir
1046 5964 4259 6153 quelques êtres privilégiés; mais on doit
1041 6204 4017 6403 les compter. Frédérique avoit de la peine
