<PcGts xmlns="http://schema.primaresearch.org/PAGE/gts/pagecontent/2017-07-15" xmlns:xsi="http://www.w3.org/2001/XMLSchema-instance" xsi:schemaLocation="http://schema.primaresearch.org/PAGE/gts/pagecontent/2017-07-15 http://schema.primaresearch.org/PAGE/gts/pagecontent/2017-07-15/pagecontent.xsd"><Metadata><Creator>User123</Creator><Created>2020-10-13T21:44:17</Created><LastChange>2020-10-13T21:44:17</LastChange></Metadata><Page imageFilename="0159.png" imageHeight="8285" imageWidth="4266"><TextRegion id="r0" type="paragraph" orientation="0.125"><Coords points="1,1 4264,1 4264,8283 1,8283"/><TextLine id="r0_l001"><Coords points="140,247 139,246 138,246 137,245 136,245 134,244 134,241 134,240 19,241 18,240 16,240 15,239 15,228 15,228 11,228 10,227 10,224 10,224 5,224 4,223 4,215 5,215 15,215 15,214 15,209 16,209 48,209 48,208 48,204 49,204 85,203 85,203 85,200 86,199 101,199 101,199 101,194 102,193 118,193 118,193 118,189 119,188 134,188 134,189 134,193 135,194 135,199 136,199 323,199 323,198 323,174 324,174 328,174 329,173 339,173 339,173 339,198 340,199 447,199 447,199 447,204 447,205 151,205 150,206 150,247 150,247"/><TextEquiv index="1"><Unicode></Unicode></TextEquiv></TextLine><TextLine id="r0_l002"><Coords points="31,420 31,419 31,366 30,366 26,366 26,365 26,328 25,328 21,328 21,327 21,285 20,285 15,285 15,284 15,269 14,269 10,269 10,268 10,258 9,258 4,258 4,257 4,248 4,247 4,243 5,243 10,243 11,242 15,242 16,241 18,241 20,243 20,245 21,246 22,246 24,248 149,247 150,248 150,313 150,313 154,313 155,314 155,326 155,326 262,326 263,327 263,328 262,328 155,328 155,329 155,333 154,333 128,333 128,334 128,344 127,344 37,345 37,345 37,359 36,360 36,419 35,420"/><TextEquiv index="1"><Unicode></Unicode></TextEquiv></TextLine><TextLine id="r0_l003"><Coords points="1509,913 2043,912 2044,1094 1510,1095"/><TextEquiv index="1"><Unicode>i.</Unicode></TextEquiv></TextLine><TextLine id="r0_l004"><Coords points="21,1207 3241,1200 3242,1400 22,1407"/><TextEquiv index="1"><Unicode>à revenir de sa surprise; il laissa cou-</Unicode></TextEquiv></TextLine><TextLine id="r0_l005"><Coords points="16,1459 3253,1452 3253,1656 16,1663"/><TextEquiv index="1"><Unicode>cher son père, et fut voir si réellement</Unicode></TextEquiv></TextLine><TextLine id="r0_l006"><Coords points="10,1714 3252,1707 3253,1910 11,1917"/><TextEquiv index="1"><Unicode>c'étoit le dernier mot de sir Wilton,</Unicode></TextEquiv></TextLine><TextLine id="r0_l007"><Coords points="69,2286 69,2286 69,2241 68,2240 64,2241 64,2240 63,2049 63,2049 43,2049 42,2048 42,2038 43,2038 69,2037 69,2037 69,1967 70,1966 73,1966 73,1967 73,1969 74,1969 1455,1966 1455,1966 1455,1963 1456,1962 1628,1962 1629,1963 2135,1962 2136,1963 2502,1962 2502,1963 2502,1968 2503,1968 2507,1968 2508,1969 3003,1968 3003,1969 3003,1995 3004,1995 3171,1995 3171,1995 3171,1999 3172,2000 3176,2000 3176,2000 3176,2015 3177,2016 3192,2016 3192,2016 3192,2059 3193,2060 3241,2060 3241,2060 3241,2064 3242,2065 3246,2065 3246,2065 3246,2073 3245,2074 3245,2075 3245,2076 3241,2076 3240,2076 3241,2085 3240,2086 3230,2086 3230,2086 3230,2091 3229,2092 3117,2092 3116,2091 2696,2092 2695,2091 2146,2092 2145,2091 1450,2092 1449,2091 622,2093 538,2093 538,2094 538,2097 537,2097 85,2098 85,2099 85,2242 84,2243 84,2271 83,2272 83,2275 82,2276 82,2281 81,2281 79,2281 79,2282 79,2286 78,2286"/><TextEquiv index="1"><Unicode>et s'il étoit décidé à refuser le combat.</Unicode></TextEquiv></TextLine><TextLine id="r0_l008"><Coords points="76,2406 75,2406 75,2352 75,2351 70,2351 69,2351 69,2336 70,2335 75,2335 75,2335 75,2300 75,2299 262,2299 263,2299 263,2255 263,2254 268,2254 269,2254 269,2244 269,2243 273,2243 274,2243 274,2239 274,2238 278,2238 279,2238 279,2233 279,2232 289,2232 290,2232 290,2228 290,2227 958,2226 959,2225 959,2221 959,2221 969,2221 970,2221 970,2231 970,2232 974,2232 975,2232 975,2270 975,2271 1837,2269 1838,2268 1838,2254 1838,2254 2619,2252 2620,2251 2620,2221 2620,2221 2625,2221 2626,2220 2626,2216 2626,2216 2641,2216 2642,2217 3240,2216 3241,2216 3241,2220 3241,2221 3245,2221 3246,2221 3246,2285 3246,2286 3251,2286 3252,2286 3252,2328 3253,2329 3262,2329 3262,2329 3262,2344 3262,2345 2303,2347 2302,2347 2302,2393 2302,2394 2282,2394 2281,2394 2281,2398 2281,2399 2271,2399 2270,2398 825,2401 824,2401 824,2404 824,2405"/><TextEquiv index="1"><Unicode>Sa surprise augmenta, quand on lui</Unicode></TextEquiv></TextLine><TextLine id="r0_l009"><Coords points="1450,2653 1450,2653 1450,2652 1449,2651 609,2653 609,2653 609,2628 608,2627 83,2628 82,2627 80,2627 79,2626 75,2626 75,2626 75,2564 74,2563 70,2563 70,2563 70,2561 69,2560 69,2550 69,2549 79,2549 80,2549 80,2541 80,2540 278,2540 279,2540 278,2539 279,2538 279,2535 280,2534 285,2534 285,2534 285,2530 286,2529 296,2529 296,2529 296,2476 297,2475 382,2475 383,2476 884,2475 885,2476 1941,2473 1941,2473 1941,2470 1942,2469 2259,2469 2259,2469 2259,2474 2260,2475 2264,2475 2264,2475 2264,2476 2265,2477 2890,2475 2890,2476 2890,2523 2891,2523 3041,2523 3041,2523 3041,2455 3042,2454 3042,2455 3042,2523 3043,2523 3241,2523 3241,2523 3241,2528 3242,2529 3246,2529 3246,2529 3246,2533 3247,2534 3251,2534 3251,2534 3252,2539 3252,2540 3256,2540 3257,2540 3257,2582 3256,2583 3252,2583 3252,2583 3252,2587 3251,2588 3246,2588 3246,2588 3246,2593 3245,2594 3235,2594 3235,2594 3235,2598 3234,2599 2097,2601 2097,2602 2097,2647 2096,2647 1493,2648 1493,2649 1493,2653 1492,2653"/><TextEquiv index="1"><Unicode>dit qu'il étoit parti depuis une heure</Unicode></TextEquiv></TextLine><TextLine id="r0_l010"><Coords points="1926,2911 1925,2911 1925,2847 1925,2846 1742,2847 1741,2846 313,2849 312,2849 312,2895 312,2896 291,2896 290,2897 290,2901 290,2901 270,2901 269,2901 269,2897 269,2896 264,2896 263,2896 263,2809 263,2808 59,2809 58,2808 58,2804 59,2804 64,2804 64,2803 64,2798 65,2798 263,2797 263,2797 263,2778 264,2777 269,2777 269,2777 269,2775 269,2774 86,2774 85,2774 85,2773 86,2772 1218,2770 1218,2769 1218,2723 1218,2723 1643,2722 1644,2722 1644,2719 1644,2718 1659,2718 1660,2719 1972,2718 1973,2719 2663,2718 2664,2719 3159,2718 3160,2718 3160,2722 3160,2723 3164,2723 3165,2723 3165,2771 3166,2772 3241,2772 3241,2772 3241,2792 3242,2793 3246,2793 3246,2793 3246,2824 3247,2825 3257,2825 3257,2825 3257,2830 3258,2831 3262,2831 3262,2831 3262,2846 3262,2847 3253,2847 3252,2847 3252,2851 3252,2852 3231,2852 3230,2851 3230,2847 3230,2847 3118,2847 3117,2846 2373,2847 2372,2846 2093,2847 2092,2846 1936,2846 1935,2847 1935,2911 1935,2911"/><TextEquiv index="1"><Unicode>pour se rendre à Londres. Il demanda</Unicode></TextEquiv></TextLine><TextLine id="r0_l011"><Coords points="80,3224 80,3224 80,3091 79,3090 75,3090 75,3090 75,3068 74,3067 37,3068 37,3067 37,3059 38,3058 262,3057 263,3057 263,3031 263,3030 268,3030 269,3030 269,3026 269,3025 273,3025 274,3025 274,3021 274,3020 289,3020 290,3020 290,3015 290,3014 328,3014 329,3013 328,2976 329,2976 333,2976 333,2975 333,2971 334,2971 457,2971 457,2971 457,2972 458,2973 1373,2971 1373,2970 1373,2966 1374,2966 1374,2966 1374,2967 1375,2968 1925,2966 1925,2966 1925,2912 1926,2911 1935,2911 1935,2912 1935,2966 1936,2966 2275,2966 2276,2967 2523,2966 2524,2967 2982,2966 2982,2967 2982,2971 2983,2971 3041,2971 3041,2972 3042,3014 3042,3014 3251,3014 3252,3014 3252,3019 3252,3020 3256,3020 3257,3020 3257,3029 3256,3030 3252,3030 3252,3030 3252,3035 3251,3036 3241,3036 3241,3036 3241,3040 3240,3041 3235,3041 3235,3041 3235,3062 3234,3063 3230,3063 3230,3063 3230,3073 3229,3074 3225,3074 3225,3074 3225,3094 3224,3095 3219,3095 3219,3095 3219,3105 3218,3106 3214,3106 3214,3106 3214,3127 3213,3128 3208,3128 3208,3128 3208,3137 3207,3138 3203,3138 3203,3138 3203,3143 3202,3144 3176,3144 3175,3143 2766,3144 2766,3143 2766,3095 2765,3095 2567,3095 2566,3094 2097,3095 2096,3094 835,3097 835,3097 835,3100 834,3101 630,3101 630,3102 630,3106 629,3106 625,3106 625,3107 625,3122 624,3122 619,3122 619,3123 619,3138 618,3138 614,3138 614,3139 614,3144 613,3144 609,3144 609,3145 609,3149 608,3149 603,3149 603,3150 603,3154 602,3154 90,3155 90,3156 90,3224 89,3224"/><TextEquiv index="1"><Unicode>s'il y avoit loin? On lui dit qu'il y</Unicode></TextEquiv></TextLine><TextLine id="r0_l012"><Coords points="81,3421 80,3421 80,3225 80,3224 1767,3221 1768,3220 1768,3219 1768,3219 1778,3219 1779,3219 1779,3220 1779,3221 2797,3219 2798,3220 3180,3219 3181,3219 3181,3251 3182,3252 3235,3252 3235,3252 3235,3267 3236,3268 3257,3268 3257,3268 3257,3272 3258,3273 3262,3273 3262,3273 3262,3277 3262,3278 3258,3278 3257,3278 3257,3337 3257,3338 3253,3338 3252,3338 3252,3342 3252,3343 3107,3343 3106,3343 3106,3348 3106,3349 2573,3350 2572,3351 2572,3392 2572,3392 2568,3392 2567,3393 2567,3397 2567,3397 901,3401 900,3401 900,3402 900,3403 90,3404 89,3405 89,3421 89,3421"/><TextEquiv index="1"><Unicode>avoit sept milles; il pensa qu'il étoit</Unicode></TextEquiv></TextLine><TextLine id="r0_l013"><Coords points="31,3444 3257,3437 3257,3665 31,3672"/><TextEquiv index="1"><Unicode>trop tard pour se mettre sur les traces</Unicode></TextEquiv></TextLine><TextLine id="r0_l014"><Coords points="80,3718 3253,3711 3253,3909 80,3916"/><TextEquiv index="1"><Unicode>de Wilton, et rentra se mettre au lit.</Unicode></TextEquiv></TextLine><TextLine id="r0_l015"><Coords points="3215,4142 3214,4141 3214,4098 3213,4098 2944,4098 2943,4097 1606,4100 1606,4101 1606,4109 1605,4109 1601,4109 1601,4110 1601,4120 1600,4120 1596,4120 1596,4121 1596,4131 1595,4131 1590,4131 1590,4132 1590,4136 1589,4136 1585,4136 1585,4137 1585,4142 1585,4142 1575,4142 1574,4142 1574,4104 1573,4103 1094,4104 1094,4104 1094,4099 1093,4098 1008,4098 1007,4097 582,4098 581,4097 436,4098 436,4097 436,4082 436,4082 440,4082 441,4081 441,3974 441,3974 505,3974 506,3975 791,3974 792,3975 1411,3974 1412,3974 1412,3975 1412,3976 2096,3974 2097,3975 2668,3974 2669,3975 3013,3974 3014,3975 3014,3980 3014,3980 3137,3980 3138,3980 3138,4033 3138,4034 3143,4034 3144,4034 3144,4044 3144,4045 3148,4045 3149,4045 3149,4054 3148,4055 3144,4055 3144,4055 3144,4065 3144,4066 3240,4066 3241,4066 3241,4070 3241,4071 3245,4071 3246,4071 3246,4076 3246,4077 3251,4077 3252,4077 3252,4113 3251,4114 3246,4114 3246,4114 3246,4119 3245,4120 3241,4120 3241,4120 3241,4124 3240,4125 3235,4125 3235,4125 3235,4135 3234,4136 3225,4136 3225,4136 3225,4141 3225,4142"/><TextEquiv index="1"><Unicode>Le lendemain, à l'heure du thé,</Unicode></TextEquiv></TextLine><TextLine id="r0_l016"><Coords points="22,4180 3258,4173 3258,4410 22,4417"/><TextEquiv index="1"><Unicode>M. de la Combe conta à ces dames</Unicode></TextEquiv></TextLine><TextLine id="r0_l017"><Coords points="31,4417 3262,4410 3263,4669 32,4676"/><TextEquiv index="1"><Unicode>l'aventure de la veille. Il ne pouvoit</Unicode></TextEquiv></TextLine><TextLine id="r0_l018"><Coords points="10,4712 3258,4705 3258,4920 10,4927"/><TextEquiv index="1"><Unicode>s'empêcher d'en rire; et sa gaieté se</Unicode></TextEquiv></TextLine><TextLine id="r0_l019"><Coords points="1807,5156 1806,5155 1806,5149 1806,5149 1014,5150 1013,5150 1013,5128 1013,5127 81,5129 80,5129 80,5124 80,5123 79,5123 78,5123 78,5119 78,5118 76,5118 75,5118 75,5096 75,5095 22,5096 21,5095 21,5094 22,5094 25,5094 25,5093 25,5091 26,5090 26,5032 26,5032 77,5031 78,5031 78,4962 78,4961 79,4961 80,4961 80,4960 80,4959 489,4959 490,4958 490,4956 490,4956 505,4956 506,4956 506,4972 506,4973 947,4972 948,4972 948,4974 948,4975 2053,4972 2054,4973 2593,4972 2594,4972 2594,4977 2594,4978 2803,4978 2804,4978 2804,4982 2804,4983 2808,4983 2809,4984 3110,4983 3111,4983 3111,4987 3111,4988 3121,4988 3122,4988 3122,4993 3122,4994 3127,4994 3128,4994 3128,4998 3128,4999 3132,4999 3133,4999 3133,5004 3133,5005 3137,5005 3138,5005 3138,5014 3138,5015 3143,5015 3144,5015 3144,5031 3144,5032 3240,5032 3241,5032 3241,5079 3242,5080 3246,5080 3246,5080 3246,5085 3247,5086 3252,5086 3252,5086 3252,5090 3253,5091 3257,5091 3257,5091 3257,5101 3257,5102 3253,5102 3252,5102 3252,5106 3252,5107 1856,5110 1855,5110 1855,5149 1855,5150 1850,5150 1849,5150 1849,5155 1849,5156"/><TextEquiv index="1"><Unicode>communiqua à la petite société. On</Unicode></TextEquiv></TextLine><TextLine id="r0_l020"><Coords points="75,5419 75,5419 75,5344 74,5343 21,5344 21,5343 21,5334 21,5334 74,5333 75,5333 74,5289 75,5288 75,5275 76,5274 328,5274 328,5273 328,5237 329,5237 333,5237 333,5236 333,5231 334,5231 414,5231 414,5230 414,5226 415,5226 420,5226 421,5227 614,5226 615,5227 1250,5226 1250,5226 1250,5230 1251,5231 1256,5231 1257,5232 1542,5231 1542,5232 1542,5237 1543,5237 1547,5237 1547,5238 1547,5247 1548,5247 1552,5247 1552,5248 1552,5270 1553,5270 1919,5269 1919,5270 1919,5274 1920,5274 2917,5272 2917,5272 2917,5259 2918,5258 2976,5258 2976,5258 2976,5232 2977,5231 2982,5231 2982,5231 2982,5227 2983,5226 2987,5226 2987,5227 2987,5231 2988,5231 3165,5231 3165,5231 3165,5236 3166,5237 3171,5237 3171,5237 3171,5279 3172,5280 3235,5280 3235,5280 3235,5284 3236,5285 3245,5285 3245,5285 3246,5295 3246,5296 3251,5296 3252,5296 3252,5306 3252,5307 3256,5307 3257,5307 3257,5316 3256,5317 3252,5317 3252,5317 3252,5343 3251,5344 3246,5344 3246,5344 3246,5349 3245,5350 3235,5350 3235,5350 3235,5354 3234,5355 3208,5355 3207,5354 1763,5357 1763,5357 1763,5403 1762,5404 1714,5404 1714,5403 1714,5398 1713,5398 1709,5398 1709,5397 1709,5393 1709,5393 1713,5393 1714,5392 1714,5354 1713,5354 1294,5355 1293,5354 81,5356 81,5357 81,5419 80,5419"/><TextEquiv index="1"><Unicode>s'étoit attendu à passer une matinée</Unicode></TextEquiv></TextLine><TextLine id="r0_l021"><Coords points="15,5475 3257,5468 3258,5663 16,5670"/><TextEquiv index="1"><Unicode>dans les plus vives alarmes; et l'on</Unicode></TextEquiv></TextLine><TextLine id="r0_l022"><Coords points="21,5715 3252,5708 3252,5910 21,5917"/><TextEquiv index="1"><Unicode>étoit tout content de ce que cela s'étoit</Unicode></TextEquiv></TextLine><TextLine id="r0_l023"><Coords points="64,5939 3241,5932 3242,6162 65,6169"/><TextEquiv index="1"><Unicode>terminé aussi heureusement. -- Eh bien!</Unicode></TextEquiv></TextLine><TextLine id="r0_l024"><Coords points="2216,6407 2216,6406 2216,6364 2215,6364 2016,6364 2016,6364 2016,6360 2015,6359 1935,6359 1934,6358 1520,6359 1520,6359 1520,6354 1519,6353 1453,6353 1452,6352 1191,6353 1190,6352 68,6355 68,6355 68,6403 67,6404 58,6404 58,6403 58,6356 58,6356 63,6356 64,6355 64,6219 64,6219 70,6219 71,6218 73,6217 74,6218 73,6219 73,6224 73,6224 381,6224 382,6225 581,6224 582,6225 582,6229 582,6229 964,6229 965,6230 1452,6228 1453,6229 1773,6229 1774,6229 1774,6233 1774,6234 1789,6234 1790,6235 2059,6234 2060,6235 2733,6234 2734,6234 2734,6278 2734,6279 2949,6278 2950,6279 2950,6283 2950,6283 3234,6283 3235,6283 3235,6287 3235,6288 3240,6288 3241,6288 3241,6298 3241,6299 3245,6299 3246,6299 3246,6331 3246,6332 3251,6332 3252,6332 3252,6336 3251,6337 3246,6337 3246,6337 3246,6341 3245,6342 3241,6342 3241,6342 3241,6347 3240,6348 3235,6348 3235,6348 3235,6352 3234,6353 3225,6353 3225,6353 3225,6358 3224,6359 2509,6360 2509,6361 2509,6364 2508,6364 2259,6365 2259,6365 2259,6374 2258,6375 2254,6375 2254,6375 2254,6390 2253,6391 2248,6391 2248,6391 2248,6401 2247,6402 2243,6402 2243,6402 2243,6406 2242,6407"/><TextEquiv index="1"><Unicode>disoit M. de la Combe, cet homme</Unicode></TextEquiv></TextLine></TextRegion></Page></PcGts>