4266 8391
1426 989 1978 1169 C.
32 1283 3228 1419 les oreilles de cet homme? Elles n'en
45 1535 3218 1721 valent pas la peine. Nous le reverrons;
169 1792 3404 1978 il sera toujours tems de les lui ôter de
169 2049 3223 2234 la tête; laisse-lui encore cet ornement
54 2310 3217 2496 pendant quelque tems. Occupons-nous,
48 2567 3211 2752 puisque nous voilà quittes de ce butor,
54 2823 3206 3004 du bonheur de mon intéressante pupile;
1 3076 3343 3256 cela vaudra beaucoup mieux. Il se con-
55 3327 3174 3502 certa avec madame Noriss, et il fut
169 3578 3207 3764 décidé qu'Anna écriroit à son cousin
113 3834 3211 4020 que sa mère étoit très-mal, et le deman-
113 4097 3212 4278 doit sans délais. On ne communiqua
1 4342 3189 4533 pas cela à mademoiselle de Saint-Silvain;
26 4599 3206 4779 elle s'y seroit opposée de tout son pou-
103 4851 3207 5031 voir. Elle nourrissoit toujours dans son
98 5103 3201 5283 cœur l'amour le plus malheureux; mais
43 5336 3189 5528 par fierté elle n'en vouloit pas convenir.
38 5600 3190 5780 Sa tristesse alloit toujours en croissant;
158 5851 3196 6037 le seul plaisir qu'elle éprouvoit étoit
164 6108 3190 6293 d'aller dans la forêt de Wapping, et
164 6348 3190 6545 de s'asseoir au pied de l'arbre où elle
