4266 8222
1370 969 1911 1146 ir.
171 1242 3132 1424 de John Wilton. Bon, dit M. de la
166 1504 3142 1676 Combe, dans un moment où il étoit
155 1732 3346 1933 ivre de punch, le courage lui est venu.
155 1997 3137 2184 Partons sans délai, pour tâcher de le
161 2243 3121 2436 trouver digne de porter le nom d'homme.
155 2495 3137 2687 Il demanda sa voiture, prit ses armes
154 2756 3131 2933 pour lui et son fils, et ils partirent
150 2993 3126 3180 sans dire à madame Noriss le sujet de
150 3255 1087 3437 leur voyage.
321 3496 3110 3678 Ce jour-là, Zabeth fut à la prome-
150 3747 3121 3929 nade avec Anna, dans la forêt de Wap-
154 3987 3125 4180 ping. Frédérique avoit coutume de les
150 4235 3116 4433 accompagner; mais il ne put y aller,
144 4496 3120 4678 puisqu'il se rendoit avec son père à l'in-
150 4727 3116 4920 vitation qu'ils avoient reçue. A peine
145 4984 3121 5186 ces deux aimables filles furent-elles dans
145 5231 3121 5418 l'épaisseur du bois, que quatre hommes
145 5477 3110 5664 masqués se présentèrent à elles: ils se
145 5723 3116 5899 jetèrent sur mademoiselle de Saint-Sil-
145 5953 3110 6151 vain, la mirent dans une voiture qui
145 6210 3100 6397 étoit près de là; et, malgré ses cris,
