4266 8391
2284 956 2819 1131 le
1043 1240 4245 1426 l'emmenèrent au plus vîte. La pauvre
1038 1491 4245 1677 Anna en poussoit de violens, mais en
736 1743 4245 1928 vain: personne ne se présentoit pour
1049 1999 4250 2136 aller au secours de son amie. Elle re-
1043 2256 4092 2442 vint chez sa tante toujours courant:
1060 2518 4250 2699 elle arriva toute pautelante, sans pou-
1076 2764 4256 2950 voir proférer une parole. A peine en-
1076 3021 4114 3207 trée, elle se jeta sur un siége, et y perdit
1065 3272 4119 3453 l'usage de ses sens. Madame Noriss ne
1071 3529 4114 3715 voyoit plus Zabeth, et ne pouvoit ima-
1071 3775 4130 3966 giner d'où venoit l'effroi qu'on lisoit sur
1043 4037 4125 4223 le visage d'Anna, malgré qu'elle ſût pri-
1071 4289 4119 4474 vée de sa connoissance. Après bien des
1065 4545 4119 4726 soins, elle revint à elle, mais pour pous-
1065 4797 4125 4933 ser de nouveaux cris. Sa tante lui de-
1071 5053 4125 5235 mandoit ce qu'elle avoit? où étoit Za-
1071 5310 4125 5485 beth? -- Ah! ... Zabeth!.... elle est per-
1071 5567 4130 5709 due!.... Pauvre Zabeth!... Oh!... nous
1076 5818 4114 6009 ne la reverrons plus!.... mon oncle....
798 6069 4130 6282 On ne pouvoit rien tirer d'elle que des
1082 6321 4119 6528 plaintes sans suite, et qui ne donnoient
