4266 8161
1111 1169 4264 1355 barbare et tyrannique, qui est capable
1111 1419 1716 1546 de tout!
1238 1631 2620 1791 Note de l'Editeur.
1286 1913 4264 2083 Zabeth peut fonir de sages réſlexions.
1105 2163 4192 2327 Il est certain qu'un être de plus ou de
1105 2407 4256 2566 moins, introduit dans le sein d'une fa-
1100 2641 4245 2833 mille, en change toute l'harmonie. Sans
1095 2896 4192 3086 la Dupuis et sir John Wilton, cette his-
1089 3146 4203 3334 toire n'auroit pas en lieu, et nous serions
1063 3395 4224 3565 privés de l'avantage de la mettre sous les
1068 3640 2524 3768 veux de nos lectenrs.
1265 3873 4224 4049 Quand madame Noriss eut donné les
1084 4134 4192 4314 premiers momens aux regrets de ce qui
1079 4365 4208 4516 venoit d'arriver à mademoiselle de Saint-
802 4601 4204 4819 Silvain, elle envoya prier sa belle-mère
1079 4878 4235 5058 de se donner la peine de passer chez
1079 5122 4214 5297 elle. Elle arriva aussi-tôt, et sa bru lui
1079 5377 4219 5563 conta l'indigne procédé de son frère.
1068 5622 4176 5802 -- Mais il n'est pas possible, ma fille;
1068 5866 4222 6047 voilà huit jours qu'il est retourné à Lon-
1047 6121 4235 6318 dres pour des affaires très-essentielles.
