4266 8130
1408 895 1937 1075 6
217 1180 3155 1360 John est brusque, mais il n'est pas mé-
21 1429 3261 1604 chant. -- Non, dit Anna, qui étoit dé-
16 1673 3160 1847 solée de la perte de son amie; il n'est
17 1911 3155 2091 pas méchant avec les hommes, mais il
37 2160 3160 2340 l'est avec les femmes, parce qu'elles ne
42 2409 3160 2603 peuvent pas.... -- Taisez-vous, ma chère
21 2657 3155 2832 Anna, dit sa tante: que veut donc dire
48 2890 3144 3076 cette petite fille? -- Rien, madame:
48 3144 3160 3324 écoutez-moi, et permettez que je vous
42 3383 3160 3563 reprécente ce qui peut arriver d'un pa-
58 3637 3160 3827 reil attentat. Mademoiselle de Saint-Sil-
48 3880 3160 4060 vain a des amis qui prendront fait et cause
26 4129 3155 4304 de ce rapt. M. de Wilton risque un pro-
42 4373 3155 4547 cès criminel, si toutefois il ne perd pas
53 4616 3160 4791 la vie; car on le rejoindra tôt ou tard;
69 4854 3160 5045 et, quoiqu'il n'aime pas à se battre
74 5108 3176 5283 avec un Français, il faudra qu'il fasse
69 5352 3166 5548 raison de la violence qu'il exerce sur
16 5601 3208 5775 une fille qui est d'une naissance distin-
32 5849 3160 6029 guée. -- Mais, en vérité, je ne vous
42 6098 3160 6299 comprends pas: ma fille: est-on sûr que
