4266 8100
1435 917 1962 1092 i6.
-14 1194 3180 1425 cœur! Pauvre Zabeth!... La tante et la
-13 1441 3184 1671 nièce ne purent dire autre chose de la
-13 1687 3195 1945 journée. A chaque instant un soupir
-13 1940 3195 2158 se faisoit entendre, accompagné de ce
-12 2188 1840 2361 mot: Pauvre Zabeth!
-11 2430 3200 2736 M. de la Combe revint de Londres
-11 2678 3200 2988 avec son fils, l'un et l'autre très-bien
-10 2921 3206 3178 portans. Le père étoit dans une joyeuse
-10 3162 3211 3376 colère contre ce Wilton; mais le fils
-9 3389 3212 3611 étoit rêveur. D'un caractère plus froid
-8 3639 3222 3845 que son père, il étoit moins pressé de
-8 3891 3216 4100 se battre; mais une fois offensé, cela
-8 4099 3337 4351 le touchoit profondément. Il se regar-
-7 4389 3217 4596 doit comme joué, et nourrissoit dans
-6 4636 3217 4846 son cœur le vif desir d'en tirer ven-
-6 4871 3216 5130 geance. La pétulance de l'un et le froid
-6 5108 3216 5318 de l'autre, les empêchèrent de remar-
-3 5373 3216 5566 quer l'état dans lequel étoient madame
-5 5567 3211 5795 Noriss et Anna. L'absence de mademoi-
-4 5844 3216 6039 selle de Saint-Silvain ne les frappa pas.
-3 6042 3497 6271 Comme sa tristesse lui faisoit aimer
564 6387 712 6461 .
