4266 8222
2263 925 2800 1103 io.
1054 1192 4251 1380 la solitude, ils la crurent retirée dans
1043 1443 4251 1640 sa chambre. -- Que je vous conte, dit
908 1659 4004 1895 M. de la Combe, que je vous conte,
1038 1947 4235 2136 madame, le trait de votre oncle! Le
1027 2203 4261 2402 plat personnage!... Voilà le billet qu'il
1022 2447 3978 2629 nous écrit.... Nous partons à la hâte...
1022 2687 4256 2886 nous croyons qu'il est enfin revenu à
1022 2922 3988 3084 des sentimens d'honneur.... nous n'a-
1022 3187 3983 3398 vons trouvé personne.... on ne l'a pas
1016 3424 3983 3620 même vu à Londres depuis huit jours
1011 3659 3972 3878 qu'il est parti d'ici. Oh! je jure, sur
1011 3923 3983 4109 mon honneur, que, par-tout où je le
1011 4163 4240 4358 trouverai, je le vilipendrai d'impor-
1000 4411 3967 4604 tance, et je lui casserai mon épée sur
994 4653 3972 4861 la figure. -- Je crois, monsieur, que
1000 4899 3962 5098 vous ne l'avez pas trouvé. Pendant qu'il
995 5150 3962 5352 vous éloignoit d'ici, il consommoit sur
989 5398 3967 5601 la pauvre Zabeth le plus noir attentat....
989 5647 3940 5806 il l'a enlevée.... -- Enlevée! .... dirent à-
984 5896 3940 6079 la-ſois M.rs de la Combe! Ah, madame!
979 6140 3940 6317 éclaircissez - nous cela! Madame No-
