4266 8285
2206 879 2735 1057 IHà
939 1165 3916 1349 crainte de la perdre lui donna des ailes.
928 1419 3932 1602 Elle prenoit un peu de repos quand
928 1667 4197 1850 Anna arriva près de son lit, en courant
933 1920 3938 2104 et en criant: Ma tante! ma tante! c'est
933 2127 4197 2336 mon cousin! c'est Enneric! -- Ah, ciel!
939 2422 4197 2615 c'est vous, mon fils! lui dit-elle d'une
949 2643 4264 2859 voix foible. Je vous revois donc après
928 2913 4245 3091 une année d'absence et d'oubli? -- Croyez,
707 3155 4202 3334 ma tendre mère, que jamais l'oubli n'est
933 3409 3938 3582 entré dans mon cœur! -- Mon ami, je
734 3635 3938 3835 n'ai point envie de vous faire des repro-
928 3900 3943 4089 ches. Vous n'en entendrez pas sortir de la
928 4159 3932 4342 bouche d'une mère qui n'a jamais cessé
922 4407 3932 4590 de vous aimer, et qui est prête à oublier
928 4660 3932 4844 tous vos égaremens, si votre ame est ou-
933 4909 4218 5092 verte au repentir. Je n'ai qu'une question
938 5139 3942 5352 à vous faire, et vous prie de m'y répon-
939 5405 4224 5540 dre franchement. Avez-vous été heureux?
933 5653 3943 5842 Votre cœur ne s'est-il jamais fait le moin-
933 5912 3943 6090 dre reproche? .... -- Ma mère..... -- Ré-
944 6139 4148 6343 pondez-moi, mon fils? ..... -- Je serois
