<PcGts xmlns="http://schema.primaresearch.org/PAGE/gts/pagecontent/2017-07-15" xmlns:xsi="http://www.w3.org/2001/XMLSchema-instance" xsi:schemaLocation="http://schema.primaresearch.org/PAGE/gts/pagecontent/2017-07-15 http://schema.primaresearch.org/PAGE/gts/pagecontent/2017-07-15/pagecontent.xsd"><Metadata><Creator>User123</Creator><Created>2020-10-13T21:44:13</Created><LastChange>2020-10-13T21:44:13</LastChange></Metadata><Page imageFilename="0177.png" imageHeight="8090" imageWidth="4266"><TextRegion id="r0" type="paragraph" orientation="-0.0"><Coords points="1,1 4264,1 4264,8088 1,8088"/><TextLine id="r0_l001"><Coords points="1570,838 2091,838 2091,1011 1570,1011"/><TextEquiv index="1"><Unicode>ne</Unicode></TextEquiv></TextLine><TextLine id="r0_l002"><Coords points="358,1127 3319,1127 3319,1306 358,1306"/><TextEquiv index="1"><Unicode>nuit va me paroître longue! Que je suis</Unicode></TextEquiv></TextLine><TextLine id="r0_l003"><Coords points="353,1370 3313,1370 3313,1554 353,1554"/><TextEquiv index="1"><Unicode>impatiente de voir la figure que fera mon</Unicode></TextEquiv></TextLine><TextLine id="r0_l004"><Coords points="363,1617 3324,1617 3324,1796 363,1796"/><TextEquiv index="1"><Unicode>cousin!... Tout en se parlant ainsi, elle</Unicode></TextEquiv></TextLine><TextLine id="r0_l005"><Coords points="358,1865 1327,1865 1327,2002 358,2002"/><TextEquiv index="1"><Unicode>se rendormit.</Unicode></TextEquiv></TextLine><TextLine id="r0_l006"><Coords points="532,2112 3313,2112 3313,2286 532,2286"/><TextEquiv index="1"><Unicode>Mais le lendemain, de bonne heure,</Unicode></TextEquiv></TextLine><TextLine id="r0_l007"><Coords points="58,2349 3324,2349 3324,2534 58,2534"/><TextEquiv index="1"><Unicode>elle étoit debout. Elle fut frapper à la</Unicode></TextEquiv></TextLine><TextLine id="r0_l008"><Coords points="58,2602 3587,2602 3587,2842 58,2842"/><TextEquiv index="1"><Unicode>porte de Noriss. -- Mon cousin, dormez-</Unicode></TextEquiv></TextLine><TextLine id="r0_l009"><Coords points="63,2855 3324,2855 3324,3034 63,3034"/><TextEquiv index="1"><Unicode>vous? -- Non, dit-il; je n'ai pas dormi</Unicode></TextEquiv></TextLine><TextLine id="r0_l010"><Coords points="68,3103 3319,3103 3319,3282 68,3282"/><TextEquiv index="1"><Unicode>de la nuit. -- Mais vraiment vos yeux</Unicode></TextEquiv></TextLine><TextLine id="r0_l011"><Coords points="68,3350 3329,3350 3329,3586 68,3586"/><TextEquiv index="1"><Unicode>sont gros.... Est-ce que vous avez pleuré?</Unicode></TextEquiv></TextLine><TextLine id="r0_l012"><Coords points="68,3587 3319,3587 3319,3777 68,3777"/><TextEquiv index="1"><Unicode>-- Non, mais je n'ai pas dormi. Com-</Unicode></TextEquiv></TextLine><TextLine id="r0_l013"><Coords points="74,3840 3324,3840 3324,4019 74,4019"/><TextEquiv index="1"><Unicode>ment se porte ma mère? -- Je ne l'ai pas</Unicode></TextEquiv></TextLine><TextLine id="r0_l014"><Coords points="74,4088 3319,4088 3319,4277 74,4277"/><TextEquiv index="1"><Unicode>encore vue. -- Elle a donc eu bien des</Unicode></TextEquiv></TextLine><TextLine id="r0_l015"><Coords points="79,4330 3329,4330 3329,4509 79,4509"/><TextEquiv index="1"><Unicode>chagrins? .... -- Oh! beaucoup! On a cru</Unicode></TextEquiv></TextLine><TextLine id="r0_l016"><Coords points="2112,4745 2111,4745 2111,4741 2111,4740 2102,4740 2101,4740 2101,4735 2101,4734 2096,4734 2095,4734 2095,4730 2095,4729 2086,4729 2085,4729 2085,4720 2085,4719 2081,4719 2080,4719 2080,4709 2080,4708 453,4708 452,4709 452,4734 452,4734 447,4729 446,4729 444,4727 443,4727 441,4725 439,4725 438,4724 79,4724 78,4724 78,4598 79,4597 563,4597 563,4597 563,4588 564,4587 752,4587 752,4587 752,4583 753,4582 1658,4582 1658,4582 1658,4577 1659,4576 2838,4576 2838,4577 2838,4582 2839,4582 2843,4582 2843,4583 2843,4624 2844,4624 3149,4624 3149,4625 3149,4629 3150,4629 3233,4629 3233,4630 3233,4634 3234,4634 3239,4634 3239,4635 3239,4666 3240,4666 3302,4666 3302,4667 3302,4671 3303,4671 3307,4671 3307,4672 3307,4677 3308,4677 3312,4677 3312,4678 3312,4687 3313,4687 3318,4687 3318,4688 3318,4692 3319,4692 3323,4692 3323,4693 3323,4698 3323,4698 3319,4698 3318,4699 3318,4713 3318,4713 3313,4713 3312,4714 3312,4724 3312,4724 3308,4724 3307,4725 3307,4734 3307,4734 3303,4734 3302,4735 3302,4740 3302,4740 3292,4740 3291,4741 3291,4745 3291,4745"/><TextEquiv index="1"><Unicode>qu'elle en mourroit. -- Qu'elle est bonne,</Unicode></TextEquiv></TextLine><TextLine id="r0_l017"><Coords points="79,4820 3324,4820 3324,5019 79,5019"/><TextEquiv index="1"><Unicode>ma mère! -- Pourquoi ne lui avez-vous</Unicode></TextEquiv></TextLine><TextLine id="r0_l018"><Coords points="79,5067 3334,5067 3334,5262 79,5262"/><TextEquiv index="1"><Unicode>pas écrit, puisque vous l'aimez? -- Je n'ai</Unicode></TextEquiv></TextLine><TextLine id="r0_l019"><Coords points="79,5310 3329,5310 3329,5544 79,5544"/><TextEquiv index="1"><Unicode>point osé; et, quand l'envie m'en pre-</Unicode></TextEquiv></TextLine><TextLine id="r0_l020"><Coords points="79,5551 3319,5551 3319,5755 79,5755"/><TextEquiv index="1"><Unicode>noit, la honte me retenoit. -- Vous avez</Unicode></TextEquiv></TextLine><TextLine id="r0_l021"><Coords points="3982,4428 4169,4428 4169,5826 3982,5826"/><TextEquiv index="1"><Unicode></Unicode></TextEquiv></TextLine><TextLine id="r0_l022"><Coords points="79,5805 3329,5805 3329,5994 79,5994"/><TextEquiv index="1"><Unicode>donc été bien méchant, mon cher cou-</Unicode></TextEquiv></TextLine><TextLine id="r0_l023"><Coords points="385,6047 3329,6047 3329,6231 385,6231"/><TextEquiv index="1"><Unicode>sin? -- Non; mais je me suis laissé aller</Unicode></TextEquiv></TextLine></TextRegion></Page></PcGts>