4266 8090
2123 811 2650 985 i.
895 1064 3814 1269 à mille plaisirs que je ne connoissois pas;
895 1338 3824 1507 et, une fois abandonné à mes passions,
895 1580 3829 1759 je n'ai plus réfléchi. Le mot que ma mère
895 1828 3845 2002 m'a dit hier m'a frappé: Avez-vous ét
901 2065 3840 2239 heureux? Je ne m'étois pas encore fait
895 2307 3829 2486 cette demande. Je n'ai pas même pensé
906 2544 3840 2729 ce que c'étoit que le bonheur. Ne dor-
906 2787 3840 2966 mant pas cette nuit, j'ai interrogé mon
906 3034 3835 3213 cœur; ce qui ne m'étoit pas arrivé de-
901 3276 3840 3461 puis un an au moins: j'y ai trouvé un
585 3519 3840 3698 vuide effrayant. Depuis que je suis en
901 3756 4030 3951 chemin pour venir, ma tête a eu le tems
901 4019 3835 4203 de se réfroidir; et j'avoue que je suis
901 4267 3840 4451 comme un homme qui se réveille, et qui
901 4509 3851 4688 a fait des rêves fatigans. Je suis tout
901 4751 3840 4920 étourdi. Voulez-vous, Anna, venir faire
901 4999 3845 5178 un tour de promenade, en attendant qu'il
906 5236 3835 5415 fasse jour chez ma mère? Anna étoit en-
911 5483 3851 5663 chantée de ce que son cousin lui avoit
911 5731 3845 5910 proposé: elle accepta. Ils partirent. No-
922 5968 3845 6152 riss prit la route de la forêt. Il levoit la
