4266 8222
2190 862 2805 1033 o
969 1146 3945 1322 me cacher ici, et je verrai ce qu'il ſera...
1151 1397 4224 1579 Enneric prit le chemin qui conduisoit
974 1643 4245 1820 à l'arbre où il s'étoit assis plusieurs fois
980 1890 4264 2024 avec Zabeth. Il avoit l'air de chercher à
974 2147 4202 2329 reconnoître les places qu'ils avoient occu-
974 2393 3962 2575 pées ensemble. Il regardoit de côté et d'au-
657 2634 4245 2811 tre avec un intérêt particulier. Quand
980 2885 4256 3062 il en fut à une certaine distance, les ca-
980 3137 4261 3324 ractères qui étoient dessus frappèrent ses
980 3394 3956 3576 yeux: il avança d'un pas précipité. A
947 3634 4255 3822 peine eut-il lu ce qui y étoit écrit, qu'il
969 3887 4251 4069 jeta un cri, et tomba à genoux, les mains
969 4138 4247 4315 jointes. En le considérant, des larmes
969 4384 4251 4561 rouloient sur ses joues. O Zabeth! ma
969 4636 4247 4807 chère Zabeth! où êtes - vous?... Venez
974 4877 4259 5064 voir votre indigne amant; venez voir cet
974 5113 4186 5311 être avili qui n'est plus digne de vous.
969 5375 4264 5551 Le bandeau est tombé! je me ſais hor-
974 5626 3945 5798 reur!... O Zabeth, Zabeth! où êtes-vous?
974 5857 3967 6074 Je ne suis plus votre frère, le compagnon
914 6123 4253 6324 de votre aimable enfance!... Que les
600 7923 2264 8014 -- --
