4266 8161
1582 818 2109 989 i
371 1095 3331 1301 tems sont changés!... non pour vous;
367 1350 3337 1530 toujours chaste et constante, votre cœur
360 1591 3320 1782 s'est conservé pur!... mais le mien!...
361 1841 3342 2028 Anna accourut à lui, effrayée de le voir
-12 2087 3342 2520 ant an ana e ou' an aad
360 2590 3342 2776 dit-il avec l'air égaré. -- Elle n'est point
-11 2831 3336 3154 ici. -- Elle y est donc vonue? -- Oui,
360 3086 3337 3223 mon cousin. -- Où est-elle? -- Elle est
-10 3184 3320 3537 bien à plaindre! -- Zabeth à plaindre!...
366 3585 3332 3765 dites, dites, ma cousine, où est-elle? Il
34 3835 3325 4028 faut que je la voie sur-le-champ, et que
356 4090 3332 4281 je meure à ses pieds! -- Je ne puis vous
355 4334 3325 4528 le dire, je l'ignore. Il n'en demanda pas
28 4589 3321 4773 davantage. Il laissa là sa cousine, et se
366 4830 3321 5021 mit à courir comme un fou jusqu'à la
-6 5084 3320 5311 maison de sa mère. Sans s'informer s'il
350 5334 3316 5524 pouvoit entrer, il se précipita dans son
354 5583 3309 5764 appartement, tira brusquement les ri-
355 5813 3294 6001 deaux de son lit, et d'une voix altérée:
355 6067 3304 6258 Où est Zabeth? madame, dites - moi où
