4266 8161
898 1121 3842 1302 elle est? ou votre fils va périr. -- Com-
898 1371 3842 1562 ment! mon cher Noriss, lui dit sa mère,
893 1615 3847 1791 vous serez toujours fougueux dans vos
893 1865 3852 2040 sentimens? -- Je n'ai pas besoin de con-
893 2115 4166 2291 seils, madame: mon cœur me donne les
887 2359 3847 2540 seuls que je puisse suivre. Il faut que je
887 2598 3852 2779 la voie, que je me jette à ses pieds, et
897 2847 3851 3028 que j'y meure de regrets. Je n'oserois ja-
887 3098 3842 3278 mais lui demander pardon, je n'en mé-
893 3347 3836 3523 rite pas... je ne mérite que la mort....
887 3597 3836 3778 -- Asseyez-vous, mon fils: écoutez-moi.
898 3842 3842 4022 -- Je n'ai pas le loisir de vous entendre...
887 4086 3842 4267 Pardonnez, ma mère, à mon impatience;
749 4330 4166 4511 mais ce n'est pas là du tout le moment
887 4575 3842 4774 d'une conversation; il faut que je voie
887 4825 3847 5000 Zabeth.... -- Mais enfin, mon fils, si
887 5080 3842 5260 vous êtes ſou, je ne peux y rien faire;
898 5324 3847 5505 en un mot, j'ignore où elle est: votre
893 5568 3842 5707 oncle l'a enlevée .... -- Enlevée!...
887 5813 3858 5951 mon oncle!... lui! Zabeth! où sont-ils?
887 6052 3847 6243 -- Vous ne me donnez pas le tems de
