4266 8130
1503 889 2027 1069 i
286 1170 3234 1371 rien expliquer: messieurs de la Combe
11 1419 3234 1599 sont à leur poursuite. -- A leur pour-
16 1662 3245 1842 suite! Frédérique! ô mon ami! je te re-
291 1911 3229 2080 connois là! Que je suis encore coupable
291 2155 3245 2334 envers toi! Madame, je pars, je vais
1 2398 3234 2530 chercher aussi à découvrir ma tendre
286 2647 3234 2816 Zabeth. Mais où irez - vous, mon fils?
291 2890 3234 3070 Voilà quatre jours qu'ils sont partis; ils
1 3139 3234 3319 reviendront d'un côté, quand vous irez
291 3393 3240 3568 de l'utre, et vous éloignerez le moment
1 3631 3219 3806 de la revoir. -- Vous avez raison; mais,
1 3880 3229 4055 dans le trouble où je suis, je ne puis
291 4124 3224 4298 rester en place... il faut que j'aille abso-
1 4362 3224 4531 lument... -- Mon cher fils! calmez-vous,
53 4580 3219 4785 au nom de l'amitié que j'ai pour vous!
53 4818 3219 5046 Ecoutez le récit des malheurs de cette
296 5092 3224 5267 intéressante fille; sans vous, elle en eût
153 5341 3224 5511 eu moins. Si, au lieu de vous lier avec
296 5579 3229 5754 des gens perdus de mœurs, vous fussiez
291 5828 3256 6003 resté près de moi, nous l'aurions sauvée
296 6072 3229 6268 de bien des peines! Hélas! vous avez
