4266 8161
2285 925 2795 1105 n
1084 1201 4001 1387 sûr qu'une fois revenu ici, vous repren-
1079 1445 3996 1631 driez vos premières chaînes. -- Monsieur,
1073 1690 3996 1865 dit Noriss, si vous me disiez où je pour-
935 1934 3996 2109 rois rejoindre mon ami, je partirois sur
1068 2178 3989 2354 l'heure pour l'aider à retrouver Zabeth?
1068 2423 3990 2598 -- Il n'a pas besoin de vous: un neveu ne
1063 2667 3990 2848 doit pas se mêler de cette affaire-là. Sa-
1057 2912 4256 3087 vez-vous, mon ami, que votre oncle ne
1052 3161 4235 3342 se bat pas souvent? -- J'en rougis de
1047 3411 3974 3587 honte, monsieur, et cela ne fait qu'ac-
1047 3656 3980 3836 croître le mépris qu'il m'inspire. -- Mais
909 3889 3964 4065 votre ami le fera battre, je vous en pré-
1041 4144 4256 4320 viens; on nous en rapportera le nez et
940 4389 4264 4564 les oreilles. Je lui ai dit que je ne vou-
930 4628 3948 4809 lois le revoir que muni de ces bijoux-là.
887 4872 4203 5053 Je suis ſâché de vous parler ainsi; mais
792 5122 3958 5303 il nous a manqué de façon à ne pouvoir
1019 5360 3947 5546 faire autrement; et Frédérique est trop
1020 5616 3943 5792 homme d'honneur, pour laisser là une
893 5861 3943 6041 pareille affaire, sans parler qu'il nous
1020 6105 4224 6291 doit compte de l'enlèvement de made-
