4266 8130
1391 897 1912 1114 i
274 1172 3208 1364 montroit la route. Il suspendit cette
36 1420 3224 1622 esquisse à l'arbre chéri, effaça tout ce
280 1663 3224 1869 qui y étoit gravé, et ne laissa subsister
47 1926 1413 2113 que les chiffres.
454 2154 3229 2346 M. de la Combe, qui étoit revenu de-
63 2401 3229 2605 puis deux jours, commençoit à s'impa-
36 2651 3240 2802 tienter du retard de son fils. -- Il devroit
193 2898 3240 3087 être de retour, disoit-il; je l'ai quitté
31 3149 3245 3334 qu'il n'avoit plus qu'une demi-journée à
78 3386 3244 3577 faire pour se rendre où étoit Wilton.
306 3634 3256 3821 Nous nous sommes séparés en partant
311 3865 3256 4066 d'ici; et les mêmes renseignemens que
84 4121 3256 4324 nous avons reçus nous ont mis sur la
84 4348 3261 4567 même route. Un paysan nous avoit dit
10 4604 3265 4809 qu'il étoit resté dans une ferme, à quatre
92 4844 3266 5045 milles d'où nous étions, parce que la
327 5090 3261 5279 jeune personne étoit malade..... -- Ma-
89 5334 3266 5529 lade? ..... dit Noriss. Mais, monsieur,
327 5575 3266 5770 vous ne m'aviez pas dit cela? -- Non sans
92 5821 3266 6023 doute; c'étoit inntile. D'après le calcul
359 6060 3276 6251 que j'ai fait, je comptois les voir de re-
2704 6309 3065 6416 I
587 6357 752 6442 II.
