4266 8060
2230 918 2734 1092 (o)
1023 1191 3920 1393 tour hier. S'ils ne sont pas revenus ce
1018 1433 3931 1611 soir, demain, de grand matin, tous
819 1690 3926 1816 nous nous mettrons en route. Je com-
1018 1921 3931 2099 mence à être inquiet pour mon fils et
1008 2162 3920 2346 pour mademoiselle de Saint-Silvain. Un
997 2404 3920 2587 poltron est plus à craindre qu'un brave
1002 2645 3905 2823 homme, parce qu'il emploie la trahison.
1002 2892 3920 3070 -- Mais partons sur-le-champ? disoit No-
997 3133 3915 3327 riss. -- Non, mon ami, pas avant de-
987 3380 3910 3553 main, s'il vous plaît. Je commence à
992 3616 3910 3800 me mieux sentir, et je vous promets que
987 3857 3548 3999 nous serons en route de bonne heure.
997 4104 3905 4282 Ils passèrent le reste de la journée dans
987 4351 3905 4534 une inquiétude affreuso. La bonne Anna
971 4603 3899 4800 prenoit les mains de son cousin en pleu-
976 4839 3899 5017 rant, et lui disoit que si elle avoit le mal-
976 5080 3894 5259 heur de perdre son cher Frédérique, elle
976 5327 3894 5505 en mourroit de chagrin! Accablé ohacun
971 5579 3889 5757 de leurs peines, ils se retirèrent de bonno
971 5825 3049 5993 heure dans leur appartement.
1144 6061 3884 6240 A une heure du matin, on entendit
