4266 8031
1537 878 2050 1051 l
16 1161 3237 1344 frapper à grands coups à la porte de der-
239 1407 3221 1584 rière. Chacun fut promptement sur pied.
26 1642 3237 1820 Enneric fut le premier en bas: il arracha
26 1888 3237 2065 les clefs de la main du valet, qui alloit
21 2139 3237 2316 trop doucement à son gré, et se jeta sur
31 2379 3237 2557 la porte pour l'ouvrir. La palpitation de
31 2625 3237 2803 son cœur lui coupoit la respiration. Il
293 2871 3231 3048 voit une voiture; il se précipite à la por-
1 3116 3237 3289 tière: il lui est impossible de proférer une
298 3367 3221 3545 parole: il touche une main de femme,
298 3601 3221 3786 la saisit avec violence, l'arrache de sa
293 3859 3226 4037 place, la prend dans ses bras, et s'enfuit
303 4099 3231 4297 avec jusqu'à la chambre basse, dans la-
298 4335 3231 4512 quelle il y avoit de la lumière. -- Ciel! ce
298 4575 3216 4748 n'est pas Zabeth! Où est-elle? dites? ....
293 4821 3226 4993 dites? .... où est-elle? .... -- Dans la voi-
282 5061 3221 5239 ture, monsieur, répond cette femme. Il
293 5307 3226 5485 retourne, et, plus prompt que l'éclair,
298 5553 3226 5731 il étoit à la portière, que mademoiselle
308 5793 3231 5966 de Saint - Silvain ne commençoit qu'à
308 6034 3247 6212 mettre le pied sur le brancard. Sa foi-
2489 6316 2714 6395 I
29 7692 523 7792 -
