4266 8130
1551 900 2070 1080 i
323 1186 3277 1371 que se présenta sur la porte. Son père
318 1435 3261 1609 vola dans ses bras; et le pressant ten-
318 1683 3266 1858 drement: Viens, mon ami, viens......
312 1932 3473 2107 Que tu m'as inquiété!.... et, en lui tâ-
312 2176 3271 2350 tant le corps, n'es-tu pas blessé? -- Non,
307 2424 3261 2599 mon père; je me porte très-bien. Je vous
307 2673 3256 2800 conterai tout cela. Secourons mademoi-
312 2917 3266 3049 selle de Saint-Silvain: elle a besoin de
306 3159 3255 3334 renos. Et où est miss Anna? -- Me voilà,
323 3409 3266 3584 dit-elle toute tremblante; je n'osois pa-
296 3634 3240 3827 roître, dans la crainte de quelque fâcheuse
307 3896 3250 4076 nouvelle. Il lui baisa la main, la porta
312 4145 3245 4320 sur son cœur, et lui jura qu'il n'avoit pas
296 4388 3234 4563 été un moment sans penser à elle. Il n'a-
281 4637 3229 4817 voit pas vu Noriss, qui, aux pieds de ma-
286 4881 3234 5050 demoiselle de Saint-Silvain, inondoit ses
281 5130 3234 5299 mains de ses larmes, en les couvrant de
281 5373 3229 5553 baisers. Il étoit caché par madame Noriss
281 5622 3224 5797 et ses femmes, qui donnoient des secours
286 5865 3219 6040 à cette infortunée. -- Vous voilà, Enneric?
275 6109 3197 6284 Que vous nous cansez de maux! -- Ah,
