4266 8130
1562 863 2080 1038 .
408 1149 3346 1323 vais.... mais je veux lui dire un mot avant
418 1392 3340 1572 de sortir. Il falloit bien y consentir. Il
402 1636 3351 1816 vint près de son lit: elle lui tendit la
408 1879 3351 2059 main. -- O ciel! elle me pardonne! ma
408 2117 3351 2260 chère Zabeth.... ma tendre amie!.... Il
401 2376 3350 2545 couvrit sa main de baisers.... et, s'appro-
439 2626 3346 2806 chant d'elle, il lui dit tout bas: Songe,
423 2874 3356 3054 divine femme, que je suis ton époux, et
397 3123 3346 3303 que mon cœur n'a jamais cessé d'être
402 3367 3340 3547 à toi!.... Il lui prit encore un baiser,
408 3616 3340 3790 et s'en alla, comme un homme égaré.
397 3859 3303 4039 -- Voyez, dit M. de la Combe, l'aime
392 4097 3340 4272 t-il?... j'en étois sûr.... Vous serez heu-
153 4340 3355 4543 reuse, ma belle pupille; c'est moi qui
392 4579 3340 4770 vous le dis, et vous savez que je ne me
392 4833 3340 5013 trompe jamais.... Enfin, tout le monde
386 5082 810 5209 sortit.
556 5320 3340 5489 Madame Noriss resta avec Anna, Vic-
386 5564 3335 5696 toire et une autre femme. On déshabilla
386 5812 3324 5987 mademoiselle de Saint-Silvain avec pré-
380 6060 3323 6256 caution: on la coucha, et on lui fit
