4266 8031
973 1082 3911 1265 prendre ce que le médecin avoit ordonné.
993 1318 3922 1495 Sa foiblesse étoit si grande, qu'elle ne
973 1569 4241 1746 pouvoit dire une parole. Elle témoigna
957 1804 3927 1987 sa reconnoissance, en serrant légère-
993 2055 3927 2186 ment la main de madame Noriss et
952 2295 3922 2468 d'Anna. Cette dernière voulut passer le
993 2524 3927 2738 reste de la nuit près de son amie: sa
993 2792 3922 2970 tante y consentit et se retira. A peine
999 3038 3922 3216 étoit-elle sortie, qu'Enneric entra tout
999 3284 3922 3441 doucement. Les rideaux du lit étoient
941 3524 3916 3702 tirés: il fit signe de la main que l'on
915 3775 3890 3953 ne parlât pas, et se mit sur un siége,
978 4010 3901 4193 à côté de sa chère Zabeth. Il resta là,
915 4246 3430 4439 sans se permettre le moindre mot.
941 4502 3890 4701 Le jour commençoit à être grand:
979 4742 3906 4936 il fit signe à sa cousine de voir si elle
889 4983 3895 5161 dormoit. Anna s'approcha, et lui dit
920 5224 3906 5401 qu'oui. Il hasarda de la regarder. --Grands
978 5459 3906 5637 Dieux! qu'elle est belle! comme ses
973 5705 3895 5835 traits se sont formés! Voilà donc cet
972 5944 3879 6127 ange que j'ai quitté pour des ſemmes
