4266 8130
1556 842 2096 1011 ao
344 1128 3526 1313 perdues! -- Mais taisez-vous donc, mon
339 1382 3293 1562 cousin; vous allez la réveiller? Il garda
333 1636 3282 1810 le silence; mais il ne pouvoit arracher
344 1879 3282 2065 ses yeux de cet objet si intéressant. Za-
339 2128 3277 2313 beth, en ouvrant les siens, vit son amant:
355 2377 3282 2552 une légère rougeur colora ses joues:
355 2620 3303 2800 elle soupira: il n'osoit lui parler, mais
349 2869 3298 3044 il ne détournoit pas ses regards. Anna
349 3118 3298 3293 lui demanda si elle avoit besoin de quel-
344 3367 3330 3501 ue chose? Elle demanda madame No-
328 3610 3324 3790 riss; Victoire fut la chercher. Quand elle
354 3773 3991 4059 entra, elle fut fort étonnée de voir son
323 4103 3324 4277 ſils. -- Que faites-vous ici, mon ami?
355 4333 3303 4526 -- Ma mère, j'ai resté près d'elle; mais
58 4595 3298 4775 je n'ai pas dit un mot: demandez à ma
360 4844 3324 5034 cousine, à Victoire, à Polly? -- Que
355 5082 3319 5257 voulez-vous, ma chère ſille? -- Madame,
360 5304 3324 5511 dit Zabeth, je voudrois que M. Noriss
58 5553 3324 5738 se retirât, et nous laissât seules? -- Al-
58 5791 3314 5982 lez, mon fils, et laissez-nous un mo-
365 6061 3319 6260 ment. -- Vous me chassez donc, Za-
2338 6269 2732 6426 6
938 7829 2091 7914 - -----
