4266 7943
1603 853 2110 1024 s
419 1138 3284 1314 bien! il m'est donc permis de croire au
419 1381 3274 1552 bonheur! Je n'ai jamais été si heureuse!
414 1603 3279 1795 j'ai acheté la félicité par bien des sa-
423 1861 3278 2037 crifices! mais peut-on la paver trop
424 2100 1014 2224 cher!....
584 2338 3274 2508 Le médecin arriva, et fut fort étonné
419 2576 3279 2751 de trouver la malade on ne peut mieux,
414 2819 3284 2989 à cela près de la ſoiblesse qui étoit ex-
414 3062 3279 3222 trême. Noriss étoit derrière ses talons,
418 3304 3335 3480 qui écontoit ce qu'il disoit. -- Il n'y a
413 3542 3288 3712 que de la ſoiblesse, dit-il; je me charge
414 3769 3284 3956 de la porter où elle voudra aller. Ma
414 4018 3279 4189 chère et très-chère amie! me voilà près
414 4256 3284 4437 de vous, pour faire tout ce qu'il vous
414 4499 3289 4686 plaira de m'ordonner.... voyez en moi
414 4737 3274 4913 votre frère, votre amant, votre époux!...
409 4965 3279 5156 Le docteur se retourna en riant: -- Ma-
419 5218 3269 5394 demoiselle, je vois que mon ministère
409 5456 3481 5585 vous est très-inutile? monsieur est le meil-
414 5694 3253 5870 leur médecin que vous puissiez avoir:
409 5922 3491 6108 je me retire, et ne doute pas qu'avant
