4266 8031
1595 873 2112 1046 oa
361 1150 3310 1323 à force d'amour et de soins, les cha-
361 1401 3289 1574 grins qui ont assailli l'aurore de ta vie!..
356 1647 3315 1773 Mademoiselle de Saint-Silvain tourna sur
356 1888 3284 2071 lui des yeux pleins d'amour et de lar-
361 2128 3315 2311 mes, et ne lui répondit que par le soupir
361 2384 1475 2557 le plus tendre.
544 2599 3299 2808 Madame Noriss avoit fait avertir mes-
366 2865 3310 3038 sieurs de la Combe, et ordonné qu'on
375 3105 3324 3277 lui apportât le thé dans la chambre de
381 3351 3304 3523 abeth. Quand Enneric les vit, il fut
382 3597 3294 3780 se jeter dans les bras du père et du fils,
376 3838 3305 4026 et les serra tour-à tour avec l'expression
387 4089 3299 4261 de la plus tendre reconnoissance. -- Bon
376 4329 3294 4525 jeune homme, dit M. de la Combe,
376 4575 3331 4753 j'aime votre pétulante franchise; je goûte
382 4821 3299 4999 en ce moment le plus vif plaisir; vous
350 5061 3294 5239 allez faire le bonheur de la plus inté-
382 5307 3294 5485 ressante fille qui soit au monde! Mon
340 5535 3284 5736 fils va s'unir à une bonne et ingénue
361 5793 3289 5966 créature qui l'aime aussi de tout son
356 6034 3252 6207 cœur. Madame (en s'adressant à ma-
