4266 8060
1484 948 2031 1113 l.
466 1218 3233 1407 Le thé étoit prêt. --Ha ça, dit M. de
-2 1401 3233 1668 la Combe à son fils, conte-nous un
-3 1696 3232 1937 peu ce que tu as fait de ce butor de
-4 1936 3221 2135 Wilton? -- Je vais, dit Frédérique,
-4 2182 3233 2379 vous mettre au fait de ce qui s'est passé;
-4 2430 3228 2636 et, pour éviter à mademoiselle de Saint-
-5 2629 3217 2891 Silvain la peine de vous dire ce qui la
-6 2913 3222 3133 regarde, je vais vous conter ce qui lui
-7 3168 3221 3365 est arrivé jusqu'au moment où j'ai eu
-7 3364 3211 3615 le bonheur de la délivrer des mains de
-7 3660 2025 3862 cet homme méprisable.
445 3909 3233 4090 „Quand il se fut omparé d'elle dans
-8 4087 3211 4358 la forêt, il la fit entrer dans une chaise
-9 4385 3211 4629 peu éloignée. Elle remplissoit l'air de
-10 4627 3211 4838 ses cris. Il ordonna que l'on s'enſonçât
-10 4879 3212 5091 dans une route isolée; et là, il lui mit
-10 5111 3212 5328 un mouchoir sur la bouche, et vouloit
-11 5321 3217 5586 la maltraiter: ce fut un de ses valets
-12 5615 3200 5810 qui l'empêcha de se livrer à cette in-
-12 5808 3200 6067 famie. Il continua de l'emmener ainsi
-13 6098 3196 6350 jusqu'au village où vous savez (dit-il à
