4266 8001
1052 1224 4215 1417 son père) que nous nous sommes rejoints.
1052 1469 4264 1665 Plusieurs hommes qui travailloient dans
1052 1714 4189 1886 le bois furent témoins de ce qui s'étoit
1058 1959 3975 2152 passé, et nous donnèrent des rensei-
1068 2209 4204 2396 gnemens sur la route qu'avoit prise la
1068 2449 4241 2626 voiture. Nous prenions quelques rafraî-
1073 2693 3975 2860 chissemens dans une ferme; et un homme
1073 2943 4256 3115 nous dit que Wilton avoit été obligé d'ar-
984 3182 3990 3354 rêter chez des paysans, parce que la
1063 3428 3985 3600 jeune personne que l'on emmenoit étoit
1068 3657 3980 3829 malade; mais la meilleure raison, c'est
1083 3901 3995 4073 u'il y avoit un rayon de cassé à la
1073 4142 4256 4319 roue de la voiture; car il s'inquiétoit
1073 4381 3980 4558 fort peu de la santé de sa prisonnière.
1078 4621 3996 4798 Comme mon père se sentoit tourmenté
1078 4866 3996 5043 de sa goutte, je ne voulus pas sonffrir
1088 5099 4083 5282 qu'il vînt avec moi. Je n'étois qu'à quatre
1084 5340 4006 5522 milles de l'endroit que l'on nous avoit
1052 5585 4001 5757 indiqué, et je me trouvois suſſisant,
1094 5830 3996 6017 avec mon domestique, pour mettre à la
1094 6064 4006 6252 raison sir John Wilton; j'exigeai done
