4266 8070
1366 951 1881 1114 a
147 1230 3058 1413 qu'il revînt ici, et ne perdis pas un
152 1466 3074 1645 moment pour me rendre où il étoit; je
158 1713 3063 1886 fis ensorte de n'arriver qu'à la nuit;
152 1960 3074 2133 je demandai à une vieille femme qui
158 2196 3079 2370 jasoit avec une autre, si elle ne pou-
168 2438 3090 2617 voit pas m'indiquer la maison où étoit
179 2685 3084 2858 une jeune personne malade, que l'on
184 2927 3090 3100 avoit amenée dans une chaise de poste?
16 3168 3095 3347 -- Ne m'en parlez pas, dit-elle; cela
16 3421 3105 3594 feroit saigner le cœur d'un tigre. Elle
21 3662 3116 3831 a beau se désoler, rien ne touche lo
215 3904 3121 4083 méchant homme qui est avec elle: il
221 4146 3121 4324 la traite si durement, que cela fait même
231 4393 3121 4566 peine à ses valets. Voyez - vous cette
236 4634 3132 4808 maison à main gauche, où il y a sur
242 4876 3142 5050 la porte un petit onfant qui joue avec
252 5123 3153 5291 un gros chien? El bien, c'est là; mais
257 5365 3158 5538 vous ne pourrez voir la jeune Miss; car
263 5601 3153 5733 il l'a fait enfermer dans une chambre
278 5843 3158 6016 haute, pendant que l'on raccommode
284 6079 3153 6263 sa voiture: il s'en est rendu le gardien;
1529 7750 2522 7845 ------
