4266 8222
1354 819 1884 996 i.
118 1114 3105 1301 libre. Je demandai une lumière pour me
123 1370 3137 1552 gnider: j'entendis Wilton qui juroit après
112 1622 3185 1751 un valet. Je montai l'escalier au haut
118 1874 3121 2056 duquel j'entendois sa voix. Je le trouvai
58 2131 3121 2307 armé de deux pistolets à la porte d'une
112 2377 3121 2564 chambre: toute sa figure annonçoit une
52 2610 3121 2811 violente fureur. Aussi-tôt qu'il me vit, il
123 2885 3126 3068 tira sur moi un coup de pistolet: il me
123 3137 3121 3319 manqua. Il en tira un second, mais pas
123 3383 3126 3520 plus heureusement. -- Vil assassin! lui
128 3635 3126 3812 dis-je en mettant le bout du mien sur sa
128 3887 3126 4069 poitrine, si je n'avois pas plus d'honneur
134 4138 3132 4320 que toi, je profiterois de ce que tu es sans
86 4390 3132 4587 armes, pour t'ôter ta détestable vie. Ou-
134 4631 3137 4813 vre-moi cette porte, et rends-moi made-
134 4882 3132 5011 moiselle de Saint-Silvain? -- Tu ne l'au-
134 5134 3137 5316 ras pas, bêlitre, me dit-il en levant sur
139 5386 3185 5568 moi son poing: tu ne l'auras que quand
134 5632 3126 5814 Wilton ne sera plus. -- Eh bien, des-
134 5883 3121 6060 cends, lui dis-je: viens me faire raison
128 6130 3142 6317 de tes attentats sur cette respectable fille,
