4266 8090
2281 816 2792 990 a.
1075 1101 4235 1280 et le sort des armes en décidera ..... -- Je
1064 1348 4219 1522 te dis que je ne me bats pas avec les gre-
1053 1596 3966 1775 nouilles de ton pays. A moi!... Patrice!...
1053 1838 4264 2012 Paul!... -- Quoi, coquin! tu appelles tes
1048 2086 3977 2218 valets? .... Ils vinrent: il leur ordonna de
1043 2328 4225 2502 me jeter à bas de l'escalier. Je m'adossai
1048 2571 3977 2744 contre le mur, et dis que le premier qui
1038 2813 3961 2992 m'approcheroit le payeroit de sa vie....
1038 3060 4261 3240 J'entendois, pendant ce tems, les plain-
1032 3313 3966 3487 tes et les gémissemens de mademoiselle
1038 3556 3966 3729 de Saint-Silvain. Le sort qui la persécu-
1032 3808 3966 3982 toit sans relâche, me donnoit le courage
1032 4045 4235 4225 de ne point craindre mes trois assaillans.
1027 4288 3966 4462 Wilton, qui vit ses domestiques balan-
1032 4530 3972 4709 cer, et ne point oser m'approcher, vint
1038 4772 3972 4904 sur moi comme un furieux. J'eus beau
1032 5015 3972 5194 lui présenter mon pistolet; quoiqu'un
701 5262 3961 5441 lâche pense que tout le monde lui res-
1037 5509 3965 5688 semble, il avoit apparemment assez
1032 5752 3966 5931 bonne opinion de mon honneur, pour ne
1038 6000 3966 6195 pas craindre pour sa vie. Il voulut me
3587 6237 3956 6374 saisir
