4266 8090
1038 1227 4261 1422 toi, lui disoit Enneric, calme-toi, ma
1038 1470 4251 1654 chère Zabeth! J'en aurois fait autant pour
1127 1686 4261 1859 te ravoir des mains de cet homme barbare!
1127 1960 4261 2139 Il se fit un silence assez long. Cet événe-
1127 2191 4256 2386 ment, quoique naturel, fatiguoit toutes
1117 2449 4256 2652 ces ames délicates...... -- Eh bien! dit
1122 2678 4256 2904 M. de la Combe en rompant le premier
1122 2950 3345 3118 le silence, dis-nous le reste?
1106 3176 4251 3375 -- Je n'entreprendrai point, continua
1106 3434 4067 3614 Frédérique, de vous peindre ce qui se
1117 3682 4256 3866 passa en moi, à la vue du corps sanglant
1001 3935 4251 4128 de Wilton qui rouloit au bas de l'escalier.
1096 4177 4251 4356 Je frémis.... Ses valets s'enfuirent: pas
1111 4425 4061 4604 un valet ne prit fait et cause de ce qui
1096 4667 4264 4799 venoit d'arriver à leur maître. Je ſis do
1117 4909 4256 5083 vains efforts pour entrer dans la chambre
1117 5146 4264 5273 où étoit mademoiselle de Saint-Silvain:
1122 5389 4251 5562 la porte étoit fermée. Je lui demandai de
1001 5631 4246 5805 m'ouvrir, et elle ne me répondit pas.
1122 5868 4246 6052 J'appelai le maître, qui, tout tremblant,
1111 6110 4040 6295 vint m'apporter un marteau pour faire
237 7713 1212 7890 -
