4266 8120
2326 883 2940 1073 (z.
1142 1158 4087 1359 Elle me dit qu'elle vouloit partir, quitte
1142 1428 4087 1607 à aller très - doucement; qu'elle seroit
1137 1660 4087 1850 mieux ici. Je m'étois précautionné d'une
1142 1909 4092 2094 voiture; et une des filles de l'homme
1137 2162 4092 2342 chez lequel nous étions se chargea de l'ac-
1137 2386 4092 2585 compagner: moi, je vins à cheval pour
723 2558 4082 2828 la laisser plus à son aise dans le carrosse.
1126 2887 4092 3077 Voilà ce qui m'est arrivé: et, malgré
1121 3141 4224 3320 l'atroce caractère de Wilton, je vous
1126 3394 4092 3569 avoue que je regrette de ne m'en être pas
1126 3638 4092 3823 défait d'une manière plus conforme à
1131 3886 2342 4060 mes principes....
1184 4102 4082 4320 Ce récit avoit fait impression sur tout
1131 4367 4097 4566 le monde; et, malgré la justice de l'évé-
1131 4616 4092 4795 nement, chacun souffroit de ce qu'il
1137 4848 4087 5049 avoit été aussi tragique..... On levoit la
1137 5118 4230 5303 table du thé, lorsque madame Noriss,
1110 5366 4087 5566 la mère, se fit annoncer. En entrant,
1147 5594 4087 5789 elle se jeta sur un siége: elle étoit très-
1147 5848 4087 6033 essoufflée: son extrême embonpoint ne
1153 6092 4240 6286 lui permettoit pas d'aller vîte. Elle avoit
