4266 8100
1535 986 2046 1155 m
332 1266 3244 1445 appris le retour de Frédérique et la mort
332 1514 3244 1645 de son frère dans le même moment. Elle
327 1762 3233 1941 fut un long tems sans pouvoir parler.
338 2015 3249 2183 Celui-ci se retira par ménagement pour
327 2252 3249 2426 elle. Elle le regarda aller en silence; et
327 2500 3244 2674 ramenant ses yeux sur son petit-fils: --
72 2737 3244 2929 C'est donc là, monsieur, lui dit-elle avec
73 2982 3244 3159 une voix étouffée, celui qui vous a privé
332 3222 3238 3402 d'un oncle qui vous adoroit, et moi,
327 3470 3228 3644 d'un frère qui m'aimoit beaucoup?.....
327 3708 3238 3887 J'ai appris ce matin, par Patrice, la ſin
322 3961 3198 4130 malheureuse de mon pauvre John!....
322 4198 3233 4372 -- Vous m'en voyez, madame, lui dit
322 4441 3222 4615 Noriss, tout aussi affligé que vous.....
316 4683 3238 4857 Mais sans doute Patrice ne vous a point
316 4931 3233 5105 laissé ignorer la manière dont cela s'est
322 5179 3244 5348 passé? -- C'est vrai; mais votre oncle avoit
322 5422 3244 5596 une répugnance affreuse pour se battre
322 5654 3238 5828 avec un Français ..... -- Il n'en avoit pas
316 5902 3228 6076 pour l'assassiner; car, s'il eût été plus
441 7742 1039 7811 - -- --
