4266 8090
1453 1052 1980 1221 (a.
211 1333 3139 1517 cœurs n'avoient goûté un moment si
205 1575 3139 1759 doux! Leur passion s'étoit développée
200 1828 3139 2017 avec l'âge, et ils goûtèrent, dans ce
37 2070 3134 2254 doux embrassement, tout ce que le cœur
195 2311 3124 2502 peut éprouver de sensations délicieuses.
184 2571 3129 2750 Noriss sentit bien que le plaisir que l'on
190 2818 3129 2997 goûte près de l'objet qu'on aime, est la
184 3060 1164 3192 vraie félicité!
358 3303 3308 3487 Cela lui donna le plus vif desir de se
184 3550 3118 3729 voir uni à l'objet de son amour, pour
179 3798 3118 3977 connoître enfin un bonheur qu'il n'avoit
174 4040 3113 4219 fait encore qu'effleurer. Il en parla à sa
163 4282 3108 4462 mère en rentrant, et ne voulut consentir
169 4535 3103 4709 à aucun délai, malgré tout ce qu'on put
163 4765 3097 4957 lui dire. Il fut décidé que, sous peu de
153 5020 3081 5199 jours, on feroit les trois mariages. M.
163 5267 3076 5447 de la Combe étoit devenu tout galant:
158 5515 3139 5694 ses soins et ses égards pour madame
73 5752 3081 5889 Noriss ne le cédoient en rien à ceux des
72 5994 996 6168 jounes gens.
321 6237 3071 6421 Le même jour vit s'unir ces six per-
3424 7773 4009 7943 - --
