<PcGts xmlns="http://schema.primaresearch.org/PAGE/gts/pagecontent/2017-07-15" xmlns:xsi="http://www.w3.org/2001/XMLSchema-instance" xsi:schemaLocation="http://schema.primaresearch.org/PAGE/gts/pagecontent/2017-07-15 http://schema.primaresearch.org/PAGE/gts/pagecontent/2017-07-15/pagecontent.xsd"><Metadata><Creator/><Created>2020-10-05T09:06:53</Created><LastChange>1970-01-01T00:00:00</LastChange><Comments/></Metadata><Page imageFilename="0011.png" imageHeight="3507" imageWidth="2480"><TextRegion id="r1" orientation="1.875" type="paragraph"><Coords points="1,1 2478,1 2478,3505 1,3505"/><TextLine id="l1"><Coords points="492,348 1631,311 1633,380 494,417"/><TextEquiv index="0"><Unicode>2 ELISABETH.</Unicode></TextEquiv><TextEquiv index="1"><Unicode>2ELISABETH.</Unicode></TextEquiv></TextLine><TextLine id="l2"><Coords points="496,470 2064,419 2067,491 498,542"/><TextEquiv index="0"><Unicode>douleur dans le fein d'une tendre</Unicode></TextEquiv><TextEquiv index="1"><Unicode>douleur dans le fein d'une tendre</Unicode></TextEquiv></TextLine><TextLine id="l3"><Coords points="500,578 2073,527 2076,622 503,673"/><TextEquiv index="0"><Unicode>amie, ſi je n'ai pas rougi de la lui</Unicode></TextEquiv><TextEquiv index="1"><Unicode>amie, ſi je n'ai pas rougi de la lui</Unicode></TextEquiv></TextLine><TextLine id="l4"><Coords points="500,687 2077,635 2080,725 503,777"/><TextEquiv index="0"><Unicode>montrer toute entiere, je n'ai pas</Unicode></TextEquiv><TextEquiv index="1"><Unicode>montrer toute entiere, je n'ai pas</Unicode></TextEquiv></TextLine><TextLine id="l5"><Coords points="509,790 2082,738 2085,830 512,882"/><TextEquiv index="0"><Unicode>été aſſez foible pour la manifeſter</Unicode></TextEquiv><TextEquiv index="1"><Unicode>été aſſez foible pour la manifeſter</Unicode></TextEquiv></TextLine><TextLine id="l6"><Coords points="449,900 2085,846 2088,935 452,989"/><TextEquiv index="0"><Unicode>aux yeux de celui à qui je veux in-</Unicode></TextEquiv><TextEquiv index="1"><Unicode>aux yeux de celui à qui je veux in-</Unicode></TextEquiv></TextLine><TextLine id="l7"><Coords points="518,1001 2094,949 2097,1039 520,1091"/><TextEquiv index="0"><Unicode>ſpirer de la réſignation aux coups</Unicode></TextEquiv><TextEquiv index="1"><Unicode>ſpirer de la réſignation aux coups</Unicode></TextEquiv></TextLine><TextLine id="l8"><Coords points="526,1105 2098,1054 2101,1149 529,1200"/><TextEquiv index="0"><Unicode>du ſort. Depuis hier, je tâche de</Unicode></TextEquiv><TextEquiv index="1"><Unicode>du ſort. Depuis hier, je tâche de</Unicode></TextEquiv></TextLine><TextLine id="l9"><Coords points="527,1215 2263,1158 2265,1247 529,1303"/><TextEquiv index="0"><Unicode>me confirmer dans ce ſentiment,</Unicode></TextEquiv><TextEquiv index="1"><Unicode>me confirmer dans ce ſentiment,</Unicode></TextEquiv></TextLine><TextLine id="l10"><Coords points="535,1320 2107,1269 2110,1359 538,1410"/><TextEquiv index="0"><Unicode>&amp; j'avoue que le combat, que je</Unicode></TextEquiv><TextEquiv index="1"><Unicode>&amp; j'avoue que le combat, que je</Unicode></TextEquiv></TextLine><TextLine id="l11"><Coords points="536,1425 2121,1373 2123,1461 539,1513"/><TextEquiv index="0"><Unicode>livre à mon ſenſible cœur par cette</Unicode></TextEquiv><TextEquiv index="1"><Unicode>livre à mon ſenſible cœur par cette</Unicode></TextEquiv></TextLine><TextLine id="l12"><Coords points="544,1529 2120,1478 2123,1563 547,1615"/><TextEquiv index="0"><Unicode>réſolution, ſeroit au-deſſus de ſes</Unicode></TextEquiv><TextEquiv index="1"><Unicode>réſolution, ſeroit au-deſſus de ſes</Unicode></TextEquiv></TextLine><TextLine id="l13"><Coords points="551,1637 2166,1584 2170,1680 554,1733"/><TextEquiv index="0"><Unicode>forces, ſi la perſpective des plus cui-</Unicode></TextEquiv><TextEquiv index="1"><Unicode>forces, ſi la perſpective des plus cui-</Unicode></TextEquiv></TextLine><TextLine id="l14"><Coords points="401,1738 2170,1680 2173,1781 404,1839"/><TextEquiv index="0"><Unicode>ſants chagrins, accumulés ſur mon</Unicode></TextEquiv><TextEquiv index="1"><Unicode>ſants chagrins, accumulés ſur mon</Unicode></TextEquiv></TextLine><TextLine id="l15"><Coords points="564,1848 2137,1796 2140,1874 567,1926"/><TextEquiv index="0"><Unicode>cher Luzan, ne relevoit mon cou-</Unicode></TextEquiv><TextEquiv index="1"><Unicode>cher Luzan, ne relevoit mon cou-</Unicode></TextEquiv></TextLine><TextLine id="l16"><Coords points="561,1955 2138,1903 2141,1995 564,2047"/><TextEquiv index="0"><Unicode>rage, &amp; ne me rendoit capable de</Unicode></TextEquiv><TextEquiv index="1"><Unicode>rage, &amp; ne me rendoit capable de</Unicode></TextEquiv></TextLine><TextLine id="l17"><Coords points="435,2062 1759,2019 1762,2111 438,2154"/><TextEquiv index="0"><Unicode>combattre mon penchant.</Unicode></TextEquiv><TextEquiv index="1"><Unicode>combattre mon penchant.</Unicode></TextEquiv></TextLine><TextLine id="l18"><Coords points="682,2161 2146,2113 2149,2206 685,2254"/><TextEquiv index="0"><Unicode>La paſſion du chevalier, comme</Unicode></TextEquiv><TextEquiv index="1"><Unicode>La paſſion du chevalier, comme</Unicode></TextEquiv></TextLine><TextLine id="l19"><Coords points="578,2268 2155,2217 2158,2307 581,2358"/><TextEquiv index="0"><Unicode>tu l'as dû voir par ſa lettre, eſt à</Unicode></TextEquiv><TextEquiv index="1"><Unicode>tu l'as dû voir par ſa lettre, eſt à</Unicode></TextEquiv></TextLine><TextLine id="l20"><Coords points="586,2373 2159,2322 2162,2413 589,2464"/><TextEquiv index="0"><Unicode>ſon comble. Irrité par les obſtacles,</Unicode></TextEquiv><TextEquiv index="1"><Unicode>ſon comble. Irrité par les obſtacles,</Unicode></TextEquiv></TextLine><TextLine id="l21"><Coords points="586,2478 2163,2427 2166,2522 589,2573"/><TextEquiv index="0"><Unicode>ſon imagination enflammée par l'a-</Unicode></TextEquiv><TextEquiv index="1"><Unicode>ſon imagination enflammée par l'a-</Unicode></TextEquiv></TextLine><TextLine id="l22"><Coords points="596,2587 2172,2535 2174,2623 599,2675"/><TextEquiv index="0"><Unicode>mour &amp; le dépit ne connoit plus</Unicode></TextEquiv><TextEquiv index="1"><Unicode>mour &amp; le dépit ne connoit plus</Unicode></TextEquiv></TextLine><TextLine id="l23"><Coords points="604,2691 2167,2640 2170,2721 607,2772"/><TextEquiv index="0"><Unicode>de bornes. Ce caractere docile,</Unicode></TextEquiv><TextEquiv index="1"><Unicode>de bornes. Ce caractere docile,</Unicode></TextEquiv></TextLine><TextEquiv><Unicode/></TextEquiv></TextRegion></Page></PcGts>