2480 3507
638 346 1787 425 ELISABETH. 3
249 466 1804 555 ce fils reſpectueux, dont la pre-
249 573 1852 668 miere vertu étoit la ſoumiſſion aux
249 668 1848 768 volontés de ſes parents, jure de ne
240 778 1800 867 leur point obéir. Son dernier ſer-
245 888 1804 974 ment, ſi je le reçois, m'eſt un ga-
240 991 1800 1083 rant auſſi ſûr que le ciel même:
240 1094 1800 1183 mais, plus j'ai lieu de compter ſur
236 1196 1804 1289 ſa foi, plus je ſuis certaine de ſa
239 1302 1808 1409 tendreſſe, plus la mienne doit être
235 1404 1808 1497 généreuſe ...... Oui, je dois....
236 1512 1345 1601 mais le pourrai - je?....
1376 1512 1809 1601 ... grand
232 1621 616 1683 Dieu...
651 1618 1184 1687 ... hélas...
1214 1618 1809 1683 ... l'honneur
227 1724 1809 1813 l'exige? Oui, il faut ſacrifier mes
227 1827 1809 1913 plus chers intérêts à ſon repos, &
227 1933 1813 2022 plus encore à ſa gloire, qui ſeroit
227 2036 1809 2122 altérée par les funeſtes ſuites de
223 2139 1813 2225 ſa déſobéiſſance. Quel effrayant
227 2245 1813 2331 tableau que celui des malheurs
227 2348 1809 2441 qu'elle attireroit ſur lui! la perte
223 2451 1817 2540 de l'amitié de tous ſes proches, la
218 2561 1813 2646 haine d'une famille puiſſante, le
170 2660 1817 2735 ſoudre de l'exhérédation dont il
1332 2766 1503 2855 Aij
