2480 3507
697 333 1833 418 ELISABETH. 5
270 442 1837 545 vrai point à ce malheur, je le ſens:
226 555 1846 648 mais je n'aurai rien à me reprocher.
270 665 1841 754 L'amertume du remords n'ajoutera
266 771 1846 854 pas à ma douleur, & mon dernier
270 871 1846 976 ſoupir aura quelque douceur pour
261 976 1846 1073 moi, puiſqu'il ſera un hommage à
261 1087 649 1155 la vertu.
379 1190 1846 1286 Chere Henriette! toi qui con-
257 1299 1850 1378 nois toute la vivacité de ma ten-
261 1402 1854 1495 dreſſe, tu t'étonnes peut-être de
200 1508 1854 1587 ma noble réſolution; mais t'avoue-
269 1610 1858 1710 rai-je? ..... ah! ſans doute, je dois
270 1724 1859 1789 te montrer mon ame toute entiere.
257 1824 1859 1916 Il eſt juſte que mon unique amie
252 1930 1854 2026 pénetre les plus ſecrets replis de
257 2036 1859 2131 mon cœur; de ce cœur qui lui eſt
192 2131 1863 2228 tout dévoué, ainſi qu'à l'amour;
261 2242 1854 2338 mais à qui la voix de l'humanité &
261 2348 1946 2441 de l'honneur s'eſt heureuſement
261 2458 1863 2540 fait entendre. T'avouerai-je enfin,
266 2561 1859 2657 que malgré ſon pouvoir ſur mon
266 2667 1854 2753 ame, elle ſeule n'eût point été
1345 2773 1545 2862 A iij
