2480 3507
620 312 1740 387 6 ELISABETH.
629 439 2193 531 capable de me faire refuſer la foi
629 545 2193 631 de Luzan. Non, s'il m'eût montré
629 651 2201 749 moins d'amour, s'il ne m'eût pré-
629 749 2201 836 férée à tout comme il l'a fait, s'il
629 867 2201 960 ſe fût borné à gémir de nos com-
633 974 2206 1066 muns malheurs, s'il eût paru irré-
629 1080 2206 1159 ſolu, s'il n'eût laiſſé aucun exercice
629 1186 2206 1275 à ma généroſité, je te confeſſe
633 1292 2206 1382 que je n'aurois jamais eu la force
426 1399 2206 1488 de l'encourager à l'obéiſſance. La
573 1505 2210 1591 crainte de ne pas être auſſi tendre-
629 1611 2201 1700 ment aimée que je m'en étois flattée,
633 1721 2210 1807 n'eût produit que des plaintes, &
633 1824 2210 1913 mon ame, flétrie par la plus péné-
582 1930 2210 2019 trante douleur, ſenſible pour moi
633 2036 2210 2125 ſeule, ne m'eût point inſpiré le
638 2132 2279 2238 généreux ſacrifice de mon bonheur:
633 2249 2210 2338 ſacrifice que tu aurois admiré, ſi
638 2352 2210 2444 mon extrême franchiſe ne m'eût
638 2465 2206 2554 forcée à t'en découvrir la véritable
642 2564 2206 2657 ſource. Mais, chere amie, ſi par cet
638 2677 2210 2766 aveu je me prive de ton admira-
