2480 3507
747 320 2074 435 ELIsABETH.
310 425 2067 537 mure de mon cœur briſé par ce
245 551 907 658 violent effort
384 918 1789 1024 LEE I.
384 928 1036 980 T
475 1106 1716 1217 DELSAETH,
812 1281 1366 1351 au Chevalier.
293 1437 1876 1614 N, Luzan, non, je ne puis, ni
293 1620 2057 1733 ne dois recevoir des ſerments faits
289 1722 2040 1819 ſous les aufpices de la diſſimulation.
289 1827 1950 1925 Je ſens combien la loi, à laquelle
293 1933 1876 2019 on veut vous ſoumettre, ſans avoir
289 2037 1872 2140 conſulté votre aveu, eſt rigoureuſe;
289 2141 1876 2241 elle détruit nos eſpérances, elle
276 2250 1871 2351 bleſſe l'équité, mon cœur en gémit;
289 2356 1872 2460 mais l'injuſtice même du comte,
289 2461 1902 2563 ne vous autoriſoit pas à déguiſer
289 2567 1685 2653 le véritable motif de vos refus.
405 2674 1855 2778 Peut-être que, certain du peu
