2480 3507
307 322 528 367 L
615 343 1758 448 IOELIsAnETH.
611 448 2191 562 d'égard qu'il auroit aux diſpoſitions
611 573 2183 655 de votre cœur, vous avez cru inu-
611 672 2187 754 tile de les faire connotre; mais il
606 778 2187 854 failoit vous en aſſurer. La vérité,
611 884 2217 980 quelqu'en puiſſe être les ſuites, eſt
602 994 2183 1083 préférable à l'artifice. Cependant,
602 1100 2183 1190 j'avoue qu'il n'y a que trop de mo-
602 1196 2269 1296 tifs qui vous rendent excuſable à
602 1313 2187 1402 mes yeux, & ſi je n'en appellois
606 1419 2183 1508 qu'à mon propre cœur, il ne pour-
602 1525 2183 1597 roit vous blâmer; votre cauſe eſt
602 1632 2183 1717 la ſienne. Il plaide vivement pour
598 1731 2187 1820 vous; il me perſuade que la ſeule
602 1837 2299 1927 crainte de bleſſer ma gloire vous
602 1940 2187 2029 a empêché de déclarer vos ſenti-
602 2053 2183 2147 ments: mais, comme de cet aveu,
602 2147 2183 2245 dépend notre félicité ou la confir-
606 2259 2183 2338 mation de notre malheur, vous ne
602 2362 2183 2454 devez pas balancer à le faire quoi-
602 2465 2178 2564 qu'il en puiſſe réſuler. Si nous
602 2574 2178 2650 ſommes unis; ou condamnés à être
602 2677 2174 2773 ſéparés pour jamais, croyez, cher
