2480 3507
497 280 1669 361 ELISAEETH.
496 397 2074 493 qu'elle puiſſe déſormais recevoir
496 509 1508 580 de votre tendreſſe.
493 647 2071 813 y a une heure que j'ai ſait partir
487 821 2066 917 cette déſeſpérante lettre; ne te
1705 938 2065 1014 ... Que
483 931 1705 1024 parot-elle pas cruelle?..
484 1035 2066 1126 je crains qu'il ne me trouve bar-
484 1145 2062 1215 bare!... Lui ordonner moi-même
479 1247 2066 1321 Je ſacrifice de ſon amour......
483 1355 2005 1447 O Dieu! comment l'ai-je pu?...
483 1461 2061 1539 Mais, les traces de mes larmes, dont
480 1568 2062 1659 le papier eſt couvert, lui appren-
483 1673 2062 1762 dront au moins tout ce qu'il m'en
1015 1777 2057 1868 ... Hélasl quand j'au-
479 1775 980 1844 a coûté...
475 1881 2052 1979 rois épuiſé goutte-à-goutte tout le
476 1988 2058 2084 ſang qui anime mon être, pour
480 2096 2053 2166 tracer les triſtes caracteres de cette
470 2200 2053 2293 lettre, je n'aurois pas plus ſouf-
820 2306 2052 2378 ... Ah! s'il doutoit de mon
475 2310 790 2389 fert...
476 2409 1989 2503 amour, je ne répondrois pas....
476 2523 2049 2610 Mon courage m'abandonne, ma
475 2620 2045 2722 raiſon s'égare, quand je ſonge aux
