2480 3507
672 312 2026 398 ELSABETH.2
278 435 1857 525 que la plus auſtere vertu peut exiger
282 538 1857 624 d'une ame ſenſible? Dis-moi, fille
278 645 1857 737 incomparable, comment tu peux
278 751 1861 830 allier tant d'amour & de raiſon?
278 857 1861 950 Ton cœur brûle de la plus ardente
278 960 1861 1056 flamme, & cependant ta paſſion
278 1070 1865 1148 eſt ſubordonnée, non-ſeulement à
269 1176 1861 1272 ton devoir, mais à celui de ton
273 1279 1861 1368 amant. Ne crois donc pas, ma
273 1385 1865 1474 digne amie, t'être privée de mon
221 1488 1865 1577 admiration: au contraire, ta noble
273 1594 1870 1687 franchiſe y met le comble. T'a ſévere
273 1707 1861 1793 modeſtie, qui te force à dévoiler ſi
269 1807 1861 1896 ingénuement les difſérents motifs,
273 1920 1865 2005 qui t'ont rendue capable duglorieux
273 2016 1930 2112 ſacrifice que tu viens de faire, n'en
161 2112 1874 2218 ſçauroit diminuer le prix; daigne
273 2228 1870 2321 ſeulement le regarder avec les mê-
278 2341 1874 2427 mes yeux que ton Henriette, & tu
278 2441 1870 2533 ſeras dans le raviſſement de ta pro-
273 2550 1878 2639 pre vertu. Que ne donnerois-je pas
273 2657 1874 2756 pour te convaincre de la vérité de
395 2763 824 2835 Partie II.
