2480 3507
684 298 1840 377 ELISAEETf.
671 425 2239 494 ce ſentiment! Cette conſolante
667 528 2239 617 perſuaſion te tiendroit lieu de tout
671 634 2247 723 ce que tu crains d'avoir perdu, en
676 741 2247 809 ordonnant au chevalier de ſuivre
676 847 2252 936 la volonté de ſes parents. Tu me
684 953 2252 1042 demandes ſi je ne trouve pas trop
680 1056 2256 1145 cruelle la lettre que tu lui as
689 1162 2256 1241 écrite. aſſure - toi, tendre Eliſa-
680 1268 2252 1361 beth; le ſoin que tu as pris, fans le
676 1371 2260 1470 vouloir, je veux le croire, de lui
680 1470 2265 1567 faire entendre que les recherches
684 1584 2265 1669 des nouveaux aſpirants te ſeroien
684 1690 2260 1776 odieuſes, lui prouve trop combien
680 1793 2260 1882 ton cœur eſt à lui pour jamais. Tu
680 1896 2373 1981 lui conſeilles, il eſt vrai, de ſe ſou-
585 2005 2265 2094 mettre à la rigueur de ſon deſtin;
684 2115 2269 2201 mais tu l'aſſures en même temps
689 2214 2269 2307 que nul homme au monde ne ſçau-
684 2321 2269 2410 roit te plaire déſormais. C'eſt lui
684 2430 2273 2516 dire clairement que tu l'aimeras
676 2533 2269 2632 toute ta vie. Ne te reproche pas ce
676 2632 2260 2729 ſerment, c'eſt l'amour qui l'a fait
