2480 3507
759 331 1920 430 ELABETH.I
349 449 1929 556 i ton inſçu; la ſuite de tes exhor-
349 561 1929 666 tations au chevalier prouve la ſin-
344 667 1925 776 cérité de tes conſeils. Chere Eliſa-
340 770 1929 875 beth! je t'avoue que ton courage
345 873 1925 975 a ſurpaſſé mon attente. Cet effort
340 980 1933 1065 de vertu t'éleve un nouveau tem-
336 1088 1929 1192 ple dans mon cœur: tu y étois
336 1192 1925 1293 placée comme une amie unique-
340 1300 1932 1401 ment aimée; maintenant tu y es ho-
340 1404 1933 1507 norée, tu y regnes comme une divi-
340 1511 1929 1611 nité. Ah Dieu! ſi ce tendre & pur
336 1615 1807 1721 hommage pouvoit te ſuffire....
336 1728 1925 1829 Mais je ſçais trop que la perte de
331 1836 1929 1934 ce qu'on aime eſt irréparable......
327 1941 1929 2039 L'amitié adoucit les peines d'un
327 2044 1925 2146 cœur afligé; mais la vertu ſeule
323 2152 1925 2252 peut le guérir. Heureuſe dans ton
332 2256 1920 2336 malheur d'avoir un bon témoi-
328 2363 1924 2463 gnage à te rendre, je ne puis que
318 2465 1925 2566 former des vœux pour la conſtance
318 2570 1925 2678 de ta généreuſe réſolution. Séche
318 2681 1924 2784 donc tes pleurs, ou tu rendras ta
1423 2793 1597 2883 Bij
