<PcGts xmlns="http://schema.primaresearch.org/PAGE/gts/pagecontent/2017-07-15" xmlns:xsi="http://www.w3.org/2001/XMLSchema-instance" xsi:schemaLocation="http://schema.primaresearch.org/PAGE/gts/pagecontent/2017-07-15 http://schema.primaresearch.org/PAGE/gts/pagecontent/2017-07-15/pagecontent.xsd"><Metadata><Creator>User123</Creator><Created>2020-09-09T00:39:06</Created><LastChange>2020-09-09T00:39:06</LastChange></Metadata><Page imageFilename="0030.png" imageHeight="3507" imageWidth="2480"><TextRegion id="r0" type="paragraph" orientation="0.375"><Coords points="1,1 2478,1 2478,3505 1,3505"/><TextLine id="r0_l001"><Coords points="603,315 1807,307 1807,372 604,380"/><TextEquiv index="1"><Unicode>2ELISAEEr.</Unicode></TextEquiv></TextLine><TextLine id="r0_l002"><Coords points="599,434 2187,423 2187,516 599,527"/><TextEquiv index="1"><Unicode>pauvre Henriette plus à plaindre</Unicode></TextEquiv></TextLine><TextLine id="r0_l003"><Coords points="608,545 2188,534 2188,621 608,632"/><TextEquiv index="1"><Unicode>que toi, parce qu'elle n'a pas les</Unicode></TextEquiv></TextLine><TextLine id="r0_l004"><Coords points="603,649 1911,640 1912,731 604,740"/><TextEquiv index="1"><Unicode>mêmes ſujets de conſolation.</Unicode></TextEquiv></TextLine><TextLine id="r0_l005"><Coords points="720,755 2196,745 2196,825 720,835"/><TextEquiv index="1"><Unicode>L'abſence du baron eſt une heu-</Unicode></TextEquiv></TextLine><TextLine id="r0_l006"><Coords points="414,861 2252,849 2252,941 414,953"/><TextEquiv index="1"><Unicode>reuſe protection du ciel, qui veut</Unicode></TextEquiv></TextLine><TextLine id="r0_l007"><Coords points="607,967 2204,956 2205,1043 608,1054"/><TextEquiv index="1"><Unicode>t'éprouver &amp; non t'accabler par des</Unicode></TextEquiv></TextLine><TextLine id="r0_l008"><Coords points="607,1073 2196,1062 2197,1154 608,1165"/><TextEquiv index="1"><Unicode>maux au- deſſus de tes forces. Il</Unicode></TextEquiv></TextLine><TextLine id="r0_l009"><Coords points="613,1178 2209,1167 2209,1269 613,1280"/><TextEquiv index="1"><Unicode>t'auroit été impoſſible de cacher</Unicode></TextEquiv></TextLine><TextLine id="r0_l010"><Coords points="607,1286 2208,1275 2209,1375 608,1386"/><TextEquiv index="1"><Unicode>à ton oncle ta profonde triſteſſe:</Unicode></TextEquiv></TextLine><TextLine id="r0_l011"><Coords points="612,1386 2213,1375 2214,1472 613,1483"/><TextEquiv index="1"><Unicode>lui qui prend un ſi vif intérêt à tes</Unicode></TextEquiv></TextLine><TextLine id="r0_l012"><Coords points="616,1501 2213,1490 2213,1559 616,1570"/><TextEquiv index="1"><Unicode>moindres mouvements. Je connois</Unicode></TextEquiv></TextLine><TextLine id="r0_l013"><Coords points="617,1604 2213,1593 2214,1663 617,1674"/><TextEquiv index="1"><Unicode>ſon indiſcrete curioſité. Il auroit</Unicode></TextEquiv></TextLine><TextLine id="r0_l014"><Coords points="620,1711 2213,1700 2214,1786 621,1797"/><TextEquiv index="1"><Unicode>ſuppoſé tant de bizarres motifs à ton</Unicode></TextEquiv></TextLine><TextLine id="r0_l015"><Coords points="620,1813 2217,1802 2217,1898 621,1909"/><TextEquiv index="1"><Unicode>chagrin, que ta franchiſe naturelle</Unicode></TextEquiv></TextLine><TextLine id="r0_l016"><Coords points="616,1926 2214,1915 2214,2003 616,2014"/><TextEquiv index="1"><Unicode>ne t'auroit pas permis de lui dé-</Unicode></TextEquiv></TextLine><TextLine id="r0_l017"><Coords points="616,2030 2221,2019 2222,2109 617,2120"/><TextEquiv index="1"><Unicode>guiſer le véritable. Je te préviens</Unicode></TextEquiv></TextLine><TextLine id="r0_l018"><Coords points="620,2136 2217,2125 2218,2217 621,2228"/><TextEquiv index="1"><Unicode>de ſon manége à cet égard. Il n'eſt</Unicode></TextEquiv></TextLine><TextLine id="r0_l019"><Coords points="625,2244 2218,2233 2218,2324 625,2335"/><TextEquiv index="1"><Unicode>pas le ſeul à qui l'on puiſſe faire ce</Unicode></TextEquiv></TextLine><TextLine id="r0_l020"><Coords points="625,2347 2217,2336 2218,2426 626,2437"/><TextEquiv index="1"><Unicode>reproche. Lne femme, qui ſe diſoit</Unicode></TextEquiv></TextLine><TextLine id="r0_l021"><Coords points="616,2457 2217,2446 2218,2535 617,2546"/><TextEquiv index="1"><Unicode>mon amie &amp; que je ne regardois</Unicode></TextEquiv></TextLine><TextLine id="r0_l022"><Coords points="620,2563 2221,2552 2221,2639 620,2650"/><TextEquiv index="1"><Unicode>pas comme telle, me vint voir uu</Unicode></TextEquiv></TextLine><TextLine id="r0_l023"><Coords points="508,2663 2221,2652 2222,2748 509,2759"/><TextEquiv index="1"><Unicode>jour que j'étois tres affligée; je</Unicode></TextEquiv></TextLine></TextRegion></Page></PcGts>