2480 3507
648 319 1811 391 EELISABEr.
1816 521 2222 579 L
725 650 2135 788 LEE I.
734 692 1382 743 T
808 898 2053 974 DELISAEETH,
955 1056 1906 1121 à Madame d'ALBI.
661 1210 2226 1382 Oue les éloges d'une amie ten-
640 1392 2226 1460 dre & vertueuſe ſont efficaces ! Ta
640 1495 2226 1573 conſolante lettre, chere Henriette,
644 1604 2231 1690 m'a tellement élevée à mes propres
635 1707 2252 1803 yeux, non par un ſentiment d'or-
644 1813 2295 1903 gueil, mais par le deſir de juſtifier
640 1916 2222 2009 la haute opinion que tu as priſe de
640 2026 2222 2112 moi, qu'il n'eſt rien de louabre
635 2129 2226 2221 dont je ne me ſente capable. Il ne
558 2238 2231 2328 falloit pas moins qu'un ſi grand
635 2341 2222 2430 motif, pour me faire triompher de
635 2451 2222 2537 la plus ſenſible épreuve ou mon
640 2557 2231 2643 cœur pût être mis. Je puis t'aſſurer,
623 2663 2222 2756 que quand tous les regards auroient
