2480 3507
712 309 1869 394 ELISABETI.
302 425 1907 507 été attachés ſur ma conduite, ils
305 541 1876 642 n'auroient pas agi auſſi puiſſamment
305 640 1876 740 ſur mon ame, que ta tendre & ſé-
306 761 846 823 vere amitié.
419 860 2024 956 Tu partages mes peines, je n'en
302 967 1877 1052 puis douter, chere Henriette; mais,
302 1073 1877 1166 plus ton cœur prend ſa part de ce
255 1176 1882 1268 triſte fardeau, moins tu me par-
306 1286 1882 1378 donnerois une foibleſſe, cela doit-
311 1392 1882 1477 être, je l'avoue; & moi-même, je
302 1498 1882 1587 me la reprocherois mille fois davan-
306 1604 1886 1693 tage, ſi j'en étois coupable, parce
306 1711 1886 1800 que la ſincere amitié qui nous lie
306 1813 1890 1903 rendant nos intérêts communs, je
306 1920 1890 2016 ne pourrois bleſſer ma gloire ſans
306 2029 1890 2118 nuire à la tienne. Cette vérité, que
302 2136 1890 2228 je ne ceſſerai jamais de me retra-
311 2238 1899 2331 cer, me rendra plus rigoureuſe pour
311 2348 1890 2424 moi-même, & me fera ſans doute
306 2451 1890 2523 éviter bien des fautes. Elle me
306 2557 1890 2650 prouve chaque jour l'avantage &
311 2657 1856 2756 la néceſſité d'un ſage & fidele ami.
