2480 3507
623 303 1793 391 ELTSABETH.
728 420 2195 522 Tu t'étonnes peut-être de mes
615 527 2191 632 réflexions, mais j'ai beſoin de les
623 630 2196 739 faire pour expliquer un endroit de
627 741 2199 837 ta réponſe, ou ſûrement ton cœur
623 848 2204 951 n'a pas été l'organe de ta plume.
623 952 2204 1053 C'eſt lui que j'iterroge. Quoi? la
623 1058 2200 1158 lettre, que j'ai écrite à Luzan, ne t'a
623 1158 2204 1263 pas parue cruelle?..... Hélas! ſi
627 1267 2213 1379 elle t'eût été addreſſée, tu l'aurois,
627 1369 2204 1459 comme lui, trouvée inhumaine; &
631 1478 2208 1579 ce que je craignois le plus, il a
523 1584 2209 1685 douté quelques moments de ma
631 1689 2209 1788 tendreſſe. Ah! s'il ſçavoit que ce
636 1790 2333 1912 doute, confirmé par ſa bouche,
632 1901 2334 2004 anéantiroit mon courage, il ceſſe-
627 2010 2213 2111 roit bientêt de ſe plaindre de ma
627 2116 2203 2218 cruauté. S'il ſçavoit ce que mon
628 2219 2209 2322 cœur ſouffre, pour obtenir ton
631 2325 2213 2420 approbation & la ſienne .... Mais,
627 2430 2217 2534 je n'en dois pas murmurer, votre
449 2540 2216 2629 eſtime me conſole de tout......
631 2647 2230 2733 Dui, mon amie, mon amant, vous
2030 2757 2209 2825 êtes
