2480 3507
720 333 1875 418 E.EISAEETH.25
323 453 1888 528 êtes mes dieux ſur la terre; de tous
318 555 1888 641 les dons du ciel, vous êtes le plus
318 658 1893 741 cher à mon cœur. Privée de mes
227 768 1893 857 parents, mes guides naturels, née
323 867 1897 956 malheureuſement trop ſenſible, li-
323 974 1897 1063 vrée à moi - même, que ſerois - je
318 1080 1901 1159 devenue, ſi les liens ſacrés de l'a-
318 1186 1901 1255 mour & de l'amitié ne m'euſſent
318 1289 1954 1378 fait regarder la ſageſſe de l'un &
323 1392 1906 1493 l'honnêteté de l'autre, comme des
323 1493 2067 1591 idoles qui ont de juſtes droits à mes
318 1604 1901 1697 hommages, & à qui je dois de con-
301 1711 1906 1800 tinuels ſacrifices pour les mieux
318 1813 1906 1916 honorer, & me rendre digne de la
314 1916 1361 1992 tendreſſe de tous deux.
445 2029 1910 2112 J'ai reçu ce matin des nouvelles
318 2125 1910 2225 du chevalier, & la réponſe que ſa
314 2235 1910 2314 mere lui a faite. Son but, en me la
318 2341 2032 2427 communiquant, eſt de me con-
323 2448 1910 2520 vaincre de l'invincible averſion de
323 2550 1910 2643 da marquiſe, pour la perſonne que
318 2660 1923 2756 l'on deſtine à ſon fils. Sa laideur.
449 2766 868 2866 Partie II.
