2480 3507
736 360 1907 456 ELISABETH.2
296 487 1898 576 ſa lettre que je tranſcrirai, ainſi
331 593 2107 682 que celle de ſa mere que je livre
331 696 1907 789 à ton examen; tu verras, dis-je,
335 799 1907 888 que jamais ſa paſſion n'eut tant
261 905 1907 998 d'énergie que depuis ma doulou-
313 1011 1915 1080 reuſe réſolution. n caractere ſi
335 1114 1915 1203 doux s'enflammer par les obſta-
340 1220 1924 1310 cles! je ne l'aurois pas imaginé.
335 1323 1920 1412 Il eſt vrai qu'il eſt contrarié par le
340 1429 1963 1519 ſort & par mes refus. Je ſens qu'il
344 1532 1928 1625 eſt trop malheureux, & ſa ſituation
340 1642 1924 1731 m'afflige plus que la mienne propre.
344 1741 1924 1834 Mais hélas! inutile pitié! je n'ai
340 1848 1928 1940 pas cru devoir dementir ce que
344 1954 1928 2043 j'avois ſi courageuſement com-
344 2060 1928 2146 mencé; & ma réponſe n'eſt qu'une
348 2160 1937 2258 confirmation de celle dont je t'ai
353 2258 1933 2355 envoyé la copie. Je ne ſçais quelle
348 2372 1937 2458 en ſera l'ifſue, ni ce que le ſort me
348 2475 1937 2567 prépare; mais je t'avoue que je
300 2578 1942 2674 ſens l'eſpérance au fond de mon
335 2687 1946 2777 cœur, quelqu'effort que la raiſon
1441 2790 1611 2883 Cij
