2480 3507
528 343 1676 429 OELIsABET.
515 463 2113 555 à toi, qui eſt tout ce qu'il y a de
524 569 2092 638 beau & de charmant dans l'uni-
524 675 2092 744 vers. Demande - moi le ſacrifice
524 782 2096 871 de ma vie, je ſuis prêt à te l'im-
524 884 2096 974 moler. Le ciel m'eſt témoin que je
520 991 2100 1080 n'en ſouhaite la durée, que pour
520 1090 2230 1179 t'adorer: mais, ne me condamne
520 1200 2096 1289 point à l'horreur d'en aimer une
528 1306 2100 1407 autre; ne m'te pas l'eſpérance de
524 1407 2100 1505 poſſéder éternellement ton cœur,
528 1515 2105 1597 ce thréſor de ſentiment, ce ſan-
533 1621 2113 1714 tuaire de la vertu. C'eſt cette rigou-
533 1728 2135 1820 reuſe vertu, qui t'a inſpiré le cruel-
450 1834 2113 1927 & généreux ſacrifice de ta ten-
537 1947 1005 2012 dreſſe....
1096 1944 2118 2022 ...Adorable amante,
541 2050 2131 2139 qui, en me donnant la mort, me
546 2153 2131 2242 pénetre d'admiration; oui, ton
541 2256 2122 2352 noble courage ajoute à mon hom-
546 2362 2118 2454 mage, & tout mon être eſt pro-
528 2461 2126 2540 ſterné dans l'extaſe de tes divines
550 2571 2118 2667 perſections. Connoiſſant ſi bien
550 2681 2118 2770 l'ineſtimable prix de ton cœur,
