2480 3507
573 329 1753 429 2ELIsAEE.
573 463 2141 559 répugnance pour ce mariage. Elle
573 566 2145 648 me menace de ſa malédiction, ſi
573 669 2150 776 j'oſe le contracter. Cette lettre à
573 776 2145 867 mis le comte en fureur. Dans le
569 884 2154 977 premier tranſport de ſa colere, il
573 994 2150 1083 a exigé de moi la promeſſe de ne
569 1097 2150 1190 jamais faire mes vœux. Le reſpect
573 1207 2150 1296 & l'amour ne m'ont pas permis de
573 1310 2154 1402 balancer. Je me ſuis engagé volon-
577 1412 2154 1484 tiers à une condition ſi conforme à
582 1519 2154 1608 mon penchant. Cet acte de ſou-
577 1625 2150 1714 miſſion l'a d'autant plus appaiſé,
577 1728 2154 1817 qu'il a penſé que ſon autorité l'em-
577 1837 2154 1923 porteroit en tout point ſur celle
577 1940 2154 2036 de ma mere. Il croit avoir beaucoup
582 2050 2171 2129 obtenu, mais ma ferme réſiſtance
577 2156 2270 2254 lui apprendra, que l'étornel obſta-
582 2254 2253 2348 cle à ſa volonté eſt gravé dans mon
547 2369 2154 2458 cœur, que la divine image de mon
582 2472 2154 2564 Eliſabeth y eſt empreinte pour ja-
543 2581 2154 2670 mais, & que pour l'en effacer, il
586 2684 2154 2777 faudroit le priver de ſentiment.
