2480 3507
740 343 1950 429 ELISABETH.3
387 459 1955 549 Conſens donc, chere amante, que
383 566 1976 658 je vive pour être à toi. Deux mots
383 672 1959 758 de ta main vont me rendre le plus
387 775 2159 864 heureux, ou le plus miſérable des
383 881 1955 967 mortels. Mon meſſager a ordre d'at-
387 987 1981 1073 tendre votre réponſe. Ton cœur,
383 1090 1955 1183 chere Eliſabeth, aura-t-il pitié de
383 1186 1802 1286 ma douloureuſe impatience?
1863 1395 1963 1453 L
469 1608 1880 1689 EIIAEAII
797 1741 1567 1851 De la Marquiſe,
814 1896 1445 2012 u Chevalier.
173 2119 1967 2224 utsue tu reſuſes l'illuſtre
396 2256 1972 2352 alliance que l'on te propoſe, le
396 2355 1981 2451 ciel, mon cher fils, a donc enfin
400 2461 1968 2544 exaucé mes vœux. Qu'il ſoit mille
400 2567 1963 2657 fois béni & glorifié, en action de
405 2667 1968 2766 grace de l'heureux changement qui
