2480 3507
558 336 1705 435 3ELISABET.
484 453 2124 545 chaque jour les plus ardentes
545 566 942 648 prieres.
667 665 2128 754 Ton grand - pere, uniquement
554 768 2124 854 occupé de ſes projets ambitieux,
488 871 2132 960 a les yeux fermés ſur tes plus chers
549 977 2176 1066 intérêts. Il eſt trop préoccupé par
549 1080 2132 1178 ſa paſſion, il ne peut voir, comme
554 1178 2132 1265 moi, tous les malheurs & les dé-
554 1289 2132 1378 goûts à quoi t'expoſeroit l'alliance
554 1392 2132 1477 à laquelle il prétend te contraindre.
554 1495 2137 1584 Séduit par l'éclat d'un grand nom,
554 1601 2132 1690 il n'a pas même ſongé ſi l'épouſe
558 1707 2137 1796 qu'il te deſtinoit pouvoit faire ton
563 1813 2141 1903 bonheur, & obtenir mon appro-
558 1920 2141 2005 bation. Il eſt vrai que, quand tu
563 2026 2132 2112 épouſerois la femme la plus parfaite,
558 2129 2137 2221 j'en ſerois affligée, parce que tu ne
563 2232 2167 2324 ſerois pas auſſi heureux que dans
563 2341 2137 2413 l'ordre de Malte: mais mademoi-
567 2444 2141 2533 ſelle de N.... telle que je la con-
567 2550 2141 2639 nois, fût-elle la premiere princeſſe
510 2650 2137 2749 du monde, je ne conſentirois
