2480 3507
741 321 1907 415 ELISAhETH.
340 442 1916 541 jamais qu'elle devint ma fille. Je
337 547 1916 633 l'ai déclaré au comte, & comme
340 651 1920 754 je ne doute pas qu'il te preſſera plus
344 764 1915 849 encore de lui obéir, & que tu ne
344 849 1919 962 trouveras peut-être pas toujours en
349 970 1925 1068 toi la même force pour réſiſter à
349 1076 1929 1174 l'attrait d'un mariage ſéduiſant en
353 1184 1933 1279 apparence, il eſt de mon devoir
357 1282 2093 1386 de t'inſtruire des raiſons propres à
357 1387 1407 1493 fortifier ton courage.
474 1500 1937 1596 Dieu, qui lit dans mon cœur,
366 1602 1942 1701 m'eſt témoin ſi jamais je m'attachois
366 1709 1942 1802 à examiner les défauts d'autrui, ni
370 1813 1941 1913 à les mettre au jour, à moins que
367 1921 1945 2019 par un concours de circonſtances,
374 2022 1951 2128 je n'aie pu me taire ſans intéreſſer
379 2126 1955 2223 ma conſcience; aujourd'hui, mon
383 2233 1955 2335 fils, qu'il eſt queſtion de ton mal-
383 2339 1955 2439 heur ou de la félicité de ta vie, je
392 2447 1959 2549 ne crois pas qu'il me ſoit permis de
387 2549 1958 2656 te laiſſer ignorer tout ce qui peut
400 2661 1639 2774 avoir rapport à cet objet.
