2480 3507
614 287 1780 383 38ELISsABErn.
721 412 2183 515 Pendant ton ſéjour en Italie, j'al
609 518 2183 624 paſſé, comme tu l'as ſçu, toute la
497 622 2183 732 belle ſaiſon à la terre de ton grand-
604 728 2174 837 pere: pendant que j'y étois, ma-
600 828 2170 917 dame & fademoiſelle de N....
596 941 2169 1046 y paſſerent un mois: ce fut-là, que
591 1049 2166 1152 j'eus occaſion de les connoitre par-
587 1153 2157 1253 faitement. Des les premiers jours,
587 1260 2157 1364 je m'apperçus que la mere étoit non
583 1365 2153 1462 ſeulement une coquette outrée,
397 1467 2153 1573 mais, qu'elle avoit de grandes pré-
578 1575 2153 1677 tentions à l'eſprit. Tu ſçais combien
574 1678 2148 1782 ces perſonnes ſont inſupportables.
569 1784 2144 1887 La fille me parut une idiote ache-
570 1890 2144 1982 vée, dont le ſeul caractere diſtin-
564 1993 2131 2109 ctif eſt d'être impolie juſqu'à l'in-
561 2101 2131 2211 décence: j'en fis entendre quelque
552 2208 2126 2297 choſe à madame de N.... Elle
552 2318 2130 2425 me dit, en riant, que c'étoit pure
548 2420 2115 2527 timidité. Ce ton léger ſur un point
539 2529 2111 2630 ſi important m'éclaira. Je vis
544 2633 2110 2742 qu'uniquement occupée de ſa per-
