2480 3507
647 286 2157 385 ELISABETH.
345 397 2101 514 ſonne & du deſir de plaire, elle
341 510 1940 606 s'inquiétoit peu des défauts de ſa
341 597 1940 716 fille, & ne s'étoit point attachée à
358 722 1962 831 réparer en elle les diſgraces de la
358 829 1941 931 nature, en formant ſon cœur par la
359 934 1946 1041 piété, ſon eſprit par les talents, &
358 1038 1945 1154 ſon caractere à la douceur. Je vis
366 1140 1950 1247 trop clairement, qu'elle avoit né-
362 1249 2110 1357 gligé ſon éducation par art; ſon
371 1357 1950 1460 genre de vie, lui ayant fait ſentir de
375 1463 1954 1558 bonne heure la néceſſité d'en faire
375 1569 1954 1675 une compagne afſidue, propre à la
371 1664 1954 1783 ſeconder dans ſes caprices. Elle a
374 1780 1958 1885 voulu que, dans les comparaiſons
380 1886 1957 1991 que l'on ſeroit à portée d'en faire,
385 1990 2118 2095 ſa ſupériorité en tout point fit
379 2095 2079 2200 diſparotre. la jeuneſſe de ſa fille,
379 2199 1959 2306 qui eſt réellement le ſeul avantage
379 2305 1959 2413 qu'elle ait: car ne l'ayant élevée,
379 2412 1958 2518 ni pour Dieu, ni pour le monde,
384 2519 1963 2623 elle en a fait une vraie pagode
392 2625 1963 2729 mouvante: encore ne paroit-elle
