2480 3507
465 285 1758 391 ELISABETH.
620 408 2188 501 animée que quand elle eſt en co-
620 514 2184 610 lere contre ſes domeſtiques. Juge,
620 621 2188 713 mon fils, ſi tu pourrois être heu-
620 730 2188 819 reux avec une telle compagne. Je
616 833 2188 926 ne te parle point de ſa figure, quoi-
616 936 2188 1035 qu'elle ſoit tres déſagréable; je ſçais
616 1046 2188 1138 qu'un homme ſenſé n'eſt pas rebuté
612 1152 2193 1244 par la figure, quand d'ailleurs il
414 1262 2184 1361 trouve des qualités eſtimables;
616 1361 2188 1453 comme beaucoup de modeſtie dans
616 1471 2188 1563 la perſonne, & d'auſtérité dans les
616 1584 2184 1669 mœurs, ce qu'une femme ne peut
612 1683 2180 1776 avoir ſans un grand fond de piété.
607 1793 2180 1879 oilà le point capital, mon fils, &
607 1903 2171 1988 que l'on trouve rarement dans le
603 2005 2171 2091 monde, à moins que, comme moi,
607 2112 2171 2201 ce ne ſoit quelque victime arra-
603 2214 2167 2307 chée, malgré elle, d'un ſaint azyle,
603 2324 2167 2417 & immolée à la folle vanité de ſa
603 2430 2167 2523 famille. On ne doit guere, ſans ces
603 2533 2167 2615 circonſtances, ſe flatter de trouver
551 2639 2171 2729 des femmes telles que l'humilité
1702 2742 2176 2864 chrétienne
