<PcGts xmlns="http://schema.primaresearch.org/PAGE/gts/pagecontent/2017-07-15" xmlns:xsi="http://www.w3.org/2001/XMLSchema-instance" xsi:schemaLocation="http://schema.primaresearch.org/PAGE/gts/pagecontent/2017-07-15 http://schema.primaresearch.org/PAGE/gts/pagecontent/2017-07-15/pagecontent.xsd"><Metadata><Creator>User123</Creator><Created>2020-09-09T00:39:09</Created><LastChange>2020-09-09T00:39:09</LastChange></Metadata><Page imageFilename="0051.png" imageHeight="3507" imageWidth="2480"><TextRegion id="r0" type="paragraph" orientation="-0.0"><Coords points="1,1 2478,1 2478,3505 1,3505"/><TextLine id="r0_l001"><Coords points="726,377 1895,377 1895,463 726,463"/><TextEquiv index="1"><Unicode>ELISABETH.</Unicode></TextEquiv></TextLine><TextLine id="r0_l002"><Coords points="311,494 1904,494 1904,586 311,586"/><TextEquiv index="1"><Unicode>chrétienne nous enſeigne qu'elles</Unicode></TextEquiv></TextLine><TextLine id="r0_l003"><Coords points="315,603 1890,603 1890,696 315,696"/><TextEquiv index="1"><Unicode>devroient être: car j'ai remarqué</Unicode></TextEquiv></TextLine><TextLine id="r0_l004"><Coords points="315,706 2052,706 2052,806 315,806"/><TextEquiv index="1"><Unicode>que leur premier vice eſt l'irréli-</Unicode></TextEquiv></TextLine><TextLine id="r0_l005"><Coords points="315,812 1899,812 1899,902 315,902"/><TextEquiv index="1"><Unicode>gion, &amp; de celui-la découlent né-</Unicode></TextEquiv></TextLine><TextLine id="r0_l006"><Coords points="319,919 1899,919 1899,1015 319,1015"/><TextEquiv index="1"><Unicode>ceſſairement tous les autres, &amp; je</Unicode></TextEquiv></TextLine><TextLine id="r0_l007"><Coords points="322,1083 322,1082 319,1082 318,1082 318,1080 318,1079 315,1079 314,1079 314,1052 314,1051 311,1051 310,1051 310,1049 311,1048 314,1048 314,1048 314,1046 315,1045 318,1045 318,1045 318,1042 319,1041 322,1041 322,1041 322,1018 322,1017 289,1017 288,1017 288,1015 288,1014 284,1014 283,1014 283,1011 284,1010 324,1010 324,1011 324,1024 325,1024 1889,1024 1889,1025 1889,1041 1890,1041 1894,1041 1894,1042 1894,1045 1895,1045 1898,1045 1898,1046 1898,1086 1898,1086 1807,1086 1806,1087 1806,1106 1806,1106 325,1106 324,1107"/><TextEquiv index="1"><Unicode>t'avoue que c'eſt cet article, qui</Unicode></TextEquiv></TextLine><TextLine id="r0_l008"><Coords points="315,1128 1899,1128 1899,1214 315,1214"/><TextEquiv index="1"><Unicode>m'a donné la plus mauvaiſe opi-</Unicode></TextEquiv></TextLine><TextLine id="r0_l009"><Coords points="315,1231 2035,1231 2035,1310 315,1310"/><TextEquiv index="1"><Unicode>nion de madame &amp; mademoiſelle</Unicode></TextEquiv></TextLine><TextLine id="r0_l010"><Coords points="223,1337 1912,1337 1912,1423 223,1423"/><TextEquiv index="1"><Unicode>de N.... Je ne puis me rappeller,</Unicode></TextEquiv></TextLine><TextLine id="r0_l011"><Coords points="315,1440 1912,1440 1912,1529 315,1529"/><TextEquiv index="1"><Unicode>ſans gémir, la répugnance qu'elles</Unicode></TextEquiv></TextLine><TextLine id="r0_l012"><Coords points="315,1546 1912,1546 1912,1640 315,1640"/><TextEquiv index="1"><Unicode>avoient pour toutes les pratiques</Unicode></TextEquiv></TextLine><TextLine id="r0_l013"><Coords points="311,1640 1912,1640 1912,1741 311,1741"/><TextEquiv index="1"><Unicode>de piété.Jamais d'oraiſons, ni de</Unicode></TextEquiv></TextLine><TextLine id="r0_l014"><Coords points="306,1752 1912,1752 1912,1837 306,1837"/><TextEquiv index="1"><Unicode>lectures édifiantes, pendant tout</Unicode></TextEquiv></TextLine><TextLine id="r0_l015"><Coords points="306,1855 1912,1855 1912,1944 306,1944"/><TextEquiv index="1"><Unicode>le temps qu'elles ont paſſé à L</Unicode></TextEquiv></TextLine><TextLine id="r0_l016"><Coords points="315,1961 1917,1961 1917,2046 315,2046"/><TextEquiv index="1"><Unicode>comme dans toute leur vie, j'en</Unicode></TextEquiv></TextLine><TextLine id="r0_l017"><Coords points="319,2067 1917,2067 1917,2153 319,2153"/><TextEquiv index="1"><Unicode>répondrois, elles n'ont aſſiſté à au-</Unicode></TextEquiv></TextLine><TextLine id="r0_l018"><Coords points="175,2170 1925,2170 1925,2267 175,2267"/><TextEquiv index="1"><Unicode>cun office religieux. Excepte la</Unicode></TextEquiv></TextLine><TextLine id="r0_l019"><Coords points="324,2267 1925,2267 1925,2362 324,2362"/><TextEquiv index="1"><Unicode>meſſe, elles ſe diſpenſent, ſous di-</Unicode></TextEquiv></TextLine><TextLine id="r0_l020"><Coords points="263,2379 1930,2379 1930,2468 263,2468"/><TextEquiv index="1"><Unicode>vers prétextes, des autres-devoirs;</Unicode></TextEquiv></TextLine><TextLine id="r0_l021"><Coords points="333,2485 1930,2485 1930,2581 333,2581"/><TextEquiv index="1"><Unicode>matines, vêpres, complies, falut,</Unicode></TextEquiv></TextLine><TextLine id="r0_l022"><Coords points="324,2588 1930,2588 1930,2681 324,2681"/><TextEquiv index="1"><Unicode>tout cela eſt négligé. Jamais ma-</Unicode></TextEquiv></TextLine><TextLine id="r0_l023"><Coords points="328,2698 1930,2698 1930,2792 328,2792"/><TextEquiv index="1"><Unicode>dame de N... ne s'eſt enferrée</Unicode></TextEquiv></TextLine><TextLine id="r0_l024"><Coords points="464,2792 884,2792 884,2866 464,2866"/><TextEquiv index="1"><Unicode>Partie II.</Unicode></TextEquiv></TextLine><TextLine id="r0_l025"><Coords points="1339,2801 1606,2801 1606,2866 1339,2866"/><TextEquiv index="1"><Unicode>L</Unicode></TextEquiv></TextLine></TextRegion></Page></PcGts>