2480 3507
474 329 1834 429 ELISABETH.
239 449 2003 545 plus efficace pour triompher des
243 559 1829 651 tentations, ce ſeroit de faire tes
239 669 1829 754 voœux; quoique tu ne m'en parles
230 768 1816 864 point dans ta leſtre, j'eſpere que tu
230 878 1812 946 mettras bientût le comble à ma
230 980 1825 1073 joie, en ne me laiſſant aucune
235 1083 1821 1185 crainte ſur un ſujet ſi intéreſſant
230 1185 1721 1289 pour ta tendre & bonne mere.
247 1333 1815 1515 uz penſes - tu, chere Hen-
229 1507 1820 1607 riette, de cette lettre? Ces choſes
226 1618 1821 1707 déſavantageuſes qu'on y dit de ma-
226 1724 1825 1810 demoiſelle de MN.... & que le
226 1827 1825 1920 chevalier n'a pas craint de me con-
226 1930 1816 2022 fier, prouve qu'il eſt bien réſolu
230 2036 1825 2122 de n'en jamais faire ſa femme.
230 2139 1829 2228 Mais, le parti, que l'honneur m'o-
230 2242 1825 2334 blige de lui preſcrire, l'y forcera
229 2344 1828 2440 malgré lui. Ah Dieu! ton Eliſabeth
234 2439 1828 2543 en mourra de douleur, ſi e ſort
238 2553 1824 2658 cruel permet ces funeſtes nœuds,
229 2657 2041 2779 Si la marquiſe étoit moins infor-
1260 2756 1499 2886 Dij
