2480 3507
797 314 1955 407 ELISsABETH.5
387 431 1954 536 à ce que renfermoit cette lettre que
379 561 1959 641 tu veux que mon cœur trouve
392 650 1959 747 cruelle? mais, tu viens encore de
392 755 1964 858 couronner ta généreuſe réſolution
396 862 1967 961 par un ordre plus abſolu. Juſque-là
396 968 1968 1046 tu avois immolé ton amour à l'a-
396 1072 1968 1159 mour même, c'eſt-à-dire, aux in-
198 1180 1976 1281 térêts de Luzan; mais apprends
405 1283 1989 1385 moi, fille vraiment héroique, com-
409 1392 1985 1489 ment tu as fait pour réſiſter à la
413 1496 1988 1598 pitié, à ce ſentiment toujours trop
414 1599 1989 1702 victorieux ſur notre ſexe, & que
413 1706 1998 1807 les hommes emploient artificieuſe-
418 1816 1993 1911 ment, comme un ſûr moyen de
349 1920 1998 2022 nous conduire à des foibleſſes. La
426 2023 2002 2104 lettre de Luzan m'a touchée moi-
431 2127 2007 2235 même, & jete confeſſe qu'à ta
431 2224 2011 2338 place, je n'aurois peut - être pas
435 2337 2011 2438 eu la force de faire l'indiſpenſable
439 2444 2011 2545 & ſage réponſe que tu lui as faite.
551 2547 2023 2648 En vérité, chere Eliſabeth, je
443 2654 2028 2760 ne ſçais ſi l'amitié m'aveugle, mais
