2480 3507
473 302 1648 391 ELISAEr.
469 429 2056 514 je te trouve, dans cette circon-
469 535 2048 610 ſtance, fort au- deſſus de nos héros
469 638 2052 730 de tragédie. La pluspart des poétes
464 744 2043 836 ſe contentent de leur donner l'hor-
460 847 2126 932 reur du vice, les remords du crime
464 960 2043 1046 avant que de l'avoir commis, & l'a-
460 1066 2048 1162 mour de la vertu pour cffacer l'im-
460 1169 2039 1258 preſſion de leur foibleſſe. Mais toi,
460 1272 2043 1364 chere Eliſabeth, plus grande à mes
455 1378 2039 1467 yeux, tu ne fais rien qui ne ſoit con-
455 1484 2039 1573 forme à la plus pure morale, & ton
442 1594 2035 1680 premier pas vers la victoire de ton
451 1697 2039 1786 penchant eſt un engagement ſacré,
451 1800 2039 1889 dont toi ſeul eſt peut être capable
455 1909 2035 1992 de remplir la loi avec tant de con-
451 2016 2030 2101 ſtance. Ne te plains plus, incom-
447 2118 2035 2214 parable amie, d'être née trop ſen-
447 2225 2035 2314 ſible; tes paſſions font ta gloire.
447 2328 2039 2417 Quelle autre ſçut mieux les tourner
442 2430 2035 2526 à l'avantage de la vertu? Ah! ſi la
447 2537 2035 2609 mere du chevalier connoiſſoit tes
438 2646 2026 2735 précieuſes qualités, malgré ſa pré-
