2480 3507
765 339 1925 422 ELISAESBT.
343 453 1934 549 vention contre le mariage; je crois
343 562 1934 655 qu'elle deſireroit te nommer du
348 669 1934 761 doux nom de ſa fille: mais peut-être
352 778 1934 871 auſſi, que, malgré ſon eſtime pour
348 881 1934 974 toi, elle ne pourroit ſe réſoudre au
352 987 1934 1076 ſacrifice de ſa prévention. C'eſt le
352 1094 1938 1190 propre des eſprits faux d'être obſti-
352 1200 1938 1289 nés, ſur-tout les dévots qui préten-
356 1306 1947 1395 dent être éclairés par la grace; ils
352 1409 1942 1498 renonceroient plus-tt à la vie qu'à
352 1512 1947 1604 leur opinion. Il faut que la charité
348 1621 1947 1711 d'une dévote ſoit une vertu plus
348 1728 1947 1817 active que toutes celles qui me ſont
352 1831 1947 1920 connues. Avec quelle ſagacité &
352 1930 1951 2026 quelle profonde étude, la marquiſe
365 2040 1951 2129 creuſe & développe le caractere de
369 2142 1947 2238 madame & mademoiſelle de ..!
356 2249 1955 2338 Certes, il ne manque rien à leur
369 2355 1955 2444 portrait, & les ſcrupuleux détails
374 2461 1955 2558 apprennent bien quelle eſt la ſça-
361 2558 1951 2657 vante main qui a tenu le pinceau:
378 2670 1947 2763 mais, ce que j'admire le plus, eſt
