2480 3507
736 415 1885 521 ELSABETH.5
305 521 1889 624 que je ne pouvois retenir. Bion
305 641 1894 723 différente de toi, chere Eliſabeth,
331 751 1902 840 qui eut un jour le courage de dire
331 850 1976 946 à quelqu'un, que tu allois te re-
331 960 1907 1046 tirer, s'il continuoit de flétrir la
331 1063 1911 1152 réputation d'une perſonne que nul
340 1169 2072 1258 de l'aſſemblée ne conoiſſoit non
331 1275 1911 1361 plus que toi, & de qui, par conſé-
335 1382 1915 1467 quent, on ne pouvoit prendre la
340 1484 1920 1573 défenſe. Il eſt vrai que tu mis tant
340 1587 2029 1676 de douceur dans ta franchiſe, que
296 1693 1924 1783 tu déſarmas le ſatyrique. Il avoua
335 1800 1924 1892 que, s'il recevoit ſouvent de pa-
340 1903 1928 1995 reilles leçons, il ceſſeroit bientot
344 2009 1928 2091 de mériter le titre de méchant,
348 2112 1968 2204 qu'on lui donnoit en riant, comme
340 2214 1571 2314 pour l'encourager à l'être.
461 2321 1933 2410 Que de ſouvenirs agréables pour
344 2430 1937 2516 ton cœur! Si ton Henriette pouvoit
348 2537 1937 2626 te rappeller dans ce moment, tout
353 2636 1937 2732 ce qu'elle t'a vu faire de bien! Je
352 2741 1980 2837 ne puis aſſez t'applaudir mon gré
1405 2834 1597 2934 Eii
