2480 3507
781 247 1925 377 esBeT.
439 668 1850 794 LEAITEAA.
531 844 1743 946 DELISAEET,
660 1032 1610 1097 à Madame d'ALEI.
358 1196 1929 1369 nu! qu'ai - je fait? que
142 1369 1925 1460 vais- je devenir? mon cœur ne ſou-
341 1477 1925 1570 tiendra point ce coup affreux. Hen-
341 1587 1920 1676 riette, ne vante plus mon courage;
337 1693 1920 1786 de quoi m'a-t-il ſervi? qu'à me cau-
332 1800 1916 1892 ſer le plus grand des malheurs ....
311 1906 1920 1998 Hélas! je ne verrai peut-être plus
328 2012 1912 2088 le chevalier, ſa vie eſt dans un
1260 2118 1912 2184 ...Dieu tout-
332 2118 1221 2204 extrême danger...
324 2221 1912 2317 puiſſant!.bonté du ciel, rendez-le
328 2331 1907 2420 à mes vœux, je n'oſe dire à mon
328 2434 1907 2523 cœur: qu'il foit à une autre, s'il le
328 2540 1907 2626 faut; je me ſoumets à vos immua-
324 2646 1907 2739 bles décrets, mais qu'il vive pour
1355 2749 1592 2855 Eiii
