2480 3507
725 270 1882 360 EISABETH.
305 392 1885 492 retracer ce que je n'aipuapprendre,
305 496 1902 593 ſans perdre le ſentiment de mon
311 609 755 675 eenue..
410 708 1882 795 Saintré arriva hier au ſoir, non
305 819 1886 908 pour me donner cete triſte nou-
305 925 1906 1017 voIle, mais parceque des affaires
302 1027 1886 1124 de famille exigeoient ſa préſence.
298 1134 1907 1234 Il falloit qu'elles fuſſent bien preſ-
301 1239 1903 1336 ſées, puiſqu'elles l'ont forcé d'a-
189 1342 1902 1436 bandonner ſon ami dans un état ſi
297 1451 1902 1549 déſeſperé. Tu tétonnes peut-être
298 1557 1899 1656 q'il ne m'aia pas caché le danger
297 1665 1899 1762 du ehealier: mais, me regardunt
297 1775 1898 1867 comme la promiere cauiſe de ce
292 1881 1885 1973 malheur, il n'a pas cru, m'a-t-il dit,
289 1985 1903 2082 devoir rien me déguiſer, afin d'ex-
293 2091 1894 2181 diter ma tendreſſe qu'il cnyoit fort
292 2194 1894 2290 affoiblie, & d'obtenir quelquen
228 2302 1893 2394 mots conſolants pour Luzan, s'i
288 2412 1889 2501 jouiſſoit encore de la lumiere. quand
292 2491 1881 2608 ma lettre arrivioit. Je n'ai pas
292 2620 1894 2722 diſſéré d'une ſeconde malgaé
1358 2731 1561 2803 Eis
