<PcGts xmlns="http://schema.primaresearch.org/PAGE/gts/pagecontent/2017-07-15" xmlns:xsi="http://www.w3.org/2001/XMLSchema-instance" xsi:schemaLocation="http://schema.primaresearch.org/PAGE/gts/pagecontent/2017-07-15 http://schema.primaresearch.org/PAGE/gts/pagecontent/2017-07-15/pagecontent.xsd"><Metadata><Creator>User123</Creator><Created>2020-09-09T00:39:12</Created><LastChange>2020-09-09T00:39:12</LastChange></Metadata><Page imageFilename="0066.png" imageHeight="3507" imageWidth="2480"><TextRegion id="r0" type="paragraph" orientation="-0.0"><Coords points="1,1 2478,1 2478,3505 1,3505"/><TextLine id="r0_l001"><Coords points="514,267 1692,267 1692,350 514,350"/><TextEquiv index="1"><Unicode>ELISAEETtH.</Unicode></TextEquiv></TextLine><TextLine id="r0_l002"><Coords points="514,391 2080,391 2080,487 514,487"/><TextEquiv index="1"><Unicode>l'abattement ou m'avoit plongée ce</Unicode></TextEquiv></TextLine><TextLine id="r0_l003"><Coords points="514,497 1083,497 1083,569 514,569"/><TextEquiv index="1"><Unicode>funeſte récit.</Unicode></TextEquiv></TextLine><TextLine id="r0_l004"><Coords points="626,607 2084,607 2084,699 626,699"/><TextEquiv index="1"><Unicode>Ne me demande pas ce que j'ai</Unicode></TextEquiv></TextLine><TextLine id="r0_l005"><Coords points="518,706 2089,706 2089,802 518,802"/><TextEquiv index="1"><Unicode>écrit dans le premier mouvement</Unicode></TextEquiv></TextLine><TextLine id="r0_l006"><Coords points="518,812 2123,812 2123,912 518,912"/><TextEquiv index="1"><Unicode>de mon déſeſpoir. Je l'ignore moi-</Unicode></TextEquiv></TextLine><TextLine id="r0_l007"><Coords points="518,922 2093,922 2093,1015 518,1015"/><TextEquiv index="1"><Unicode>même, ſi ce n'eſt que mon cœur</Unicode></TextEquiv></TextLine><TextLine id="r0_l008"><Coords points="518,1022 2093,1022 2093,1121 518,1121"/><TextEquiv index="1"><Unicode>étoit dans chaque mot, &amp; que mon</Unicode></TextEquiv></TextLine><TextLine id="r0_l009"><Coords points="518,1138 2093,1138 2093,1207 518,1207"/><TextEquiv index="1"><Unicode>ame toute entiere à l'extrêmité de</Unicode></TextEquiv></TextLine><TextLine id="r0_l010"><Coords points="522,1241 2093,1241 2093,1334 522,1334"/><TextEquiv index="1"><Unicode>mes doigts redoubloit leur activité,</Unicode></TextEquiv></TextLine><TextLine id="r0_l011"><Coords points="531,1347 2102,1347 2102,1436 531,1436"/><TextEquiv index="1"><Unicode>quoique tremblants, &amp; a fait tracer</Unicode></TextEquiv></TextLine><TextLine id="r0_l012"><Coords points="526,1450 2132,1450 2132,1543 526,1543"/><TextEquiv index="1"><Unicode>à ma plume les plus tendres expreſ-</Unicode></TextEquiv></TextLine><TextLine id="r0_l013"><Coords points="531,1556 2136,1556 2136,1632 531,1632"/><TextEquiv index="1"><Unicode>fions....... Ah! ſi la chaleur du</Unicode></TextEquiv></TextLine><TextLine id="r0_l014"><Coords points="324,1659 2115,1659 2115,1755 324,1755"/><TextEquiv index="1"><Unicode>ſentiment avoit le pouvoir de rani-</Unicode></TextEquiv></TextLine><TextLine id="r0_l015"><Coords points="475,1769 2110,1769 2110,1861 475,1861"/><TextEquiv index="1"><Unicode>mer une vie ſi précieuſe, Luzan me</Unicode></TextEquiv></TextLine><TextLine id="r0_l016"><Coords points="526,1872 2119,1872 2119,1968 526,1968"/><TextEquiv index="1"><Unicode>ſeroit bientêt rendu! Je prie le ciel</Unicode></TextEquiv></TextLine><TextLine id="r0_l017"><Coords points="535,1981 2205,1981 2205,2074 535,2074"/><TextEquiv index="1"><Unicode>avec une ferveur que l'amour ſeul</Unicode></TextEquiv></TextLine><TextLine id="r0_l018"><Coords points="531,2084 2136,2084 2136,2184 531,2184"/><TextEquiv index="1"><Unicode>peut rendre ſi vive. Mais la pureté</Unicode></TextEquiv></TextLine><TextLine id="r0_l019"><Coords points="548,2197 2140,2197 2140,2290 548,2290"/><TextEquiv index="1"><Unicode>de mes intentions, qui eſt connue</Unicode></TextEquiv></TextLine><TextLine id="r0_l020"><Coords points="544,2304 2128,2304 2128,2393 544,2393"/><TextEquiv index="1"><Unicode>de ce ciel que j'implore, doit me</Unicode></TextEquiv></TextLine><TextLine id="r0_l021"><Coords points="548,2410 2140,2410 2140,2508 548,2508"/><TextEquiv index="1"><Unicode>le rendre favorable. Hélas! que</Unicode></TextEquiv></TextLine><TextLine id="r0_l022"><Coords points="557,2508 2132,2508 2132,2605 557,2605"/><TextEquiv index="1"><Unicode>j'ai beſoin d'eſpoir pour ne pas</Unicode></TextEquiv></TextLine><TextLine id="r0_l023"><Coords points="548,2622 2279,2622 2279,2694 548,2694"/><TextEquiv index="1"><Unicode>ſuccomber à ma douleur! Si mes</Unicode></TextEquiv></TextLine></TextRegion></Page></PcGts>