2480 3507
461 254 1611 336 y8ELSABETI.
457 374 2033 446 ſoumis hélas! à un ordre ſi har-
457 480 2038 573 bare, auſſitot ma lettre reçue il
457 586 2046 679 communiqua à Saintré ſa douleur,
457 693 2051 775 ſon embarras, & la réſolution oû il
461 802 2038 871 étoit d'exécuter mes volontés: il le
457 908 2042 1001 pria de preſſentir, le jour même,
461 1015 2076 1104 le comte dans une promenade qu'il
461 1118 2055 1190 devoit faire tête-à-tête. Saintré lui
461 1224 2051 1316 promit, apres lui avoir repréſenté
452 1330 2085 1423 l'inutilité & le danger de cette dé-
353 1423 2059 1529 marche. Il fut réſolu que des ce
379 1543 1788 1635 moment il ſçauroit ſon ſort.
568 1648 2248 1754 Au retour de la promenade,
469 1752 2256 1843 Saitré lui dit qu'il n'y avoit rien à
470 1861 2089 1951 eſpérer, qu'au contraire, le comte
362 1964 2059 2060 ſe propoſoit d'accélérer la célébra-
474 2070 2132 2171 tion; qu'il n'avoit différé que pour
474 2171 2072 2269 obtenir, par careſſes ou par menaces,
474 2283 2059 2376 le conſentement de la marquiſe:
478 2393 2064 2489 mais qu'étant extrêmement cour-
482 2499 2064 2581 roucé des obſtacles qu'on mettoit
482 2602 2076 2708 à ſes engagements, il étoit réſolu
