2480 3507
695 287 1854 380 ELISABETH.5
293 410 1855 511 de conclure dans huit jours. Le
293 517 1859 616 chevalier, n'écoutant alors que
284 622 1859 726 ſon déſeſpoir, coumnt chercher ſon
293 728 1859 833 grand-pere, ſe flattant de le fléchir
284 839 1858 941 par ſes larmes & ſes prieres: il le
276 940 1854 1021 ſuivit dans l'inſtant oû il alloit s'en-
276 1044 1858 1145 fermer dans ſa bibliotheque ſelon
276 1153 1863 1256 ſa coutume. Des qu'il apperçut Lu-
276 1258 1859 1358 zan, il le regarda avec des yeux
271 1365 1855 1464 pleins d'impatience, & lui fit ſigne
271 1469 1850 1553 de la main de ſe retirer. Enſuite,
267 1575 1855 1677 pouſſant la porte avec une ſorte
267 1682 1855 1772 de violence, il lui auroit té la force
267 1790 1854 1888 & le moyen de lui parler, ſi le
271 1897 1850 1978 malheureux chevalier n'eût tiré de
267 2002 1846 2104 ſa paſſion ce courage victorieux.
263 2108 1849 2209 qui ne connoit plus de danger. Il
259 2211 1855 2312 le conjura de l'écouter ..... Je ne
263 2319 1954 2403 veux rien entendre d'un fils rebelle
267 2424 1850 2529 qui oſe me réſiſter. otre ami ſçait
263 2530 1855 2632 mes intentions, il peut vous en
263 2635 1855 2742 inſtruire lui - même, puiſque le
263 2751 510 2828 voila.
