2480 3507
562 288 1712 360 oELISABETH.
674 411 2148 504 Saintré paſſant comme par ha-
536 521 2140 607 zard ſe trouvoit-là à deſſein; parce
363 627 2148 723 que, connoiſſaſ le caractere vio-
566 730 2153 823 lent du comte, il craignoit quel-
402 836 2330 936 que fâcheuſe ſçene. Il profita de
566 943 2174 1032 l'eſpece d'invitation qui lui étoit
575 1049 2153 1138 faite, pour ſe mêler à l'entretien,
579 1152 2166 1244 & dit à Luzan, pour appaiſer la
579 1258 2161 1351 colere du comte, qu'il devoit ſe
579 1364 2166 1457 prêter aux circonſtances; que les
584 1467 2170 1563 engagements, que ſon grand-pere
588 1573 2174 1666 avoit pris, étoient malheureuſe-
592 1683 2174 1772 ment ſi formels, qu'il falloit atten-
592 1786 2174 1879 dre que l'on pût trouver quelque
597 1892 2174 1985 moyen de les rompre avec dé-
597 1998 2183 2091 cence. Le comte dit avec empor-
601 2101 2183 2197 tement que bien loin de chercher
605 2211 2183 2304 des prétextes, il prétendoit que ſa
605 2317 2179 2406 volonté fût ſuivie dans huit jours,
610 2427 2192 2516 au plus tard; qu'il n'y avoit plus
610 2530 2196 2626 que quelques articles à régler, qui
614 2639 2196 2729 feroient bientot terminés; qu'alors,
