2480 3507
573 356 1761 439 2EEsAeTI
581 471 2158 586 qu'on lui a propoſée. -- Qu'elle le
577 585 2162 684 veuille ou non, elle ne ſe fera pas
582 688 2162 796 moins. -- Avant que d'être inſtruit
582 797 2162 905 des engagements que vous avez pris,
577 904 2162 1010 j'avois oſé eſpérer qu'approuvant
577 1012 2201 1104 mon amour, vous la détermineriez
582 1113 2253 1222 en ma faveur. -- Subterfuge groſ-
582 1223 2158 1327 ſier, uniquement inventé pour
577 1328 2158 1444 donner plus de poids aux oppoſi-
577 1431 2153 1538 tions de la marquiſe; mais, ſoyez
577 1511 2476 1644 ſûr que tout cela ne vous réuſſira
577 1640 2157 1747 point, je veux être obéi. -- En
583 1749 2153 1858 tout autre cas, mes vœux, je vous
572 1845 2149 1955 le proteſte vous ſeront ſoumis;
577 1962 2153 2065 mais en cette occaſion, croyez que
577 2067 2153 2172 mon cœur ne vous réſiſte, que
573 2169 2149 2280 parce qu'il eſt entrainé par une
573 2277 2153 2380 paſſion dont je ne ſuis plus le ma-
573 2385 2149 2486 tre. -- Je n'en crois pas un mot.
573 2488 2149 2595 Non, ce ſont les bizarres projets
573 2595 2145 2699 de votre mere, qui ſont ſeuls capa-
569 2701 2148 2786 bles de vous enhardir à la déſo-
