2480 3507
543 343 1715 432 S4ELIsAEET.
543 466 2128 538 Mademoiſelle de Chamdermant
543 573 2124 658 eſt-elle donc d'une condition qui
543 679 2124 771 doive me faire rougir de mon
543 785 2124 874 amour? Je crois qu'il n'eſt point de
543 891 2124 980 noble famille qui ne ſe tint honorée
538 998 2124 1087 de ſon alliance. -- C'eſt ce que
543 1104 2120 1205 j'examinerois, ſi ma parole donnée,
543 1205 2184 1299 ma réſolution priſe, & la manie de
538 1313 2120 1405 votre mere qui me rend tout ſuſ-
538 1426 2120 1512 pect, ne rendoient auſſi ces con-
2283 1488 2477 1649 L
538 1525 2115 1621 ſidérations abſolument ſuperflues.
543 1632 2120 1721 Mon parti eſt pris, ſaites-y atten-
538 1735 2111 1824 tion; des demain il faut vous diſpo-
538 1841 2111 1913 ſer à aller chez madame de N....
534 1951 2111 2036 Ma femme vous y conduira......
534 2053 2107 2142 Ici le chevalier ne put retenir les
534 2160 2107 2262 exclamations de ſon déſeſpoir. Je
530 2262 2111 2352 mourrai, s'écria-t-il douloureuſe-
530 2372 2102 2454 ment, avant de faire une démarche
500 2478 2102 2550 ſi contraire à mon cœur. -- ous
516 2587 2101 2681 la ferez, ou je vous défends pour
494 2680 2097 2809 jamais ma préſence. Eils ingrat,
1775 2797 2094 2869 dévoué
