2480 3507
687 367 1855 475 ELISABETH.
293 475 1851 576 dévoué aux caprices d'une mere
289 593 1851 679 trop obſtinée dans ſes deſirs, vous
223 696 1851 785 aurez tous deux ma haine puiſque
223 802 1864 888 vous m'y forcez...... Luzan, acca-
284 902 1851 991 blé par cette terrible menace,
284 1008 1855 1100 tomba preſque ſans mouvement
284 1114 1860 1200 aux pieds du comte; la paleur de
280 1217 1860 1303 la mort couvroit ſon viſage, & l'op-
284 1316 1855 1409 preſſion de ſon cœur l'empêchoit
280 1423 1855 1512 de proférer un ſeul mot. Ah Dieu!
284 1532 1855 1626 comment ſe peut-il qu'en cet état,
289 1626 1860 1724 il n'ait point attendri ſon grand-
284 1741 1860 1831 pere? Si cet homme inflexibie avoit
284 1844 1860 1920 eu mon cœur, la vie du malheu-
280 1951 1860 2036 reu chevalier ne ſeroit pas mai-
280 2057 2017 2142 tenant en danger..... Enfin, ſou-
271 2160 1864 2249 lagé par un torrent de larmes,
276 2266 1869 2348 mon pere, lui dit-il, en embraſſant
276 2365 1864 2454 ſes genoux, tout mon être eſt à
280 2472 1869 2557 vous; je vous dois plus que ma vie,
280 2578 1869 2667 je vous dois celle de mon pere.
284 2677 1877 2780 C'eſt votre ſang qui coule dans mes
403 2787 823 2855 Partie II.
