2480 3507
636 357 1815 425 ELsTe.
631 480 2198 569 veines: que ne devez - vous pas
636 583 2211 681 attendre de ma reconnoifſance, de
636 681 2220 778 mon reſpect? & que ne ſuis-je pas
631 792 2211 881 prêt à faire pour vous prouver mon
631 898 2220 995 entiere ſoumiſſion à vos ordres,
631 995 2220 1090 xcepté dans un ſeul point, ou mon
636 1107 2220 1196 ccœur, maitriſe par un penchant in-
636 1214 2216 1303 vincible, ne peut ſouſcrire à ce que
636 1323 2220 1412 vous exigez de lui?... Mon pere,
636 1426 2220 1519 mon précieux, mon cher & géné-
636 1532 2216 1618 reux pere, ne me rendez pas le
631 1632 2211 1733 plus miſérable des hommes, en me
636 1733 2216 1831 condamnant à des nœuds que je ne
631 1841 2216 1937 puis former.... Ah! laiſſer - vous
631 1947 2211 2036 fléchir. ous pouvez d'un ſeul mou
627 2053 2207 2142 faire le bonheur de mes jours:
631 2163 2211 2249 dites que vous ne contraindrez
627 2266 2216 2358 point mes vœux, & toute l'étendue
435 2369 2211 2454 de ma vie ſera employée à vous
492 2472 2211 2561 chérir, à vous honorer, à vous
627 2578 2216 2663 donner toutes les preuves d'une
623 2681 2216 2777 parfaite obéiſfance ..... Ah ! je lis
