2480 3507
572 235 1892 384 ELIssEr.
311 380 1904 498 de ſon imnocence? -- Obéir. --
320 499 1901 607 Privez - moi éternellement de vos
324 606 1900 717 bienfaits..... Diſpoſez de ma vie,
319 715 1896 820 elle eſt à vous; puniſſez un fils qui
324 819 1896 918 vous offenſe malgré lui, dont la-
328 928 1904 1033 mour ſeul fait tout le crime: mais
328 1031 1904 1140 n'accablez pas de votre diſgrace ma
329 1141 1905 1244 reſpectable, ma tendre mere: ce
328 1247 1961 1367 coup me ſeroit mille fois plus
328 1357 1913 1449 affreux que la mort. -- Soyez ſûr
332 1442 1917 1559 cependanOqu'elle éprouvera la pre-
338 1567 1923 1663 miere les efſets de mon trop juſte
1104 1680 1918 1755 ... fils dénaturé,
338 1680 1070 1772 reſſentiment...
338 1783 1927 1872 homme pervers, qui ne crains pas
342 1882 1927 1978 de m'expoſer à la honte de rougir
341 1994 1922 2092 devant une famille illuſtre, de mon
1187 2093 1931 2194 ... edoute ma
342 2091 1152 2190 peu d'autorité...
346 2194 1927 2303 vengeance, lui dit-il, en lui lançant
345 2302 1926 2411 un regard plus terrible que la fou-
350 2404 1930 2501 dre.... Luzan encore un genoux
338 2513 1931 2605 en terre, les mains & les yeux
333 2622 1927 2715 élevés au ciel, reſta dans le plus
