2480 3507
617 253 1825 413 EEtsAEETH.
272 392 1841 538 de N.... qu'il vouloit bien en-
273 501 1837 625 core lui accorder la faveur de le
275 603 1851 759 préſenter lui-même; que s'il étoit
280 708 1854 858 aſſez ingrat pour réfiſter à ce der-
281 815 1854 957 nier effort de bonté, il lui pro-
286 922 1864 1063 teſtoit qu'il le feroit enfermer pour
290 1055 1229 1168 le reſte de ſes jours.
409 1137 1874 1251 Le chevalier effrayé que l'on
300 1236 1885 1379 voulût attenter à ſa liberté, & con-
307 1343 1889 1487 noiſſant ſon grand-pere capable de
316 1448 1894 1589 cette violence, defcerdit avec pré-
315 1550 1897 1696 cipitation pour ſe ſauver au riſque
321 1657 1902 1802 de tout ce qu'il pourroit en réſulter;
325 1762 1907 1902 mais il ſe vit arrêter par les do-
197 1866 1912 2015 meſtiques, qui lui dirent, preſque
333 1973 1928 2114 les larmes aux yeux, qu'ils avoient
342 2076 1921 2227 ordre de l'empêcher de fortir &
339 2175 1927 2307 même de le conduire à la tour du
347 2280 1932 2413 château, s'il reſuſoit de ſuivre le
356 2388 1936 2516 comte ...... Il ſe retira dans ſa
360 2490 1942 2636 chambre avec une apparente tran-
363 2600 1950 2745 quillité. A peine y fut-il entré, que,
