<PcGts xmlns="http://schema.primaresearch.org/PAGE/gts/pagecontent/2017-07-15" xmlns:xsi="http://www.w3.org/2001/XMLSchema-instance" xsi:schemaLocation="http://schema.primaresearch.org/PAGE/gts/pagecontent/2017-07-15 http://schema.primaresearch.org/PAGE/gts/pagecontent/2017-07-15/pagecontent.xsd"><Metadata><Creator>User123</Creator><Created>2020-09-09T00:39:15</Created><LastChange>2020-09-09T00:39:15</LastChange></Metadata><Page imageFilename="0086.png" imageHeight="3507" imageWidth="2480"><TextRegion id="r0" type="paragraph" orientation="-0.0"><Coords points="1,1 2478,1 2478,3505 1,3505"/><TextLine id="r0_l001"><Coords points="479,322 1728,322 1728,405 479,405"/><TextEquiv index="1"><Unicode>SELISABETH.</Unicode></TextEquiv></TextLine><TextLine id="r0_l002"><Coords points="1576,549 1575,549 1575,525 1575,524 1528,524 1527,524 1527,518 1527,517 1032,517 1031,517 1031,514 1031,513 805,513 804,513 804,511 804,510 479,510 478,510 478,507 478,506 474,506 473,506 473,494 474,493 491,493 491,493 491,449 492,448 722,448 722,448 722,446 723,445 735,445 735,446 735,448 736,448 778,448 778,449 778,452 779,452 1893,452 1893,453 1893,458 1894,458 2054,458 2054,459 2054,465 2055,465 2163,465 2163,466 2163,469 2164,469 2176,469 2176,470 2176,472 2177,472 2180,472 2180,473 2180,476 2180,476 2146,476 2145,477 2145,520 2145,520 1580,520 1579,521 1579,549 1579,549"/><TextEquiv index="1"><Unicode>Je brûle de voir Luzan, &amp; la bier-</Unicode></TextEquiv></TextLine><TextLine id="r0_l003"><Coords points="1911,644 1910,644 1910,641 1910,640 1907,640 1906,640 1906,624 1906,623 1101,623 1100,624 1100,640 1100,640 879,640 878,640 878,638 878,637 875,637 874,637 874,617 874,616 527,616 526,616 526,614 526,613 470,613 469,613 469,607 470,606 473,606 473,606 473,603 474,602 478,602 478,602 478,573 479,572 482,572 482,572 482,562 483,561 487,561 487,561 487,559 488,558 491,558 491,558 491,555 492,554 495,554 495,554 495,552 496,551 504,551 504,551 504,549 505,548 508,548 508,549 508,551 509,551 547,551 547,552 547,558 548,558 1218,558 1218,558 1218,555 1219,554 1575,554 1575,554 1575,550 1576,549 1579,549 1579,550 1579,554 1580,554 1671,554 1671,555 1671,558 1672,558 1792,558 1792,559 1792,575 1793,575 2097,575 2097,576 2097,578 2097,578 2037,578 2036,579 2036,582 2037,582 2045,582 2045,583 2045,592 2046,592 2049,592 2049,593 2049,596 2049,596 2046,596 2045,597 2045,616 2045,616 2037,616 2036,617 2036,620 2036,620 2029,620 2028,621 2028,623 2028,623 1937,623 1936,624 1936,640 1936,640 1933,640 1932,641 1932,644 1932,644"/><TextEquiv index="1"><Unicode>ſéance s'y oppoſe. S'il n'étoit que</Unicode></TextEquiv></TextLine><TextLine id="r0_l004"><Coords points="474,662 2050,662 2050,741 474,741"/><TextEquiv index="1"><Unicode>mon ami, j'oſerois faire éclater mes</Unicode></TextEquiv></TextLine><TextLine id="r0_l005"><Coords points="470,761 2046,761 2046,857 470,857"/><TextEquiv index="1"><Unicode>ſentiments, &amp; il ne m'eſt pas per-</Unicode></TextEquiv></TextLine><TextLine id="r0_l006"><Coords points="470,874 2046,874 2046,963 470,963"/><TextEquiv index="1"><Unicode>mis de les ſuivre pour celui qui</Unicode></TextEquiv></TextLine><TextLine id="r0_l007"><Coords points="466,977 1615,977 1615,1066 466,1066"/><TextEquiv index="1"><Unicode>m'ell plus cher que la vie.</Unicode></TextEquiv></TextLine><TextLine id="r0_l008"><Coords points="579,1087 2037,1087 2037,1172 579,1172"/><TextEquiv index="1"><Unicode>Pourquoi n'es tu pas ici, chere</Unicode></TextEquiv></TextLine><TextLine id="r0_l009"><Coords points="457,1193 2037,1193 2037,1291 457,1291"/><TextEquiv index="1"><Unicode>Henriette? tu me ſoutiendrois con-</Unicode></TextEquiv></TextLine><TextLine id="r0_l010"><Coords points="457,1291 2029,1291 2029,1378 457,1378"/><TextEquiv index="1"><Unicode>tre une ſi violente tentation, car je</Unicode></TextEquiv></TextLine><TextLine id="r0_l011"><Coords points="453,1399 2033,1399 2033,1488 453,1488"/><TextEquiv index="1"><Unicode>ne réponds pas d'y réſiſter, ou ſi j'en</Unicode></TextEquiv></TextLine><TextLine id="r0_l012"><Coords points="448,1505 2024,1505 2024,1591 448,1591"/><TextEquiv index="1"><Unicode>triomphe, crois qu'il m'en coûtera</Unicode></TextEquiv></TextLine><TextLine id="r0_l013"><Coords points="335,1608 2029,1608 2029,1711 335,1711"/><TextEquiv index="1"><Unicode>plus que d'avoir conſeillé au che-</Unicode></TextEquiv></TextLine><TextLine id="r0_l014"><Coords points="440,1714 2029,1714 2029,1800 440,1800"/><TextEquiv index="1"><Unicode>valier d'obéir au comte, s'il ne pou-</Unicode></TextEquiv></TextLine><TextLine id="r0_l015"><Coords points="440,1820 2020,1820 2020,1899 440,1899"/><TextEquiv index="1"><Unicode>voit le Hléchir...... Hentiette, ma</Unicode></TextEquiv></TextLine><TextLine id="r0_l016"><Coords points="435,1923 2020,1923 2020,2016 435,2016"/><TextEquiv index="1"><Unicode>préſence lui rendroit la vie! Je ſçais</Unicode></TextEquiv></TextLine><TextLine id="r0_l017"><Coords points="435,2029 2124,2029 2124,2098 435,2098"/><TextEquiv index="1"><Unicode>combien il ſeroit touché d'une ſi</Unicode></TextEquiv></TextLine><TextLine id="r0_l018"><Coords points="435,2136 1872,2136 1872,2225 435,2225"/><TextEquiv index="1"><Unicode>grande preuve de tendreſſe....</Unicode></TextEquiv></TextLine><TextLine id="r0_l019"><Coords points="431,2238 2016,2238 2016,2328 431,2328"/><TextEquiv index="1"><Unicode>mais, cette démarche ne m'expoſe-</Unicode></TextEquiv></TextLine><TextLine id="r0_l020"><Coords points="427,2341 2007,2341 2007,2434 427,2434"/><TextEquiv index="1"><Unicode>roit- elle point à perdre ſa précieuſe</Unicode></TextEquiv></TextLine><TextLine id="r0_l021"><Coords points="427,2454 2137,2454 2137,2540 427,2540"/><TextEquiv index="1"><Unicode>eſtime? ne me jugeroit-t-il pas trop</Unicode></TextEquiv></TextLine><TextLine id="r0_l022"><Coords points="422,2554 2133,2554 2133,2633 422,2633"/><TextEquiv index="1"><Unicode>foible d'avoir ſuccombé à un deſin</Unicode></TextEquiv></TextLine><TextLine id="r0_l023"><Coords points="418,2660 2137,2660 2137,2763 418,2763"/><TextEquiv index="1"><Unicode>ſi contraire à la modeſtie de mon</Unicode></TextEquiv></TextLine></TextRegion></Page></PcGts>