2480 3507
727 363 1894 449 EEISAETH.7
322 477 1907 566 jouit de l'air, de cet officieux élé-
322 586 1907 679 ment qui me retrace ſes tendres
318 689 1907 785 ſoupirs, qui lui porte les miens.
326 795 1907 888 Ah! que n'ont-ils une vie commu-
322 905 1911 994 nicative? Luzan ne languiroit plus
331 1008 1907 1100 dans les angoiſſes de la maladie....
326 1114 1911 1203 Mais il vit, puiſqu'il ſent qu'il aime,
322 1217 1915 1310 qu'il eſt aimé, qu'il y a un être qui
178 1323 1920 1412 ne veut que ſa félicité, qui peut
326 1429 1915 1519 ſeul la faire, qui feroit les plus
213 1532 1911 1625 grands ſacrifices pour le voir heu-
331 1642 1915 1731 reux. J'ai reçu deux mots de lui
335 1741 1920 1834 écrits avec un crayon, & d'une main
331 1851 1920 1940 bien foible, trop foible hélas! mais
331 1957 1920 2046 inſpirée par un cœur rempli des
331 2060 1428 2153 plus tendres ſentiments.
435 2163 1920 2242 Je revois le jour contre mon
331 2269 1924 2341 actente: mais mon amour & l'eſ-
313 2372 1915 2465 poir d'obtenir ma chere Eliſa-
335 2478 1920 2567 obeth, eſt la feule choſe qui puiſſe
340 2585 1624 2657 me faire conſentir à vivre.
400 2691 1924 2783 oila le billet que le domeſtique
1380 2797 1585 2883 Ciu
