2480 3507
586 339 1775 411 ELIAEI.
582 459 2176 555 de t'informer oû en ſont les choſes;
590 569 2180 665 car je doute que l'on en inſtruiſe
590 679 2180 768 Luzan, dans la crainte de quelque
526 785 2176 871 nouvel accident: mais, ſi on avoit
590 895 2171 991 deſſein de l'engager par ſurpriſe,
590 1004 2184 1094 c'eſt à nous de le garantir de ce
590 1111 2176 1203 malheur. Apres ce qui vient d'arri-
586 1217 2184 1306 ver, je dois avoir les plus vives
590 1320 2180 1392 allarmes ſur les moindres démarches
594 1433 1267 1522 de ſes parents.
719 1536 2184 1628 Je ne vois toujours point le
590 1639 1025 1714 Daron...
1060 1642 2188 1714 ... Seroit-il au-deſſus de
586 1745 2188 1841 ſa paſſion? ou cherche-t-il à s'en
589 1854 2187 1964 guérir par l'abſence? Que de graces
585 1960 2187 2052 j'aurois à rendre, ſi, au milieu des
590 2067 2361 2166 malheurs qui m'aſſiégent depuis
586 2177 2188 2266 uelque temps, j'étois aſſez heu-
582 2280 2188 2372 reuſe pour être affranchie de celui
582 2386 2188 2478 d'être opprimée par lamour d'un
586 2492 2184 2588 homme à qui je dois tant de recon-
586 2598 2193 2694 noiſſance, & pour qui je ne puis
356 2705 2188 2797 uvoir d'mclination. Tu ne ſçaurois
