2480 3507
577 366 1920 464 ELIsABETH.3
198 490 1782 592 concevoir combien ce ſupplice eſt
189 598 1778 700 terrible pour un cœur vraiment
193 699 570 778 ſenſible.
310 794 1782 914 Quoique je voie Saintré pluſieurs
189 919 1787 1022 heures du jour, que je lui faſſe ré-
189 1024 1782 1128 péter mille fois les diſcours de Lu-
189 1130 1782 1231 zan, & qu'il ait la complaiſance de
193 1236 1946 1336 me les dire avec une exactitude
186 1342 1882 1451 telle que mon cœur peut la deſirer,
193 1448 1786 1551 tu ne ſçaurois imaginer l'impatience
193 1553 1778 1655 que j'ai de le voir partir. Enfin,
185 1659 1787 1762 demain il portera ma lettre au che-
193 1769 1786 1869 valier. Ne t'attends pas d'en rece-
180 1873 1787 1975 voir la copie: elle eſt ſi différente
185 1978 1782 2079 des précédentes, & mes expreſſions
186 2082 1787 2183 ſont ſi tendres, que je craindrois
128 2183 1787 2289 d'exciter ta jalouſie ou plus tot tes
193 2291 1782 2395 reproches; viens à Paris, ſi tu veux
194 2401 1424 2504 ſçavoir ce qu'elle contient.
927 2596 1070 2691 u
