2480 3507
654 264 1852 346 ELIsAEET.
651 385 2257 489 tout les ſecrets lui peſent horri-
650 496 2262 594 blement. Pourquoi m'en confie-
650 604 2227 700 t-on, dit-elle, ſi ce n'eſt pour four-
645 709 2222 794 nir matiere à la converſation? Si,
645 814 2232 913 ſous peine de la vie, il lui étoit
650 922 2232 1022 défendu d'en parler, elle feroit
645 1030 2235 1107 volontiers comme le barbier de Mi-
651 1134 2240 1236 das. Malgré ſon indiſcrétion, elle
516 1239 2227 1346 eſt conſultée ſur toutes les affaires
641 1348 2222 1446 de la famille, parce qu'elle a de
640 1452 2226 1569 l'eſprit & ſur-tout un grand crédit
641 1566 1090 1635 à la cour.
749 1663 2223 1762 Je ne ferai point d'obſervations
632 1768 2223 1870 ſur tes remarques, puiſque tu y
632 1878 2219 1980 trouves de la malignité: mais au
628 1983 2219 2085 moins rends juſtice à ma ſincérité,
632 2092 2214 2191 & ne prends pas pour un prétexte
624 2198 2214 2300 les viſites que j'allegue dans ma
624 2303 2210 2406 derniere. Lorſque je fus obligée de
619 2412 2222 2510 te quitter, c'étoit réellement une
616 2515 2206 2608 viſite fort mauſſade, car 'étoit la
615 2625 2313 2725 petite nouvelle mariée madame de
1498 2736 2197 2825 ,
