2480 3507
597 305 1885 408 ELISAIETh.
259 429 1863 528 lesnuits à écrire, à attendre quel-
281 538 1859 631 ques lignes de Luzan, c'eſt une
263 644 2022 759 conſolation dont tu as beſoin dans
280 753 2022 839 ces premiers moments de douleur;
277 857 1859 950 mais n'oublie pas que l'inflexible
277 967 1855 1059 caractere du comte n'a pas changé;
277 1073 1885 1162 que les engagements qu'il a pris-
268 1176 1863 1268 ſubſiſtent toujours; que la mar-
246 1286 1863 1375 quiſe, comme il s'en eſt expliqué,
268 1392 1868 1481 ſeroit la premiere victime immolée
242 1498 1863 1591 à ſa vengeance, ſi ſon fils lui déſo-
272 1604 1863 1687 béiſſoit; mais ſur-tout, ſouviens toi
277 1711 1872 1803 que tu as été aſſez généreuſe pour
272 1817 1868 1912 y renoncer une fois; que tu ſerois
272 1912 1868 2012 plus coupable maintenant, ſi tu dé-
272 2026 1868 2115 mentois ce noble courage. Ne t'au-
277 2129 1872 2218 toriſe pas de ce que tu as déja fait,
277 2235 1868 2328 pour affranchir ton cœur d'un ſe-
281 2341 1868 2430 cond ſacrifice; tu ſçais mieux que
281 2448 1872 2540 moi, qu'une action héroique dénuée
199 2554 1872 2646 d'une longue ſuite de bons témoi-
277 2663 1872 2759 grges, n'eſt regardée que comme
