2480 3507
639 325 1827 435 ELunr
639 434 2228 527 une éclair de fanatiſmé. L'on
644 559 2229 648 n'acquiert le titre de vertueux, que
636 655 2229 758 par la rigide obſervance des de-
640 768 2233 854 voirs de la ſociété. Tu n'as plus
644 871 2229 976 qu'un pas à faire, chere Eliſabeth,
636 976 2233 1073 pour mériter ce gſorieux titre. J'a-
640 1087 2229 1179 voue que, ſi vous n'écoutiez que
640 1200 2233 1268 votre amour l'un & lautre, vous
644 1299 2233 1388 ſeriez heureux dans vos premiers
640 1405 2229 1495 tranſports; mais aux dépens de
644 1512 2233 1601 combien de perſonnes? & que de
636 1615 2233 1707 reproches amers!... Mais qu'eſt-il
636 1721 2229 1813 beſoin, avec ma digne amie, de
640 1827 2233 1916 repréſenter les raiſons qui doivent
636 1933 2233 2002 déterminer ſon cœur au ſacrifice
640 2036 2224 2125 de ſon penchant? Jamais perſonne
644 2146 2233 2232 connut-il mieux, & fut-il plus ca-
640 2252 2229 2338 pable de remplir toute l'étendue
636 2352 2224 2437 de ſes devoirs? Oui, chere amie,
636 2458 2229 2550 témoin la ſage réfiexion que tu fis
636 2564 2229 2657 ſur l'imprudente démarche que tu
636 2670 2233 2763 méditois pour voir le chevalier-
