2480 3507
591 339 1778 429 ELISADETI.
199 459 1787 555 Que je te fçais bon gré de t'être
111 568 1824 669 dit à toi-même tout ce que j'aurois
202 668 1829 770 été obligée de t'obſerver, & d'a-
199 789 1795 884 voir ſenti qu'il te jugeroit bien
198 894 1794 990 foible de céder à un deſir ſi con-
198 989 1794 1069 traire à la décence. Chere Eliſa-
155 1104 1812 1196 beth, quand tu me conſultes en
203 1210 1800 1303 m'écrivant, que ta conſcience ſoit
207 1313 1808 1409 toujours mon interprête, & je ſuis
207 1423 1808 1515 plus garant de tes actions que des
211 1529 1808 1621 miennes propres. Ta conſcience,
211 1635 1804 1728 ce juge impartial, t'en dira cent
211 1741 1812 1831 fois plus que ne pourroit t'en dire
207 1844 1808 1937 une amie toujours portée à l'indul-
210 1946 1807 2069 gence, & qui voudroit ménager ta
216 2060 1044 2132 délicateſſe.
99 2160 1817 2242 Adieu, chere & tendre amie; ce
220 2266 1821 2358 ne font pas des viſites qui m'obli-
216 2372 1812 2468 gent aujourd'hui de te quitter,
224 2482 1817 2554 c'eſt le fils ané de monſieur d'Albi
220 2585 1825 2686 qui eſt malade. Ce pauvre enfant a
224 2686 1825 2790 tant de plaiſir de me voir dans ſa
