2480 3507
730 418 1892 494 ELISAEETH.
328 535 1896 624 peut être à moi; il eſt deſtiné à une
734 641 1948 730 ... Non, je n'y puis plus
332 665 699 710 autre...
332 747 1900 836 conſentir, il n'y a que la mort qui
328 850 1900 939 puiſſe nous ſéparer deſormais, je le
332 953 1909 1049 ſens: ſi j'interroge mon cœur, il
323 1059 1918 1148 me dit que j'ai aſſez fait pour la
336 1169 1909 1251 vertu, qu'il doit m'être permis de
336 1265 1913 1358 ſuivron penchant & de ne m'oc-
336 1371 1909 1464 cnper que de mon bonheur. Si ce
336 1477 1913 1567 raiſonnement te paroiſſoit faux, il
336 1584 1918 1669 prouveroit que la conſcience même
293 1690 1918 1776 n'eſt pas à l'abri des ſéductions de
341 1793 1918 1858 l'amour: car voila ſincerement ce
345 1896 1922 1985 que la mienne me dicte deputis le
345 1995 1926 2084 fatal coup que le chevalier s'eſt
349 2101 1931 2194 porté. Tu veux que je n'oublie
293 2204 1931 2300 point l'inflexibitité du comte, mais
349 2307 1931 2403 ſouviens-toi, chere Henriette, que
354 2420 1935 2506 c'eſt mon courage, mes ordres
353 2522 1952 2645 trop rigoureux qui ont plongé!
357 2625 1934 2717 pée dans ſon ſein: irai-je le déſeſ-
358 2732 1940 2825 pérer une ſeconde fois? lon, non,
1481 2835 1769 2948 Iii
886 2872 1323 3007 e.
873 3002 1331 3128 tuon
895 3088 1296 3221 e
