2480 3507
569 391 1730 456 IOOELISABETH.
378 504 2129 600 quioique tu ſois aſſez cruelle pour
517 614 2129 699 vouloir me perſuader que ſon
561 720 2129 799 amour eſt affoibli, je ne le croirai
556 826 2234 912 point, je l'aime trop pour n'en
556 929 2125 1018 pas être aimée avec la plus ardente
556 1035 2147 1124 paſſion, mon cœur me répond du-
556 1138 2129 1227 ſien. La ſeule choſe que je deſire
561 1241 2129 1337 aujourd'hui, c'eſt le rétabliment
452 1351 2129 1436 de ſa ſanté & la rupture de ſon ma-
556 1457 2129 1546 riage Saintré ne m'a pas diſſimulé
552 1563 2129 1649 qu'il croyoit ce dernier point im-
556 1659 2168 1755 poſſible, à moins que luzan ne
556 1769 2129 1858 feignit de ſe rendre aux volontés
565 1875 2129 1964 de ſon grand-pere, & ne quittât
556 1981 2129 2077 le royaume. Ce parti eſt aflreux,
561 2081 2121 2177 je l'avoue; mais il me ſemble qu'il
556 2190 2121 2285 le ſetois moins que de nous voir
555 2284 2120 2403 ſéparer pour toujours..... Tu gé-
560 2399 2115 2488 mis, chere Henriette, de me voir
555 2508 2124 2590 ſi foible, mais ne te preſſe point
538 2584 2115 2697 e me condamner. Peut-être que,
556 2715 2116 2807 raſſurée ſur les jours de mon cher
