2480 3507
730 271 1925 336 ELIsAEETH.o
365 387 1938 473 Luzan, je retrouverai la force né-
361 494 1938 586 ceſſaire pour me conduire d'une
369 597 1942 689 maniere digne de ta tendre & ſin-
364 702 1941 815 cere amitié: ſois ſûre que j'y ferai
348 812 1351 898 tout mon poſſible.
474 915 1942 1004 Tu l'avois preſque deviné, le
361 1022 1947 1111 baron ne faiſoit point faire d'habit
361 1124 1947 1214 pour lui; mais, ce qu'il nomme ſa
365 1224 1947 1320 grande livrée pour ſes gens, & un
365 1334 1947 1426 vis-à-vis magnifique; il roule de-
365 1436 1942 1525 puis deux jours; il n'y a pas de
361 1543 1942 1632 fauxbourg, de boulevard, de pro-
352 1649 1942 1724 menade dans Paris, oû il ne ſe ſoit
361 1755 1942 1834 montré. Les ſoirs, c'eſt une liſte
369 1858 1942 1944 éternelle à ſon cocher pour le len-
356 1964 1947 2029 demain. Hier matin il vint dans ma
369 2067 1942 2156 chambre pour me faire hommage,
374 2166 1947 2259 dit-il, de ſa nouvelle acquiſition.
369 2273 1960 2362 Il ajouta même qu'il la deſtinoit
374 2376 1947 2468 à mon uſage, voulant que j'euſſe
378 2485 1942 2581 mon caroſſe à moi, ſi j'y conſentois.
374 2591 1947 2681 La propoſition étoit inſidieuſe, &
1464 2694 1699 2787 iii
