2480 3507
552 309 1730 394 IOSELISABETH.
543 674 2079 729 E
543 724 2109 777 LEE AI
803 871 1864 970 De Madame d'ALeI,
678 1004 1989 1107 d E.
538 1256 2127 1353 e ſerois vivement allarmée pour
548 1368 2128 1464 ta gloire, chere Eliſabeth, ſi en
393 1467 2132 1563 effet tu n'étois plus capable d'é-
548 1573 2136 1663 couter la raiſon; mais, je ſuis ſi
548 1676 2132 1772 ſûre de la ſageſſe de ta conduite,
544 1786 2132 1882 quand les circonſtances l'exigeront,
544 1889 2119 1981 que je n'ai nulle inquiétude pour
544 1995 2119 2088 l'avenir, malgré ta propre défiance.
548 2098 2115 2190 Je ſçais tout ce qu'un cœur tendre
548 2204 2123 2297 ſe permet en ſpéculation; mais tu
557 2307 2231 2407 m'as convaincue que l'honneur met
557 2407 2231 2502 toujours un frein à cette licence
557 2516 2119 2609 intérieure, lorſqu'il s'agit d'exé-
552 2622 2115 2715 cuter. Je ſuis donc bien éloignée
