2480 3507
628 264 1790 333 8 ELIsSAEETH.
615 384 2174 484 Mais, n'appuyons pas ſur ce cha-
602 484 2174 583 pitre, tu me traiterois encore de
619 597 2178 686 cruelle au moment même ou je
619 703 2174 795 t'aime avec la plus vive tendreſſe;
619 809 2289 895 car, tu ne ſçaurois concevoir tout
619 912 2174 1004 ce que je ſouffre d'être éloignée de
624 1022 2178 1097 toi dans cette occaſion; tes mal-
624 1124 2178 1217 heurs augmentent le chagrin de
564 1231 2174 1320 notre ſéparation. Je me perfuade
615 1337 2178 1433 toujours qu'étant pres de toi, il ne
628 1440 2379 1529 t'arriveroit pas des choſes fi fâ-
598 1546 2182 1635 cheuſes, tu éprouverois la moitié
624 1652 2182 1738 moins de peine. N'eſt-il pas vrai,
628 1752 2182 1844 chere Eliſabeth, que cette penſée
632 1861 2187 1951 eſt douce & affligeante tout à la
624 1968 2182 2040 fois? Sans la maladie du fils de
632 2074 2182 2156 monſieur d'Albi, je ſerois à Paris,
632 2180 2187 2276 j'en avois obtenui la permiſſion
636 2286 2191 2379 pour huit jours; mais, le ſort ne ſe
478 2393 2191 2478 laſſe point de traverſer mes pro-
636 2496 2191 2591 jets, chaque fois que je dois jouir
641 2602 2191 2691 du bonheur de te voir. Qu'oppoſer
