2480 3507
684 358 1843 429 ELISAsru.
668 472 2196 571 ceſſe à une choſe que l'on ſouhaite
667 581 2200 677 ardemment! Il faut que je t'avone
663 690 2200 784 une mauvaiſe penſée qui me vient
654 793 2205 891 quelquefois à ce ſujet. J'imagine
664 903 2201 998 que monſieur d'Albi ne ſe montre
654 1011 2201 1107 ſi généreux & ſi indulgent, que
654 1115 2200 1214 pour m'engager à la réſignation.
654 1219 2192 1326 Cependant, en réfléchiſſant ſur ſon
655 1322 2260 1426 caractere, je le crois incapable de
655 1434 2196 1527 détour. Mais, s'il étoit poſſible que
650 1541 2200 1631 ce ne fût qu'un artifice de ſa part,
646 1645 2204 1744 je lerois forcée de convenir qu'il
646 1748 2201 1853 ſeroit heureuſement imaginé pour
643 1857 2196 1942 le bien commun; car, il me con-
646 1958 2323 2054 duiroit ainſi ſcrupuleuſement atta-
642 2066 2191 2162 chée à mes devoirs juſqu'au der-
642 2173 2192 2267 nier ſoupir, en me faiſant l'arbitre
421 2284 1332 2353 de mes actions.
744 2386 2188 2463 J'ai vu la belle-ſoœur de madame
540 2493 2183 2594 de N.... Il y avoit grande com-
629 2595 2184 2694 pagnie chez elle; ce qui ne lui a
630 2705 2184 2807 pas permis de me parler en parti-
