2480 3507
787 326 1965 408 ELISABETH.
417 442 1970 541 reux que nous avons paſſés à nous
417 541 2004 641 parler avec confiance, exprimer
417 658 1974 747 par nos regards notre mutuelle
1032 761 1978 847 ... Moments pleins
417 761 993 840 tendreſſe...
421 864 1978 963 de charmes, quand reviendrez-
417 974 1987 1059 vous?..... Hélas! je l'ignore; ce-
421 1073 1983 1166 pendant, je ne ſuis pas ſans eſpoir.
426 1183 1983 1251 Le comte à l'air moins ſévere de-
426 1279 1987 1375 puis deux jours. On m'a laiſſé au-
430 1392 1987 1477 jourd'hui promener ſeul dans le
430 1498 2013 1584 parc, faveur qui ne m'avoit pas en-
439 1604 1995 1690 core été accordée depuis l'inſlant
434 1714 2000 1786 ou l'on voulut ravir ma liberte; ce
434 1813 2004 1903 qui ſuppoſe que ma fuite ne feroit
439 1916 2008 2016 plus autant de peine. J'ai témoigné
443 2022 2004 2108 au comte, mon inquiétude ſur ce
443 2125 2120 2214 que penſeroit ma mere de mon
443 2232 2004 2317 ſilence; il m'a dit que peut être je
443 2334 2013 2420 ſerai bientot à portée de la tranquil-
452 2437 2017 2526 liſer par ma préſence. Ce peu de
447 2544 2017 2633 paroles a répandu la joie dans mon
452 2646 2013 2749 ame, & à fait naitre une eſpérance,
