2480 3507
358 326 1667 394 ELIsAerI.
468 448 2033 544 que j'ai craint de détruire en en
468 534 2029 644 demandant lexplication. Mais,
465 665 2021 754 quoiqu'il puifſe arriver, je peux
465 768 2025 857 tout ſupporter avec l'aſſurance de
465 874 2042 967 ta foi; tu me l'as promiſe, chere
456 980 2085 1059 Eliſabeth, & tes tendres ſerments
460 1083 2243 1176 écrits de ta main, dictés par ton
456 1193 2025 1282 ſincere cœur, ne ſeront point dé-
460 1299 2025 1388 mentis par de nouveaux ſcrupules.
456 1405 2025 1495 Je ne doutai jamais de ta ten-
459 1511 2033 1610 dreſſe, depuis l'inſtant heureux ou
455 1609 2037 1696 ta bouche adorable m'en fit l'aveu;
456 1721 2030 1810 mais, tu ne l'as jamais fait éclater
460 1831 2017 1896 comme dans cette circonſtance.
456 1933 2021 2022 Les premieres lignes, que j'ai pu
452 2040 2021 2115 lire de toi, m'ont rendu l'amour de
452 2146 2017 2214 la vie. Ah! tendre amante! ſi tu
456 2252 2008 2345 ſçais bien aimer, tu ſçais encore
452 2358 2021 2430 mieux le dire. J'ai relu mille fois
456 2465 2017 2547 ta derniere lettre, celle ou tu
431 2571 2021 2663 conſens que je vive pour être à toi,
443 2677 2025 2770 & oû tu promets de te conſerver
