2480 3507
646 459 1818 555 ELISABETH.2
258 573 1827 679 eher Luzan n'eſt plus en danger,
263 693 1835 782 il ſe porte bien. Ce bonheur eſt ſi
258 802 1831 888 grand pour moi, qu'il me tient lieu
1456 908 1831 970 ... Mais
263 905 1417 974 de tout en ce moment...
246 1001 1835 1097 hélas! je n'en aurai pas joui huit
263 1104 1831 1203 jours,qu'il faudra quele choſe de
258 1217 1831 1310 plus à mon cœur; triſte eſſet de
254 1320 1831 1405 l'inſtabilité de nos deſirs; & je crois
254 1423 1827 1515 que de toutes les paſſions humaines,
258 1532 1852 1615 celle de l'amour eſt la plus inſatia-
258 1632 1831 1724 ble. Il n'eſt donc pas étonnant
250 1738 1831 1827 qu'une faveur obtenue en faſſe ſou-
1391 1841 1831 1913 ... Chere
254 1844 1354 1909 haiter mille autres....
250 1944 1831 2026 Henriette, je commence à ſentir
215 2050 1831 2149 qu'il n'y a que la vraie amitié qui
246 2153 1831 2245 puiſſe remplir le cœur ſans le ſe-
246 2259 1827 2359 ours des nouvelles circonſtances:
246 2359 1827 2458 la tienne fit toute ma félicité pen-
254 2468 1831 2554 ant pluſieurs années; cortente de
246 2567 1831 2667 e voir, chaque jour étoit égale-
253 2673 2028 2780 ent heureux pour moi; mille
258 2777 1831 2886 eſirs inquiets ne troubloient point
1344 2890 1516 2979 Lij
