2480 3507
600 250 1783 322 I2SELISAneru.
604 377 2154 466 eſt préférable pour moi dans cette
386 480 2149 573 circonſtance, à celui que tu aurois
596 586 2149 679 fait à Paris, parce que je ſuis plus
600 693 2149 778 tranquille ſur les événements, &
596 799 2154 891 que je ſuis bien perſuadée qu'il n'en
592 905 2158 998 peut arriver aucun, que ta vigi-
596 1015 2158 1100 lante amitié ne m'en informe par
592 1118 2371 1210 la voix la plus prompte; ce qui me
587 1220 2158 1316 délivre en partie des tourments de
587 1330 2162 1405 l'incertitude. Je t'offre-là un ſin-
592 1440 2162 1529 gulier motif de conſolation, pour
587 1546 2162 1632 modérer la tendre impatience que
583 1649 2171 1745 tu as d'être auprês de moi. Mon
583 1759 2162 1851 empreſſement eſt égal au tien;
570 1865 2162 1961 mais, je ſens & j'en rougis, qu'un
591 1970 2161 2063 intérêt plus puiſſant l'emporte....
591 2061 2161 2152 Pardonne à ton Eliſabeth cette
592 2190 2162 2280 eſpece d'infidélité, c'eſt l'amour
596 2290 2162 2396 malheureux qui m'y contraint; &
592 2400 2167 2489 mon cœur, j'en ſuis ſûre, te ven-
592 2502 2158 2598 gera un jour de ſon involontaire
592 2605 2162 2718 perfidie. Il ſouffrira plus que le
