2480 3507
560 329 1741 408 OELTSABETH.
556 446 2118 514 la cauſe innocente de ſes convul-
556 555 2118 645 ſions, bien ſûre que je n'avois pas
560 662 2122 747 d'odeur parce que je n'en porte
560 765 2131 857 jamais, je reſtai interdite n'oſant
560 867 2131 960 changer de place, ne ſçachant que
560 977 2131 1066 penſer: je ſentis le rouge me mon-
565 1083 2139 1172 ter au viſage: mon embarras, je
569 1190 2135 1279 dirois preſque ma honte étoit ex-
1035 1299 2139 1364 ... Pardonnez.... ma-
419 1299 1005 1364 trême...
573 1399 2139 1477 dame.... me dit la belle-ſœur en
565 1508 2148 1594 témoignant faire un grand effort ...
573 1608 2148 1700 je ſuis d'une ſenſibilité ..... Puis
573 1717 2148 1807 tendant le bras & les doigts tou-
578 1827 2152 1920 jours avec des mouvements con-
582 1930 2152 2016 vulſifs, elle déſigna mon fatal bou-
513 2033 2152 2133 quet...... Ah! je me murs, s'é-
586 2133 2161 2214 cria-t-eile, en ſe laiſſant tomber
1519 2245 2161 2317 ...Je le déta-
586 2249 1480 2314 dans un fauteuil ...
595 2348 2161 2453 chai de mon cûté & m'approchai
595 2453 2165 2554 pour le faire voir à une dame de
1339 2567 2165 2653 ... eprenez vos
599 2567 1295 2636 l'aſſemblée...
569 2670 2165 2766 ſens, ma chere, dit-elle à la mou-
