<PcGts xmlns="http://schema.primaresearch.org/PAGE/gts/pagecontent/2017-07-15" xmlns:xsi="http://www.w3.org/2001/XMLSchema-instance" xsi:schemaLocation="http://schema.primaresearch.org/PAGE/gts/pagecontent/2017-07-15 http://schema.primaresearch.org/PAGE/gts/pagecontent/2017-07-15/pagecontent.xsd"><Metadata><Creator>User123</Creator><Created>2020-09-09T00:39:24</Created><LastChange>2020-09-09T00:39:24</LastChange></Metadata><Page imageFilename="0141.png" imageHeight="3507" imageWidth="2480"><TextRegion id="r0" type="paragraph" orientation="-0.0"><Coords points="1,1 2478,1 2478,3505 1,3505"/><TextLine id="r0_l001"><Coords points="743,285 1930,285 1930,374 743,374"/><TextEquiv index="1"><Unicode>ELISABETH.</Unicode></TextEquiv></TextLine><TextLine id="r0_l002"><Coords points="380,415 1935,415 1935,501 380,501"/><TextEquiv index="1"><Unicode>rante, ouvrez les yeux, vous verrez</Unicode></TextEquiv></TextLine><TextLine id="r0_l003"><Coords points="354,514 1930,514 1930,603 354,603"/><TextEquiv index="1"><Unicode>que ce ſont des roſes artificielles...</Unicode></TextEquiv></TextLine><TextLine id="r0_l004"><Coords points="372,621 1930,621 1930,710 372,710"/><TextEquiv index="1"><Unicode>Alors, toutes les femmes empreſ-</Unicode></TextEquiv></TextLine><TextLine id="r0_l005"><Coords points="376,727 1930,727 1930,812 376,812"/><TextEquiv index="1"><Unicode>ſées autour d'elle, s'acquittant d'un</Unicode></TextEquiv></TextLine><TextLine id="r0_l006"><Coords points="376,830 1935,830 1935,922 376,922"/><TextEquiv index="1"><Unicode>double emploi, lui préſentoient des</Unicode></TextEquiv></TextLine><TextLine id="r0_l007"><Coords points="376,936 1935,936 1935,1015 376,1015"/><TextEquiv index="1"><Unicode>ſels, ſe tournoient de mon cté,</Unicode></TextEquiv></TextLine><TextLine id="r0_l008"><Coords points="376,1042 1935,1042 1935,1131 376,1131"/><TextEquiv index="1"><Unicode>plioient les épaules, rioient, &amp;</Unicode></TextEquiv></TextLine><TextLine id="r0_l009"><Coords points="376,1148 1939,1148 1939,1238 376,1238"/><TextEquiv index="1"><Unicode>Dieu ſçait ſi les épigrammes furent</Unicode></TextEquiv></TextLine><TextLine id="r0_l010"><Coords points="1093,1363 1092,1363 1092,1323 1092,1322 923,1322 922,1323 922,1339 922,1339 918,1339 917,1340 917,1343 917,1343 606,1343 605,1344 605,1346 605,1346 577,1346 576,1346 576,1344 576,1343 427,1343 426,1343 426,1323 426,1322 397,1322 396,1322 396,1320 396,1319 389,1319 388,1319 388,1316 388,1315 384,1315 383,1315 383,1310 383,1309 380,1309 379,1309 379,1292 380,1291 383,1291 383,1291 383,1289 384,1288 388,1288 388,1288 388,1286 389,1285 392,1285 392,1285 392,1275 393,1274 396,1274 396,1274 396,1268 397,1267 400,1267 400,1267 400,1265 401,1264 405,1264 405,1264 405,1258 406,1257 409,1257 409,1257 409,1255 410,1254 418,1254 418,1255 418,1257 419,1257 1280,1257 1280,1258 1280,1274 1281,1274 1810,1274 1810,1274 1810,1262 1811,1261 1823,1261 1823,1261 1823,1258 1824,1257 1831,1257 1831,1258 1831,1278 1832,1278 1917,1278 1917,1279 1917,1281 1918,1281 1925,1281 1925,1282 1925,1285 1926,1285 1929,1285 1929,1286 1929,1302 1930,1302 1934,1302 1934,1303 1934,1312 1934,1312 1930,1312 1929,1313 1929,1315 1929,1315 1926,1315 1925,1316 1925,1319 1925,1319 1781,1319 1780,1320 1780,1339 1780,1339 1755,1339 1754,1339 1754,1320 1754,1319 1110,1319 1109,1320 1109,1322 1109,1322 1098,1322 1097,1323 1097,1363 1097,1363"/><TextEquiv index="1"><Unicode>épargnées quand elles eurent plus</Unicode></TextEquiv></TextLine><TextLine id="r0_l011"><Coords points="1922,1428 1921,1428 1921,1426 1921,1425 1140,1425 1139,1425 1139,1423 1139,1422 1097,1422 1096,1422 1096,1416 1097,1415 1139,1415 1139,1415 1139,1409 1140,1408 1314,1408 1314,1408 1314,1368 1315,1367 1340,1367 1340,1368 1340,1384 1341,1384 1464,1384 1464,1384 1464,1368 1465,1367 1473,1367 1473,1367 1473,1364 1474,1363 1626,1363 1626,1364 1626,1384 1627,1384 1733,1384 1733,1384 1733,1375 1734,1374 1737,1374 1737,1374 1737,1368 1738,1367 1742,1367 1742,1367 1742,1364 1743,1363 1746,1363 1746,1363 1746,1361 1747,1360 1767,1360 1767,1361 1767,1363 1768,1363 1771,1363 1771,1364 1771,1384 1772,1384 1917,1384 1917,1384 1917,1382 1918,1381 1929,1381 1929,1382 1929,1428 1929,1428"/><TextEquiv index="1"><Unicode>... La belle-ſœur</Unicode></TextEquiv></TextLine><TextLine id="r0_l012"><Coords points="376,1361 1036,1361 1036,1429 376,1429"/><TextEquiv index="1"><Unicode>de liberté....</Unicode></TextEquiv></TextLine><TextLine id="r0_l013"><Coords points="380,1467 1939,1467 1939,1556 380,1556"/><TextEquiv index="1"><Unicode>ouvrit enfin languiſſamment ſes</Unicode></TextEquiv></TextLine><TextLine id="r0_l014"><Coords points="376,1573 1939,1573 1939,1663 376,1663"/><TextEquiv index="1"><Unicode>beaux yeux, qui avoient été voilés</Unicode></TextEquiv></TextLine><TextLine id="r0_l015"><Coords points="376,1680 1939,1680 1939,1779 376,1779"/><TextEquiv index="1"><Unicode>par la pénétrante exhalaiſon de mes</Unicode></TextEquiv></TextLine><TextLine id="r0_l016"><Coords points="1192,1796 1939,1796 1939,1872 1192,1872"/><TextEquiv index="1"><Unicode>... II eſt inoui,</Unicode></TextEquiv></TextLine><TextLine id="r0_l017"><Coords points="376,1789 1157,1789 1157,1858 376,1858"/><TextEquiv index="1"><Unicode>roſes ſimulées...</Unicode></TextEquiv></TextLine><TextLine id="r0_l018"><Coords points="380,1896 1939,1896 1939,1971 380,1971"/><TextEquiv index="1"><Unicode>dit-elle en conſervant une attitude</Unicode></TextEquiv></TextLine><TextLine id="r0_l019"><Coords points="380,2002 1939,2002 1939,2091 380,2091"/><TextEquiv index="1"><Unicode>nonchalante, juſqu'oû va mon an-</Unicode></TextEquiv></TextLine><TextLine id="r0_l020"><Coords points="312,2108 1939,2108 1939,2197 312,2197"/><TextEquiv index="1"><Unicode>tipathie pour cette odeur.....</Unicode></TextEquiv></TextLine><TextLine id="r0_l021"><Coords points="380,2218 1939,2218 1939,2304 380,2304"/><TextEquiv index="1"><Unicode>Enſuite s'adreſſant à moi, je vous</Unicode></TextEquiv></TextLine><TextLine id="r0_l022"><Coords points="384,2324 1935,2324 1935,2417 384,2417"/><TextEquiv index="1"><Unicode>fais mille excuſes, madame, de ma</Unicode></TextEquiv></TextLine><TextLine id="r0_l023"><Coords points="384,2427 1935,2427 1935,2520 384,2520"/><TextEquiv index="1"><Unicode>mépriſe, j'en ſuis déſolée pour</Unicode></TextEquiv></TextLine><TextLine id="r0_l024"><Coords points="384,2537 1930,2537 1930,2622 384,2622"/><TextEquiv index="1"><Unicode>vous; mais elle prouve au moins,</Unicode></TextEquiv></TextLine><TextLine id="r0_l025"><Coords points="380,2639 1930,2639 1930,2715 380,2715"/><TextEquiv index="1"><Unicode>combien mes nerfs ſont ſenſibles à</Unicode></TextEquiv></TextLine></TextRegion></Page></PcGts>