2480 3507
742 374 1910 459 ElIsAEcH.3
358 501 1910 590 Oû il en eſt, me repliqua-t-elle d'un
358 607 1914 696 air de ſurpriſe? ne vous ai-je pas
362 710 1910 802 dit la derniere fois que je vous ai
358 819 1919 905 vue, que tout étoit prêt à ſe rom-
354 926 1914 1011 pre. -- Non, madame, vous ne
358 1028 1919 1118 m'en parlates point. -- Eh bien, je
367 1135 1919 1214 crois, ma chere madame d'Albi,
362 1241 1919 1327 que tout eſt dit maintenant; ma
362 1344 1923 1433 belle ſœur & toute la famille n'y
362 1447 1927 1539 penſent plus: je n'y ai pas peu con-
367 1553 1953 1645 tribué. ous ſeriez - vous imaginée
367 1663 1927 1748 que le comte de -, qui certai-
367 1765 1927 1848 nement n'auroit pas dû ſe rendre
371 1865 1931 1944 difficile ſur les arcicles, s'alliant
375 1971 1940 2050 avec une maiſon auſſi illuſtre;
375 2077 1931 2163 croyez - vous qu'il prétendoit ne
379 2184 1936 2269 donner qu'un caroſſe aux deux
384 2286 1936 2379 époux, ſans doute pour qu'ils fuſſent
375 2393 1936 2485 toujours enſemble comme deux
379 2499 1936 2571 fidelles colombes? ce ridicule n'a
379 2605 1936 2694 jamais été admis dans la famille, &
384 2708 1936 2804 je ne ſouffrirai pas qu'il s'y intro-
