2480 3507
594 384 1796 490 ELTSAEETI.3
258 511 1818 597 qu'on ne ſe détermine à donner
254 614 1822 706 deux équipages, vingt mille écus
258 717 1818 809 de diamants, trois laquais, deux
258 823 1822 905 valets de chambre, trois femmes;
263 929 1818 1018 & tout cela ſtipulé ſur le contrat,
258 1028 1827 1121 je vous réponds que ce mariage
271 1138 1831 1227 n'aura jamais lieu. Il ſe préſente des
276 1241 1839 1330 partis préférables, pour la naiſſance,
280 1347 1839 1436 au chevalier, & je ne vous diſli-
284 1453 1844 1543 mule pas que quoique ma niéce
289 1560 1848 1649 ne ſoit ni riche, ni jolie, ni ſpiri-
271 1663 1848 1745 tuelle, elle eſt tres recherchée....
297 1769 1861 1858 Ici, la belle-ſœeur jetta un coup d'œil
297 1872 1861 1954 ſur ſon miroir. ous devinez, re-
302 1978 1861 2064 prit-elle, en faveur de qui on deſire
306 2081 1870 2170 l'épouſer? Je vous avoue que nous
314 2180 1995 2273 n'aurions pas ſongé au chevalier, ſi
319 2290 1870 2376 la ſeconde femme de ſon grand-
319 2393 1878 2489 pere qui eſt notre parente, ſe
323 2499 1874 2596 voyant ſaus enfants, ne nous eut dit
327 2596 1878 2691 que l'unique moyen de faire paſſer
327 2705 1887 2780 l'immenſe fortune de ſon mari dans
