2480 3507
628 349 1815 456 IELISABETH.
619 497 2236 573 notre famille, étoit de marier le
615 600 2172 689 petit-fils du comte avec ſa niéce.
611 703 2172 789 Mais, il en réſultera tout ce qu'il
606 809 2167 895 pourra pour la bonne comteſſe,
602 915 2266 1008 car, c'eſt vraiment une excellente
598 1008 2271 1104 femme, je ne ſuis point d'avis que
598 1118 2159 1203 l'on conclue cet hymen, ſi l'on ne
598 1227 2155 1313 rempli les conditions dont je vous
593 1334 1155 1419 ai parlé....
1187 1330 2172 1405 ... Mes raiſons ſont
589 1436 2146 1522 victorieuſes, n'eſt il pas vrai ma-
589 1543 2142 1625 dame d'Albi? Et me prenant par la
581 1645 2142 1742 main, allons rejoindre la compa-
576 1742 2137 1841 gnie, ne la privons pas plus long-
576 1855 2129 1944 temps de votre aimable préſence...
581 1957 2137 2026 ous me ferez l'honneur de venir
572 2064 2124 2149 diner jeudi, promettez-le moi, je
563 2166 2124 2256 vous aime infiniment, l'on peut
563 2273 2120 2348 tout vous confier; vous êtes de tou-
559 2376 2112 2461 tes les femmes la plus diſcrete....
555 2482 2112 2571 Ne trouve-tu pas, Eliſabeth, que je
546 2585 2107 2670 juſtifie bien ſon opinion? mais, ce
546 2691 2116 2780 n'eſt pas ma faute, elle n'a pas
1630 2797 2103 2866 mêIe
