2480 3507
632 312 1794 398 LOELISAEETI.
564 411 2182 521 vrai: je l'ai lu & relu dix fois;
628 535 2174 627 Luzan n'épouſe pas mademoiſelle
628 645 2170 734 de N.... Il me l'écrit, la rupture
624 751 2178 826 eſt certaine; le comte lui-même la
615 857 2174 943 lui a annoncée ſans lui en expli-
619 963 2170 1052 quer la véritable cauſe. Il s'eſt con-
615 1066 2174 1159 tenté de lui dire que des raiſons
615 1176 2170 1268 particulieres, oû ſa répugnance ni
615 1279 2174 1368 celle de ſa mere n'avoient point de
611 1385 2174 1481 part, le diſpenſoient de remplir les
611 1495 2165 1580 engagements qu'il avoit pris; que
594 1591 2165 1687 madame de N.... avoit jugé à
594 1704 2161 1793 propos de lui rendre ſa parole, que
602 1810 2153 1899 c'étoit elle qui avoit rompu la pre-
585 1916 2157 2002 miere; qu'il en étoit extrêmement
598 2019 2157 2112 fâché, parce qu'il n'eſpéroit pas
594 2129 2148 2197 trouver une alliance auſſi conforme
530 2221 2144 2317 à ſes vues: qu'au reſte, il lui re-
589 2338 2144 2410 nouvelloit la défenſe de faire ſes
572 2444 2144 2530 veux. Sans doute le pauvre cheva-
581 2547 2144 2639 lier n'a pas oſé reparler de fa chere
564 2653 2140 2742 Eliſabeth, & vraiſemblablement
