2480 3507
621 278 1809 363 AELISAEETH
617 377 2175 473 mes pleurs ont coulé tant de fois
617 490 2167 579 pour obéir à la raiſon; j'ai fait de
617 597 2167 686 ſi pénibles ſacrifices, quand mon
617 703 2171 802 devoir l'exigeoit, qu'il eſt bien juſte
613 806 2175 898 que je goûte un moment de félicité.
613 912 2171 1004 Qui ſçait hélas ſi elle ſera durable!
613 1022 2179 1111 Permets que j'en jouiſſe ſans trouble,
613 1124 2179 1214 ſur-tout ſans reproches, pendant ce
609 1231 2175 1320 court eſpace que le deſtin jaloux
609 1334 2179 1423 a peut - être limité. Cependant, il
613 1443 2184 1532 eſt à préſumer que nous n'avons plus
604 1546 2184 1635 à redouter ce fatal mariage, & il y
609 1649 2184 1738 a grande apparence que les raiſons
609 1755 2171 1844 qu'a alléguées la belle-ſœur de ma-
604 1861 2175 1951 dame de N.... ne ſont pas l'u-
609 1968 2175 2057 nique cauſe de la rupture: de pa-
609 2074 2175 2163 reils motifs ſont trop frivoles &
609 2184 2184 2269 même ridicules, pour faire manquer
609 2283 2179 2376 une alliance enviſagée comme
604 2389 2171 2478 avantageuſe d'une part, & hono-
1511 2502 2171 2588 ... evois en-
604 2499 1477 2567 rable de l'autre...
600 2602 2175 2705 core, je t'en ſupplie, cette belle-
1962 2715 2179 2804 ſœur
