2480 3507
694 346 1839 446 ELISAEETH.45
300 470 1856 569 ſœur; ſçache ſi le caroſſe, les dia-
304 586 1856 665 mants, ſont réellement le ſeul
304 693 1856 778 obſtacle, car je ne puis me le per-
304 792 1920 888 ſuader; cela eſt d'une petiteſſe &
300 898 1851 984 d'un mlſérable difficile à croire....
300 1004 1856 1090 Je n'ai pas beſoin de te recom-
304 1114 1860 1196 mander de ne point mettre de bou-
304 1217 1860 1306 quet de roſes artificielles. Le déſa-
300 1320 1860 1412 gréable quart-d'heure que tu as là
304 1426 1860 1515 éprouvé pour l'amour de moi,
309 1532 1864 1618 chere Henriette! Je t'en demande-
304 1639 1864 1724 rois mille pardons, ſi la dame n'a-
300 1738 1864 1827 voit ſubi la peine de ſa ſottiſe, &
309 1841 1864 1913 ſi tu n'avois mis tant de malice à
309 1951 1864 2036 raconter le fait, à faire languir ta
309 2050 1869 2146 pauvre Eliſabeth, qui, comme tu
309 2156 1869 2259 l'as bien deviné, brûloit d'impa-
313 2269 613 2353 tience.
356 2353 1911 2471 Tu voulois te venger de ma
313 2471 1911 2567 lettre, méchante! Peux-tu te réſou-
326 2581 1869 2667 dre à affliger un cœur qui t'aime
326 2684 1873 2773 autant qu'il ſoit poſſible d'aimer,
437 2787 844 2859 Partie II.
