2480 3507
452 367 1650 468 8 ELIsAET.
431 468 2029 569 dans le tourbillon ſoutenu par le
478 586 2025 679 ſeul nuage de ſa vanité, dont le
478 693 2025 782 voile officieux cache, au vulgaire
474 795 2020 884 pour un temps, le tuf de l'homme.
474 902 2046 991 La ſeule choſe que je crains pour
474 1004 2020 1100 lui & plus encore pour moi, c'eſt
470 1107 2020 1196 le poiſon des dégoûts & des mor-
470 1210 2016 1299 tifications que certaines gens, qu'on
470 1316 2016 1402 nomme fléaux de la ſociété parce-
461 1419 2016 1505 qu'ils ſont ſinceres, font avaler à
461 1525 2012 1611 ceux qu'ils voient trop pleins d'eux-
457 1625 2012 1717 mêmes. Le remede eſt violent, l'on
457 1728 2008 1817 ſe condamne à la ſolitude pour le
461 1834 2012 1923 laiſſer opérer. Que faire pendant
465 1937 2012 2026 cet intervalle, qui eſt une eſpece
461 2043 2008 2136 de néant pour ceux qui ont con-
465 2146 2008 2228 tracté l'habitude de vivre hors
1353 2252 2003 2338 ... oila quel
457 2249 1262 2314 d'eux-mêmes?...
461 2352 1995 2437 ſera le fort du baron, je le prévois,
461 2454 1999 2544 je m'y attends. Tu conçois qu'alors
457 2557 1999 2643 l'heureuſe Eliſabeth d'aujourd'hui
452 2660 1999 2749 ſera fort mécontente. Ine humeur
