2480 3507
827 312 2012 401 EETISABETH.4
456 425 2017 533 inſupportable, ou un amour encore
452 533 2008 624 plus fatiguant, ſeront les fruits de
1528 651 2008 723 ...Mais,
452 641 1520 713 cette triſte retraite....
452 747 2000 830 c'eſl me tourmenter inutilement;
448 847 2004 946 peut-être qu'avant ce temps-là mes
448 953 2004 1028 vœux ſeront comblés. Parvenue à
448 1063 2008 1155 ce bonheur, quels déſagréments ne
443 1166 2000 1258 ſupporterois - je pas patiemment!
443 1272 1995 1364 Oui, je puis tout ſouffrir étant la
439 1375 1995 1471 fidele compagne de mon cher Lu-
435 1481 1991 1584 zan. Divin eſpoir!tu me fais ou-
435 1591 2034 1680 blier tous mes maux, & fais diſpa-
435 1693 1991 1783 roitre ceux que la fâcheuſe crainte
324 1800 1991 1885 voudroit me préfager!...... Chere
426 1903 2008 2001 Henriette, ſonges-tu que je le re-
426 2001 2089 2098 verrai dans ſix jours. Que ce terme
426 2115 1987 2204 va me paroitre long! & combien
426 2221 1983 2310 de fois ma tendre impatience preſ-
426 2324 1983 2417 ſera-t-elle les heures, avant que
426 2434 1983 2516 d'obtenir celle ou je dois voir mon
384 2540 1974 2629 cher Luzan, les délices de ma vie!
422 2639 1974 2729 Ah chere amie! que mon bonheur
1424 2746 1650 2838 Niij
