<PcGts xmlns="http://schema.primaresearch.org/PAGE/gts/pagecontent/2017-07-15" xmlns:xsi="http://www.w3.org/2001/XMLSchema-instance" xsi:schemaLocation="http://schema.primaresearch.org/PAGE/gts/pagecontent/2017-07-15 http://schema.primaresearch.org/PAGE/gts/pagecontent/2017-07-15/pagecontent.xsd"><Metadata><Creator>User123</Creator><Created>2020-09-09T00:39:27</Created><LastChange>2020-09-09T00:39:27</LastChange></Metadata><Page imageFilename="0160.png" imageHeight="3507" imageWidth="2480"><TextRegion id="r0" type="paragraph" orientation="-0.0"><Coords points="1,1 2478,1 2478,3505 1,3505"/><TextLine id="r0_l001"><Coords points="448,298 1590,298 1590,387 448,387"/><TextEquiv index="1"><Unicode>5EEsABET.</Unicode></TextEquiv></TextLine><TextLine id="r0_l002"><Coords points="439,411 1991,411 1991,511 439,511"/><TextEquiv index="1"><Unicode>ſeroit grand ſi tu venois le partager!</Unicode></TextEquiv></TextLine><TextLine id="r0_l003"><Coords points="439,514 1991,514 1991,610 439,610"/><TextEquiv index="1"><Unicode>Je ſens qu'il ſera imparlait, ſi je ſuis</Unicode></TextEquiv></TextLine><TextLine id="r0_l004"><Coords points="435,617 2089,617 2089,717 435,717"/><TextEquiv index="1"><Unicode>privée de ta préſence: elle ſeule</Unicode></TextEquiv></TextLine><TextLine id="r0_l005"><Coords points="431,730 1995,730 1995,823 431,823"/><TextEquiv index="1"><Unicode>peut y mettre le comble. Oui, tels</Unicode></TextEquiv></TextLine><TextLine id="r0_l006"><Coords points="435,833 1991,833 1991,905 435,905"/><TextEquiv index="1"><Unicode>ſont les charmants effets de la ſin-</Unicode></TextEquiv></TextLine><TextLine id="r0_l007"><Coords points="341,939 2004,939 2004,1028 341,1028"/><TextEquiv index="1"><Unicode>cere amitié, elle dimintue les peines</Unicode></TextEquiv></TextLine><TextLine id="r0_l008"><Coords points="439,1046 2004,1046 2004,1138 439,1138"/><TextEquiv index="1"><Unicode>&amp; augmente la félicité des ames</Unicode></TextEquiv></TextLine><TextLine id="r0_l009"><Coords points="443,1155 2021,1155 2021,1244 443,1244"/><TextEquiv index="1"><Unicode>ſenſibles...... Marque-moi donc,</Unicode></TextEquiv></TextLine><TextLine id="r0_l010"><Coords points="443,1258 2012,1258 2012,1351 443,1351"/><TextEquiv index="1"><Unicode>je t'en conjure, ſi cette maudite</Unicode></TextEquiv></TextLine><TextLine id="r0_l011"><Coords points="439,1361 2140,1361 2140,1457 439,1457"/><TextEquiv index="1"><Unicode>charge ſe vendra bientot, ou ſi tu</Unicode></TextEquiv></TextLine><TextLine id="r0_l012"><Coords points="435,1474 2004,1474 2004,1560 435,1560"/><TextEquiv index="1"><Unicode>peux du moins venir paſſer quel-</Unicode></TextEquiv></TextLine><TextLine id="r0_l013"><Coords points="439,1577 2004,1577 2004,1672 439,1672"/><TextEquiv index="1"><Unicode>ques jours à Paris. Tu ne m'as plus</Unicode></TextEquiv></TextLine><TextLine id="r0_l014"><Coords points="435,1672 2025,1672 2025,1769 435,1769"/><TextEquiv index="1"><Unicode>parlé de la maladie du fils de mon-</Unicode></TextEquiv></TextLine><TextLine id="r0_l015"><Coords points="435,1783 2004,1783 2004,1865 435,1865"/><TextEquiv index="1"><Unicode>ſieur d'Albi; ſans doute il eſt ré-</Unicode></TextEquiv></TextLine><TextLine id="r0_l016"><Coords points="439,1889 2008,1889 2008,1978 439,1978"/><TextEquiv index="1"><Unicode>tabli: ainſi rien ne t'empêche de</Unicode></TextEquiv></TextLine><TextLine id="r0_l017"><Coords points="443,1998 2004,1998 2004,2074 443,2074"/><TextEquiv index="1"><Unicode>te rendre à mes inſtances. Je t'em-</Unicode></TextEquiv></TextLine><TextLine id="r0_l018"><Coords points="443,2101 2012,2101 2012,2180 443,2180"/><TextEquiv index="1"><Unicode>braſſe mille &amp; mille fois, ſous con-</Unicode></TextEquiv></TextLine><TextLine id="r0_l019"><Coords points="443,2211 2008,2211 2008,2297 443,2297"/><TextEquiv index="1"><Unicode>dition que tu viendras bientot me</Unicode></TextEquiv></TextLine><TextLine id="r0_l020"><Coords points="439,2314 2004,2314 2004,2403 439,2403"/><TextEquiv index="1"><Unicode>le rendre......A propos, j'ou-</Unicode></TextEquiv></TextLine><TextLine id="r0_l021"><Coords points="443,2417 2004,2417 2004,2509 443,2509"/><TextEquiv index="1"><Unicode>bliois de te dire quelque choſe, qui</Unicode></TextEquiv></TextLine><TextLine id="r0_l022"><Coords points="448,2526 2004,2526 2004,2612 448,2612"/><TextEquiv index="1"><Unicode>ne m'eſt pas indifférent. Mon oncle</Unicode></TextEquiv></TextLine><TextLine id="r0_l023"><Coords points="452,2633 2012,2633 2012,2705 452,2705"/><TextEquiv index="1"><Unicode>m'a menée ce matin à la meſſe des</Unicode></TextEquiv></TextLine></TextRegion></Page></PcGts>