2480 3507
721 329 1897 418 ELIsAET.5
332 452 1901 554 euillants; en entrant dans l'égliſe,
344 552 1901 647 je lui ai vu ſaluer des dames, d'un
341 662 1897 754 air d'ancienne connoiſſance: je lui
286 768 1902 860 ai demandé qui elles étoient, il
341 874 1906 967 m'a dit que c'étoit madame & ma-
350 967 1902 1052 demoiſelle de N.... Je n'oſe te
345 1087 1902 1176 dire combvien je l'ai trouvée laide,
341 1190 1906 1282 tutme ferois trop de méchancetés à
344 1295 1905 1395 ce ſujet. Je ſuis bien aiſe que la
340 1394 1905 1494 lettre de la marquiſe te l'ait appris
337 1512 1906 1607 avant moi; mais ce dont elle n'a
324 1607 1906 1707 point parlé, c'eſt un air ignoble &
337 1717 1906 1810 béte que mademoiſelle de N.....
333 1824 1906 1916 pofféde au-de-là de toute expreſ-
337 1927 1902 2005 ſion. En vérité, le chevalier auroit
333 2033 1906 2125 été trop malheureux de l'épouſer,
337 2142 1906 2232 à moins qu'elle n'ait un caractere
345 2245 1906 2338 dont la bonté répare les défauts de
281 2352 1902 2444 ſa perſonne; mais ce n'eſt pas ce
345 2456 1906 2550 qu'en dit la mere du chevalier, qui
345 2564 1910 2657 le feroit préſumer. Tant pis poux
350 2670 1616 2742 elle. Adieu encore une fois.
1394 2777 1595 2845 Niv
