2480 3507
592 315 1749 422 I2ELlIsaeTn.
1352 685 2102 734 T
591 726 2136 825 LETTAEAAA
830 871 2005 974 De Madame d'ALei,
732 1049 2001 1163 ELISBETE.
592 1214 2145 1385 lE eſ certain, chere Eliſabeth,
587 1385 2149 1488 que ce mariage qui t'a fait verſer
587 1495 2154 1587 tant de larmes, qui t'a tant coûté
587 1601 2158 1690 d'effſorts, qui m'a donné lieu d'ad-
570 1707 2158 1805 mirer ton courage, qui t'a rendue
587 1805 2145 1899 mille fois plus chere à mon cœur;
575 1920 2154 2005 il eſt tres vrai qu'il n'en eſt plus
583 2022 2149 2118 queſtion. Je t'en félicite & veux
570 2129 2149 2218 bien t'épargner, puiſque tu l'exiges,
592 2235 2149 2321 le tableau des obſtacles qui te reſtent
583 2338 2149 2410 à ſurmonter. Celui - là eſt abſolt-
583 2444 2145 2523 ment vaincu, tu en es ſûre & moi
575 2550 2149 2643 auſſi; car, j'ai vu la belle ſœur de
579 2657 2149 2746 madame de N..... qui m'en a
