2480 3507
774 353 1922 442 ELSABETH.
387 456 1935 555 confirmé la nouvelle, ſans me
344 579 1935 651 mettre dans la néceſſité de lui faire
387 679 1935 775 des queſtions. Ellé m'a dit qu'elle
387 785 1935 878 étoit comblée d'être parvenue à
257 890 1930 983 faire manquer une alliance qui
214 981 1930 1082 n'auroit répandu aucun éclat ſur la
288 1100 2021 1190 famille, puiſqu'on vouloit confiner
370 1200 1935 1279 ſa niéce neuf mois de l'année dans
378 1306 1927 1378 un château. -- ous avez eu ſans
374 1409 1922 1501 doute, lui dis-je, des raiſons en-
357 1515 1918 1604 core plus confidérables que celle-là.
370 1625 1918 1714 -- Non, repliqua-t-elle, pas d'au-
370 1724 1918 1817 tres que celles dont je vous ai parlé
370 1831 1922 1920 la derniere fois, excepté que nous
271 1933 1914 2026 prétendions que ma niéce eût ſa
353 2040 1914 2139 maiſon, parce qu'il eſt tres déſa-
366 2146 1909 2238 gréable pour une jeune femme,
366 2249 1909 2321 d'être ſous la tutelie d'un vieillard
361 2355 1905 2444 inquiet, impérieux. C'eſt déja trop
361 2461 1909 2544 d'être contrainte les premieres an-
348 2564 1897 2661 nées de ſe prêter aux idées d'un
348 2661 1901 2763 mari. Le comte vouloit que les
