2480 3507
481 319 1720 425 IELISABETH.
558 435 2120 542 jeunes époux demeuraſſent chez
524 549 2145 645 lui, il eſt ſort âge, ſujet à la goutte;
570 658 2124 747 deſorte que le paſſe-temps le plus
570 761 2132 833 ordinaire de ma niéce auroit été
570 871 2128 960 de tenir compagnie au bon papa.
566 974 2128 1066 Ah! je vous avoue qu'il y a de quoi
566 1083 2132 1172 excéder de vapeurs une jeune per-
566 1186 2132 1268 ſonne, & vous conviendrez, ma-
570 1292 2247 1395 dame, que cet état d'exiſtence
575 1402 2137 1491 n'eſt point fait pour un être pen-
575 1508 2137 1573 ſant & deſtiné à vivre à la cour.
575 1611 2149 1700 Je ne ſuis point étonnée, lui dis-je,
579 1714 2145 1810 que le comte ait deſiré avoir ſes
583 1820 2149 1913 enfants aupres de lui: c'eſt la plus
579 1913 2235 1998 douce conſolation des dernieres
583 2036 2145 2125 années d'un pere. Il n'eſt point
587 2142 2149 2232 effrayé de la mort, parce qu'il croit
592 2245 2149 2341 renaâtre chaque fois qu'un nouveau
592 2352 2369 2450 rejetton vient aſſurer ſa poſtérité;
596 2450 2149 2550 & quand la ſource des plaiſir eſt
596 2561 2149 2666 tarie pour lui, celui-là ſeul conſerve
600 2666 2154 2763 quelque charme pour ſon cœur;
