2480 3507
550 326 1723 411 ELaSAEETH.55
171 446 1731 538 mais, par cette même raiſon, je ne
175 552 1727 641 conçois pas comment le comte a pu
175 655 1731 730 refuſer de ſouſcrire aux autres arti-
171 765 1731 850 cles...... Il l'a fait, madame,
171 871 1735 960 ſoyez-en ſûre. J'ai vu toutes les
171 974 1735 1066 lettres, il s'en tient toujoux à un
171 1083 1744 1169 ſeul caroſſe; il ajoute ſeulement
175 1193 1740 1279 dix mille livres pour les diamans.
175 1292 1744 1385 Ma belle-ſœur n'a pas héſité ſur
175 1399 1735 1491 mon avis, de lui rendre ſa parole;
175 1508 1744 1605 ainſi, c'eſt une affaire parfaitement
171 1605 1744 1704 rompue. J'en ſuis fâchée pour la
175 1714 1752 1807 bonne comteſſe, qui y perd des
175 1820 1752 1916 avantages aſſez conſidérables, que
175 1923 1757 2002 la famille lui faiſoit en faveur de
179 2033 1748 2125 ce mariage; mais, au reſte, elle eſt
183 2136 1744 2228 d'un caractere ſi oppoſé aux notres,
188 2245 1821 2331 elle vit ſi loin de nous, qu'il eſt na-
188 2352 1748 2444 turel que nous préférions ceux qui
188 2461 1010 2530 nous environnent.
303 2561 1752 2657 Tu devines ſans doute, ma chere,
196 2670 1752 2766 que ne prenant nul intérêt à la
