2480 3507
753 329 1932 429 ELISABEti.
749 463 2324 555 ſont point de quartier qu'ils n'aient
745 569 2315 662 dépenſé tout le fonds de leur ima-
744 674 2310 776 gination; de maniere, que s'ils
744 775 2310 849 revenoient le lendemain dans la
745 884 2311 970 même maiſon, il ne leur reſteroit
745 991 2311 1083 pas de quoi fournir deux minutes à
741 1100 1451 1166 la converſation.
749 1200 2307 1296 Je ſuis plus empêchée que jamais
736 1313 2303 1402 de ſatisfaire ton empreſſement &
736 1416 2307 1508 le mien. De plus de ſix ſemaines,
736 1515 2307 1615 je ne puis ailer à Paris: non ſeule-
736 1628 2303 1717 ment le jeune d'Albi n'eſt pas ré-
732 1731 2298 1820 tabli, mais ſon frere a auſſi la petite
724 1837 2298 1927 vérole; le pere a de ſi vives inquié-
732 1944 2294 2033 tudes, mes ſoins le touchent à tel
732 2050 2290 2142 point, que je me ferois une vraie
727 2152 2285 2255 peine de les quitter, avant que de les
727 2254 2289 2351 voir dans une parfaite ſanté.....
724 2369 2298 2461 Tu ne ſçaurois croire combien je
728 2478 2286 2573 m'attendris pour ces pauvres en-
724 2573 2286 2667 ſants, quand je penſe qu'ils n'ont
613 2684 2281 2777 plus de mere qui eſt la plus pré-
