2480 3507
611 360 1780 446 ELISAEETH.5
237 473 1879 569 cieuſe perſonne pourleurspremieres
241 583 1793 655 années. Je tâche de les en dédom-
241 682 1798 778 mager autant qu'il eſt en mon pou-
241 792 1798 881 voir. La pitié, la juſtice me don-
241 898 1806 984 nent pour eux de vraies entrailles
245 1004 1802 1094 de mere. Je t'aſſure que ſi je ne
248 1106 1805 1192 m'étois ſentie capable de ces fenti-
248 1185 1805 1298 ments, je ne me ſerois jamais dé-
245 1316 1806 1405 terminée à épouſer monſieur d'Albi;
254 1419 1815 1508 car, je trouve ces orphelins aſſez
258 1522 1815 1611 malheureux de voir à la place de
254 1628 1819 1717 celle qui leur a donné le jour, une
258 1735 1854 1827 étrangere qui, ſouvent non con-
258 1837 1828 1923 tente d'uſurper une partie de leur
267 1944 1828 2022 fortune, leur ravit encore la ten-
267 2046 1828 2136 dreſſe paternelle. Moi, au contraire,
271 2149 1832 2249 j'honore monſieur d'Albi d'être ſi
271 2252 1836 2334 attaché à ſes enfants, & ſa vive
237 2358 1836 2451 amitié pour eux me le rend plus
688 2465 1841 2537 ... Ces aimables enfants
275 2472 649 2537 cher...
288 2571 1922 2657 me rendent bien les fentiments que
284 2677 1849 2807 j'ai pour eux. I y a deux jours
