2480 3507
681 339 1860 449 ELSABETH.6
315 483 1873 555 vive émotion. La mieune s'en eſt
319 586 1873 672 accrue. Alors, entranés tous deux
319 699 1881 796 par un mouvement inexpliquable,
319 796 1881 895 ſa tête s'eſt penchée ſur mon cou,
319 908 1881 1006 la mienne ſur ſon épaule, & là dans
319 1006 1873 1094 un doux ſilence, nous étions comme
323 1121 1877 1190 affaiſſés ſous le charme du ſenti-
322 1226 1765 1325 ment que nous éprouvions....
322 1324 1876 1422 Il me preſſoit contre ſon ſein. Le
332 1433 1877 1529 mien palpitoit, violemment agité.
323 1546 1881 1632 Alarmée de mon trouble, je l'ai
323 1652 1881 1741 vivement repouſſé, mais ſes re-
328 1759 1890 1851 gards, plus tendres que l'amour
328 1861 2094 1951 même, ont pénétré juſqu'au fond
328 1964 1881 2043 de mon cœur, & l'ont rendu ſi
332 2070 1886 2163 ſenſible, que je lui ai accordé ce
332 2177 1890 2269 baiſer demandé avec tant d'inſtance,
123 2283 1886 2376 lorſqu'il étoit à cinquante lieues de
179 2389 1881 2489 moi. O mon Henriette! que la
332 2489 1898 2588 plus légere faveur eſt dangereuſe
336 2602 1898 2691 pour celle qui oſe la donner du
345 2705 1898 2780 conſentement de ſa volonté. De
1388 2818 1554 2907 Oij
