2480 3507
694 367 1873 459 ELISABEEH.6
339 483 2091 579 à faire demeurer Julie aupres de
333 585 1880 691 moi, lorſque le chevalier y ſera.
213 681 1885 788 Elle a toujours ignoré mon ſecret,
330 799 1881 881 je ſuis forcée de la mettre dans ma
330 905 1881 991 confidence au moment oà il eſt
330 1011 1890 1111 plus eſſentiel de le cacher. oilà
249 1118 1890 1217 ou m'a réduite monimprudence, à
330 1224 1886 1320 craindre, à ménager cette fille, à
330 1327 1886 1412 dépendre de ſa diſcrétion, & à
330 1433 1890 1529 payer ſon ſilence par de lâches
330 1539 1890 1639 bontés. Si elle étoit capable, comme
330 1645 1890 1738 he aucoup d'autres le ſont en pareil
334 1752 1868 1827 cas, d'abuſer de ma ſituation....
330 1841 1894 1940 Que je me veux de mal d'avoir
334 1957 2087 2043 cédé au deſir de prouver ma ten-
330 2060 1894 2132 dreſſe à Luzan! Je racheterois ce
326 2166 1886 2252 baiſer, non au prix de mon amour,
129 2269 1890 2358 mais du plus pur de mon ſang s'il
330 2372 1890 2461 en étoit encore temps. Oui Hen-
326 2482 1899 2567 riette, ce n'eſt pas trop dire, car
330 2585 1894 2681 je ſens que ce ſimple baiſer me
330 2687 1894 2780 conduiroit à ma perte, ſi je ne
