2480 3507
596 374 1783 480 EESABETH.
596 507 2156 607 m'armois de toutes les précautions
591 610 1945 703 qui peuvent m'en garantir...
1945 624 2151 679 s
591 717 2156 806 Tu ne ſçais pas encore tout, chere
544 823 2156 919 amie, tu ignores de combien de
587 922 2147 998 ſentiments divers ton Eliſabeth eſt
591 1028 2147 1133 combattue .... auquel céderai-je?
574 1133 2147 1229 c'eſt ce que je n'oſe encore dé-
1016 1229 2151 1337 ... Ce projet qui avoit
591 1244 977 1313 cider...
591 1347 2151 1436 tant excité notre curioſité; je le
587 1453 2151 1546 ſçais enfin. Te ſerois-tu imaginée
583 1563 2151 1649 qu'il s'agât d'un mariage fecret? Le
583 1663 2156 1752 chevalier me le propoſe, comme
586 1764 2150 1866 l'unique reſſource qui nous reſte,
586 1865 2155 1963 pour éviter le malheur d'être ſépa-
399 1978 2147 2074 rés. Il m'avoit caché, pour ne me
587 2084 2143 2177 pas affliger, le funeſte arrêt de ſon
587 2190 2151 2280 grand-pere, qui lui a défendu de
587 2290 2156 2382 ſonger à quelque perſonne que ce
587 2400 2139 2489 pût être pour ſe marier; qu'il n'au-
583 2502 2139 2591 roit jamais de femme que de ſon
506 2605 2151 2701 choix; qu'il y avoit une autre pa-
591 2715 2164 2804 rente de la comteſſe ſur qui il avoit
