2480 3507
579 346 1758 459 ELSABET.6y
200 480 1766 583 des vues; qu'à la vérité cette
204 593 1758 689 alliance ne ſeroit pas auſſi avanta-
200 703 1766 799 geuſe pour ſon avancement que
203 808 1770 910 celle de madame de N.... mais,
203 907 1765 1007 qu'à quelque prix que ce fût, il
209 1018 1771 1114 étoit réſolu de partager ſon bien
209 1124 1775 1196 entre ſa famille & celle de ſa
209 1231 1775 1323 femme .... Tu conçois aiſément,
209 1334 1771 1429 chere amie, quelles nouvelles alar-
213 1443 1779 1532 mes ce récit a répandu dans mon
217 1553 1779 1635 cœur. J'ai frémi, & la crainte de
209 1656 1779 1741 perdre le chevalier m'a fait rece-
213 1759 1788 1848 voir fa propofition avec tranſport
217 1855 1783 1954 dans le premier inſtant. Cependant
217 1968 1783 2068 je ne me ſuis point engagée, je lui
221 2068 1792 2166 ai dit que je voulois te conſulter ſur
221 2180 1788 2269 une affaire de cette importance;
226 2283 1792 2376 que ce parti feroit doux pour mon
226 2393 1796 2482 cœur, mais que je ne le croyois pas
226 2496 1792 2588 exempr de reproches; que d'ait-
226 2605 1788 2694 leurs il me paroiſſoit dangereux.
221 2711 1958 2804 Il ne pouvoit me quitter, m'a-t-il
