<PcGts xmlns="http://schema.primaresearch.org/PAGE/gts/pagecontent/2017-07-15" xmlns:xsi="http://www.w3.org/2001/XMLSchema-instance" xsi:schemaLocation="http://schema.primaresearch.org/PAGE/gts/pagecontent/2017-07-15 http://schema.primaresearch.org/PAGE/gts/pagecontent/2017-07-15/pagecontent.xsd"><Metadata><Creator>User123</Creator><Created>2020-09-09T00:39:30</Created><LastChange>2020-09-09T00:39:30</LastChange></Metadata><Page imageFilename="0178.png" imageHeight="3507" imageWidth="2480"><TextRegion id="r0" type="paragraph" orientation="-0.0"><Coords points="1,1 2478,1 2478,3505 1,3505"/><TextLine id="r0_l001"><Coords points="696,329 1986,329 1986,436 696,436"/><TextEquiv index="1"><Unicode>Elisaeete-</Unicode></TextEquiv></TextLine><TextLine id="r0_l002"><Coords points="696,436 2247,436 2247,545 696,545"/><TextEquiv index="1"><Unicode>dit, les yeux pleins de larmes ſans</Unicode></TextEquiv></TextLine><TextLine id="r0_l003"><Coords points="658,566 2247,566 2247,648 658,648"/><TextEquiv index="1"><Unicode>obtenir mon conſentement, que</Unicode></TextEquiv></TextLine><TextLine id="r0_l004"><Coords points="692,665 2306,665 2306,768 692,768"/><TextEquiv index="1"><Unicode>ſon repos, ſa vie en dépendoit;</Unicode></TextEquiv></TextLine><TextLine id="r0_l005"><Coords points="688,768 2242,768 2242,867 688,867"/><TextEquiv index="1"><Unicode>qu'il craignoit toujours quelque</Unicode></TextEquiv></TextLine><TextLine id="r0_l006"><Coords points="688,878 2238,878 2238,974 688,974"/><TextEquiv index="1"><Unicode>violence de la part de ſon grand-</Unicode></TextEquiv></TextLine><TextLine id="r0_l007"><Coords points="683,987 2234,987 2234,1076 683,1076"/><TextEquiv index="1"><Unicode>pere; que ſi nous perdions le temps</Unicode></TextEquiv></TextLine><TextLine id="r0_l008"><Coords points="688,1087 2251,1087 2251,1187 688,1187"/><TextEquiv index="1"><Unicode>en délibération, ſon bonheur ſeroit</Unicode></TextEquiv></TextLine><TextLine id="r0_l009"><Coords points="1790,1290 1789,1290 1789,1282 1789,1281 1102,1281 1101,1282 1101,1285 1101,1285 705,1285 704,1285 704,1258 704,1257 683,1257 682,1257 682,1251 683,1250 687,1250 687,1250 687,1217 688,1216 785,1216 785,1216 785,1200 786,1199 896,1199 896,1199 896,1196 897,1195 1784,1195 1784,1195 1784,1187 1785,1186 1789,1186 1789,1187 1789,1192 1790,1192 2100,1192 2100,1193 2100,1213 2101,1213 2224,1213 2224,1214 2224,1216 2225,1216 2228,1216 2228,1217 2228,1233 2229,1233 2233,1233 2233,1234 2233,1237 2234,1237 2241,1237 2241,1238 2241,1274 2242,1274 2246,1274 2246,1275 2246,1285 2247,1285 2250,1285 2250,1286 2250,1288 2250,1288 1913,1288 1912,1289 1854,1289 1853,1290"/><TextEquiv index="1"><Unicode>ruiné à jamais; que nos tendres</Unicode></TextEquiv></TextLine><TextLine id="r0_l010"><Coords points="1081,1384 1080,1384 1080,1382 1080,1381 1076,1381 1075,1381 1075,1368 1075,1367 713,1367 712,1368 712,1377 712,1377 705,1377 704,1377 704,1364 704,1363 683,1363 682,1363 682,1327 683,1326 691,1326 691,1326 691,1310 692,1309 695,1309 695,1309 695,1306 696,1305 699,1305 699,1305 699,1303 700,1302 708,1302 708,1302 708,1299 709,1298 721,1298 721,1299 721,1302 722,1302 729,1302 729,1303 729,1322 730,1322 746,1322 746,1323 746,1326 747,1326 1003,1326 1003,1326 1003,1323 1004,1322 1007,1322 1007,1323 1007,1326 1008,1326 1011,1326 1011,1327 1011,1329 1012,1329 1131,1329 1131,1329 1131,1320 1132,1319 1135,1319 1135,1319 1135,1310 1136,1309 1139,1309 1139,1309 1139,1306 1140,1305 1148,1305 1148,1305 1148,1303 1149,1302 1174,1302 1174,1303 1174,1305 1175,1305 1340,1305 1340,1305 1340,1303 1341,1302 1353,1302 1353,1303 1353,1326 1354,1326 1451,1326 1451,1326 1451,1303 1452,1302 1473,1302 1473,1303 1473,1305 1474,1305 1575,1305 1575,1305 1575,1303 1576,1302 1579,1302 1579,1302 1579,1299 1580,1298 1601,1298 1601,1299 1601,1322 1602,1322 1789,1322 1789,1322 1789,1291 1790,1290 1904,1290 1905,1289 1912,1289 1912,1290 1912,1302 1913,1302 1981,1302 1981,1302 1981,1299 1982,1298 2164,1298 2164,1299 2164,1319 2165,1319 2173,1319 2173,1320 2173,1346 2174,1346 2216,1346 2216,1347 2216,1350 2217,1350 2224,1350 2224,1351 2224,1357 2225,1357 2237,1357 2237,1358 2237,1363 2237,1363 2221,1363 2220,1364 2220,1367 2220,1367 2217,1367 2216,1368 2216,1370 2216,1370 2208,1370 2207,1371 2207,1374 2207,1374 2200,1374 2199,1374 2199,1361 2199,1360 2029,1360 2028,1361 2028,1363 2028,1363 1905,1363 1904,1363 1904,1361 1904,1360 1790,1360 1789,1361 1789,1363 1789,1363 1469,1363 1468,1364 1468,1367 1468,1367 1098,1367 1097,1368 1097,1374 1097,1374 1093,1374 1092,1375 1092,1377 1092,1377 1089,1377 1088,1378 1088,1381 1088,1381 1085,1381 1084,1382 1084,1384 1084,1384"/><TextEquiv index="1"><Unicode>ſerments, ſcellés du ſceau de la loi,</Unicode></TextEquiv></TextLine><TextLine id="r0_l011"><Coords points="683,1409 2221,1409 2221,1498 683,1498"/><TextEquiv index="1"><Unicode>étoient le moyen de parer au nou-</Unicode></TextEquiv></TextLine><TextLine id="r0_l012"><Coords points="675,1508 2238,1508 2238,1604 675,1604"/><TextEquiv index="1"><Unicode>veau malheur dont nous ſommes</Unicode></TextEquiv></TextLine><TextLine id="r0_l013"><Coords points="662,1618 2225,1618 2225,1707 662,1707"/><TextEquiv index="1"><Unicode>menacés...... Henriette, qu'au-</Unicode></TextEquiv></TextLine><TextLine id="r0_l014"><Coords points="666,1714 2238,1714 2238,1817 666,1817"/><TextEquiv index="1"><Unicode>rois-tu fait à ma place? je ſentois</Unicode></TextEquiv></TextLine><TextLine id="r0_l015"><Coords points="675,1817 2234,1817 2234,1899 675,1899"/><TextEquiv index="1"><Unicode>vivement la force de ſes raiſons;</Unicode></TextEquiv></TextLine><TextLine id="r0_l016"><Coords points="671,1930 2234,1930 2234,2019 671,2019"/><TextEquiv index="1"><Unicode>tremblante, éperdue, mes pleurs</Unicode></TextEquiv></TextLine><TextLine id="r0_l017"><Coords points="671,2033 2229,2033 2229,2129 671,2129"/><TextEquiv index="1"><Unicode>ont été mon unique réponſe; mais</Unicode></TextEquiv></TextLine><TextLine id="r0_l018"><Coords points="666,2139 2212,2139 2212,2235 666,2235"/><TextEquiv index="1"><Unicode>n'oſant compter ſur ce conſente-</Unicode></TextEquiv></TextLine><TextLine id="r0_l019"><Coords points="666,2245 2221,2245 2221,2341 666,2341"/><TextEquiv index="1"><Unicode>ment tacite, il m'a ſollicitée de lui</Unicode></TextEquiv></TextLine><TextLine id="r0_l020"><Coords points="662,2348 2217,2348 2217,2441 662,2441"/><TextEquiv index="1"><Unicode>donner ma parole. n peu revenue</Unicode></TextEquiv></TextLine><TextLine id="r0_l021"><Coords points="662,2454 2217,2454 2217,2554 662,2554"/><TextEquiv index="1"><Unicode>de mon trouble &amp; profitant de ſon</Unicode></TextEquiv></TextLine><TextLine id="r0_l022"><Coords points="658,2561 2221,2561 2221,2657 658,2657"/><TextEquiv index="1"><Unicode>iterprétation, je lui ai demandé</Unicode></TextEquiv></TextLine><TextLine id="r0_l023"><Coords points="658,2667 2204,2667 2204,2759 658,2759"/><TextEquiv index="1"><Unicode>n grace d'attendre ta réponſe.....</Unicode></TextEquiv></TextLine><TextLine id="r0_l024"><Coords points="1764,2770 2212,2770 2212,2842 1764,2842"/><TextEquiv index="1"><Unicode>ſera-t-ell</Unicode></TextEquiv></TextLine></TextRegion></Page></PcGts>