2480 3507
688 363 1888 470 ELISABETH.6
318 507 1892 579 ſera-t-elle conforme à ſes vœux?
327 603 1888 703 Oſerai-je t'avouer que je le deſire?
327 720 1901 821 Le bon Saintré ſe charge de faire
331 821 1897 925 toutes les démarches néceſſaires,
327 925 1905 1001 ſi toute fois nous ſommes déter-
335 1039 1905 1128 minés avant ſon départ, qu'il a déja
331 1142 2021 1231 retardé de quinze jours par rapport
331 1244 1909 1344 à Luzan; mais ſa mere le preſſe ſi
331 1354 1909 1447 fort, que peut-être il ſera obligé de
262 1460 1909 1549 partir lundi ou jeudi de la ſemaine
340 1560 1909 1656 prochaine; ainfi tu vois que nous
344 1666 1914 1759 n'avons point de moment à perdre
344 1776 1948 1872 ſi nous voulons profiter de ſes ſoins.
194 1868 1914 1968 Hâte, je t'en conjure, ta réponſe, &
344 1985 1914 2074 ſonge ſur-tout en la faiſant, qu'un
340 2088 1918 2184 mariage ſecret eſt le ſeul eſpoir qui
348 2190 1918 2286 me reſte pour rendre la paix à mon
310 2304 1918 2389 cœur. Ne me renvoie pas à ma
348 2406 1922 2496 conſcience; je te confeſſe que tout
353 2513 1918 2602 eſt féduit en moi. Mais toi, reſpe-
323 2612 1922 2708 ſable amie, qui jouis de toute ta
327 2722 1918 2811 raiſon & qui en fais un ſi noble
464 2831 856 2900 Partis II.
