2480 3507
715 350 1983 446 ELIsAEern.373
510 763 1910 825 EELL.
702 932 1711 1015 De Madame d'ALBI,
481 1087 1830 1186 à ELISABET.
433 1247 2000 1436 Quor, mon Eiiſabeth, à qui
425 1432 1995 1521 j'ai vu tant d'empire ſur elle -même,
426 1539 2001 1632 qui a vaincu ſon amour dans un
426 1649 2124 1738 temps ou ſa paſſion étoit parvenue
430 1752 2001 1841 au plus haut degré? Quoi, cette
430 1855 2001 1944 Eliſabeth enfin, qui a maitriſé ſon
438 1961 2030 2050 cœur, ne pourroit dompter ſes
438 2060 2005 2153 ſens? Quoi elle ſeroit réduite à la
443 2180 2022 2266 honte d'appeller un témoin pour
438 2280 2001 2372 l'empêcher d'être coupable? Non,
438 2389 1996 2478 chere amie, tu te trompes, tu ne
260 2496 1996 2585 peux être foible à ce point; le
430 2602 1992 2691 trouble d'un moment a effrayé ta
434 2705 1996 2787 vertu; mais connois mieux ſa
1490 2811 1673 2903 Piij
