2480 3507
537 288 1744 381 ELIsAEr.
537 418 2102 511 nation d'un principe d'incapacité.
541 528 2098 617 Ton cœur eſt aſſailli par tant de
541 631 2102 723 mouvements divers, qu'il ne ſeroit
537 737 2102 830 pas ſurprenant que de ſi violentes
541 843 2106 932 ſecouſſes altéraſſent un peu les for-
541 946 2111 1046 ces de ton ame: mais, ma chere,
537 1056 2106 1156 il n'y a rien encore de déſeſpéré à
541 1156 2106 1255 cet égard. iens dans les bras de
546 1272 2111 1361 ton Henriette, viens puiſer dans
541 1375 2111 1471 ſon cœur les conſolations & les
546 1484 2111 1553 conſeils dont tu as befoin dans ce
541 1594 2115 1680 moment, peut être le plus critique
546 1693 2115 1786 de ta vie; car, il s'agit de ta félicité
541 1800 2115 1904 préſente ou de ton malheur éternel;
546 1904 2115 1998 viens, écoute ce que la plus tendre
550 2016 2119 2105 amitié & la droite raiſon m'inſpi-
554 2122 2119 2214 rent. Le mariage ſecret, que le che-
554 2228 2119 2317 valier te propoſe, feroit ton bonheur
554 2334 2115 2424 actuel, je le ſçais, mais as-tu oublié
550 2444 2115 2530 qels maux il entraneroit à ſa ſuite
554 2547 2115 2639 lorſqu'il ſeroit découvert, & com-
559 2657 2128 2749 bien tu les aurois mérités en te
