2480 3507
512 295 1705 398 ELISABETH.
512 418 2089 514 paſſion inconſidérée? N'aurois-tu
507 528 2081 621 pas à craindre d'être expoſée à rou-
512 634 2085 730 gir un jour, d'avoir pris un titre
512 744 2085 833 qui, devant faire ta gloire, ne feroit
512 847 2089 939 plus que ton opprobre, lorſqu'il ſe-
512 953 2132 1042 roit déſavoué authentiquement par
1684 1059 2089 1152 ... Juſte
512 1063 1642 1131 une famille entiere?...
489 1165 2092 1270 Dieu! mon Eliſabeth ſeroit réduite
485 1269 2088 1363 à ce comble d'ignominie! ah j'en
516 1385 2093 1453 mourrois de douleur! Tu m'alle-
516 1488 2093 1584 gues que le chevalier eſt d'un âge
516 1594 2093 1692 qui le rend maâtre de ſon ſort. Eh
516 1692 2093 1796 bien, je veux ſuppoſer pour un
520 1807 2098 1896 moment que cette circonſtance
520 1913 2102 2005 ſuffit pour te mettre à l'abri des
516 2019 2098 2112 humiliantes pourſuites de ſes pa-
516 2125 2098 2228 rents: mais ſonges-tu combien il
516 2238 2093 2314 eſt affreux d'être en butte aux traits,
529 2345 2098 2434 aux murmures, aux reproches d'une
524 2451 2093 2540 famille irritée; de n'être enviſagée
529 2561 2098 2650 d'elle & même du public, que
533 2663 2102 2759 comme une fille foible, impru-
