2480 3507
725 319 1929 418 ELTsAnETe.7
341 439 1907 538 dente, incapable de remplir ſes
332 552 1903 645 devoirs, puiſqu'elle a manqué au
328 655 1903 744 plus eſſentiel? Ne pouvoir ſe diſſi-
324 761 1933 850 muler qu'on s'eſt rendu l'objet de
328 864 1903 956 ſa haine en foulant aux pieds ſon
324 974 1903 1066 autorité, en ruinant ſes projets, en
255 1080 1903 1152 mettant un éternel obſtacle à ſes
319 1186 1903 1282 vœux, & ce qu'il y a de plus affli-
319 1289 1976 1382 geant, ſe voir privée à jamais du
306 1392 1899 1491 charme de ſes ſoins careſſants, ne
315 1491 1894 1587 ſe point entendre nommer des doux
315 1601 1899 1690 noms de fille, de ſœur, de niéces
311 1707 1890 1796 ſe voir pius étrangere dans ſa fa-
311 1810 1890 1899 mille que chez des peuples bar-
311 1913 1886 2005 bares. Ah Eliſabeth! toi qui fais les
311 2026 1886 2105 délices de mon cœur, tu ſerois
315 2125 1882 2221 odieuſe ou indifférente à quel-
311 2235 1882 2331 qu'un; cette perpective me déſeſ-
306 2338 1873 2434 pére! enonce, je t'en conjure par
302 2444 1869 2537 notre amitié, par ton amour même,
306 2554 2028 2643 à ce dangereux projet. Je ne mets
281 2657 1873 2766 ſous tes yeux qu'une partie des
