2480 3507
645 343 1824 418 ELISABETH.S
261 463 1824 559 de ma lettre qui concernent cet
265 579 1828 669 article: il me haira peut être, mais
205 682 1832 775 il me ſçaura gré un jour, ſi j'ai con-
261 789 1832 884 tribué par mes conſeils à vous ga-
265 895 1832 984 rantir de l'action la plus imprudente
265 1004 1832 1090 que vous puiſſiez commettre. Le
269 1111 1837 1196 mariage, que vous redoutez, n'aura
171 1214 1999 1303 peut être pas lieu: le chevalier eſt
265 1316 1837 1405 libre, le baron te laiſſe tranquille;
269 1423 1841 1512 un peu de conſtance, chere Eli-
132 1515 1841 1621 ſabeth! il peut arriver des événe-
272 1638 1844 1738 ments qui vous laiſſeront la liberté
272 1737 1844 1812 de mettre le ſeeau à votre bonheur.
320 1848 1849 1948 Souviens-toi, combien de fois
273 1948 1845 2043 tu t'es vue ſur le point de paſſer le
278 2060 1849 2142 reſte de tes jours dans la douſeur
282 2170 1845 2264 & les larmes. Les vœux que ton
179 2264 1849 2369 pere exigeoit que tu prononçaſſes
282 2379 1866 2468 malgré ton averſion pour cet état,
282 2489 1849 2586 ceux auxquels tu craignois que la
290 2586 1849 2688 marquiſe ne contraignit le cheva-
290 2688 1849 2807 lier; ſon mariage arrêté, conclu,
