2480 3507
689 350 1896 429 EEIAnT.
681 480 2266 576 & rompu; tous ces ſujets de cha-
702 590 2266 686 grin ont diſparu; eſpere encore que
694 693 2262 789 le ciel, fléchi par la ſageſſe de ta
689 802 2257 891 conduite, comblera un jour tes
689 905 2262 1001 deſirs. Mais pour mériter ſa pro-
668 1015 2257 1097 tection, il faut ſe réſoudre à l'abſolu
681 1114 2331 1216 ſacrifice de vos projets. Hâte-toi
685 1216 2257 1313 de m'en donner l'aſſurance; je ne
681 1330 2145 1426 puis être tranquille qu'à ce prix.
2008 1532 2253 1621 LE
783 1699 1416 1751 E
744 1699 2162 1799 LEAEAL.
754 1889 2072 1985 DELSATe,
982 2053 1908 2122 à Madme d'AeT.
513 2214 2219 2365 Tesrdonc toi, chere & inſen-
638 2389 2214 2482 fible amie, qui veux que je rompe
633 2496 2210 2588 les liens de mon bonheur, lorſque
629 2602 2206 2694 je puis les rendre éternels. Tu veux
620 2708 2348 2821 que j'abandonne le ſeul moyen
