2480 3507
719 332 1950 435 ELISABETH.Sy
372 439 1950 567 'aſſurer ma félicité: car renoncer
373 569 1954 669 au mariage ſecret dans cette cir-
372 673 1954 767 conſtance, c'eſt renoncer à Luzan,
376 777 1959 870 & renoncer à Luzan, c'eſt renon-
377 885 1963 987 cet à la vie; tu veux donc que je
925 993 1962 1087 ... oila Saintré qui
385 1010 877 1066 eurs....
316 1094 1967 1193 vient me faire ſes adieux. Il part
393 1202 1971 1308 demain. Il s'empare de ma plume;
393 1305 1976 1424 le laiſſerai-je faire? il veut t'écrire.
505 1490 655 1547 l-i
406 1528 2155 1620 éLAs oui! madame, je pars
406 1629 1980 1734 tres affligé de quitter nos amis,
226 1731 1989 1834 & plus fâché que vous ne ſçauriez
225 1823 2147 1943 l'imaginer d'ajouter cent lieues
420 1932 1989 2045 aux quatre qui me ſéparent de
423 2048 1993 2148 vous, parce que quelque ſévere
423 2153 1993 2254 que vous ſoyiez dans vos prin-
399 2260 1993 2356 cipes, vous avez l'air ſi doux,
432 2363 2000 2465 que quand on a le bonheur de
410 2469 2001 2571 vous voir, on oublie les chagrins
416 2574 2001 2677 que vous avez cauſés, ou plus tât
416 2682 2001 2791 e on ſe perſuade que votre cœu
