2480 3507
694 422 1887 504 ELTSABETH.S
327 521 1891 631 & jette mon ami dans le déſeſ-
327 651 1896 734 poir. Permettez-moi, madame,
335 753 1890 853 que je vous diſe ce que me dicte
331 844 1899 949 l'intérêt dé perſonnes ſi cheres.
332 963 1900 1052 Il me ſemble que le parti d'un
332 1073 1900 1159 mariage ſecret n'eſt point auſſi
332 1176 1904 1268 imprudent qu'il vous le parot.
332 1279 1900 1371 La marquiſe, par exemple, de
332 1382 1908 1474 qui vous connoiſſez l'intrépide
336 1491 1904 1580 préjugé contre le mariage, ne
340 1594 1913 1687 ſeroit-elle pas inconſolable ſi ſon
340 1700 1913 1786 fils paſſoit dans cet état? Au lieu
345 1800 1921 1889 que le croyant libre, elle conſer-
340 1906 1913 1995 veroit toujours l'eſpérance de le
345 2012 1917 2098 déterminer tot ou tard à faire ſes
336 2115 1921 2204 vœux, ce qui la tranquilliſeroit
345 2225 1926 2307 beaucoup. Mais, en attendant les
349 2328 1921 2396 événements comme vous le con-
349 2430 1917 2513 ſeillez, ſi le comte réuſſiſſoit dans
353 2537 1926 2626 ſon nouveau projet, & que par
358 2639 1926 2729 la violence ou l'adreſſe il parvint
358 2746 1930 2838 à marier le chevalier, cet hymen
482 2852 887 2921 Partie II.
