2480 3507
546 341 1734 453 EEISABET.
554 474 2114 576 brûle de prendre ma place: vous
554 580 2114 694 écrire eſt ſa plus grande douceur;
560 684 2114 796 je le crois, & c'eſt à regret que
554 786 2123 898 je ceſſe de m'entretenir avec
670 1024 2122 1127 Si l'excellent Saintré pouvoit te
553 1132 2127 1235 perſuader, que je ſerois heureuſe,
563 1240 2127 1342 chere Henriette! ta lettre m'a dé-
559 1346 2139 1448 ſolée. Il ſemble que tu te ſois plue
560 1452 2127 1552 à raſſembler les plus affreux pré-
559 1559 2131 1658 ſages pour intimider ton Elifa-
563 1671 963 1740 beth...
963 1662 2136 1766 ... Que dis - je, ingrate
567 1759 2135 1868 que je ſuis? Tu as eu le courage
571 1871 2187 1954 de me donner des conſeils con-
567 1976 2127 2078 traires à mon penchant, ton amitié
564 2086 2130 2188 ſeule eſt capable de cette géné-
563 2191 2131 2286 roſité, & j'oſe en murmurer! Ah
563 2297 2131 2403 pardonne, chere amie, au trouble
571 2403 2130 2505 de mes eſprits! je te dois les plus
568 2512 2131 2611 tendres remerciments de tes ſages
571 2616 2114 2716 avis, je m'efforcerai de les ſuivre
563 2723 2148 2834 Mais hélas! trop foible volonté, je
