2480 3507
809 346 1979 442 LLSAEETH.8e
255 477 1979 566 frémis du triſte avenir que tu me
413 583 1979 684 préſemntes, & cependant je ne pouſſe
421 684 1983 782 pas un ſoupir qui ne tende à cette
417 795 2090 888 union, que tu me fais enviſager
392 905 1988 998 comme fatale!..... O Dieu! que
379 1008 1992 1100 ferai-je, éclairée par le flambeau
421 1114 1992 1203 de la raiſon même, entrainée par
417 1220 1988 1313 mon amour, ſollicitée par le plus
426 1327 1988 1412 chéri des mortels, ſéduite, vaincue
417 1436 1988 1525 par la pitié. Henriette, penſes-tu
426 1546 1996 1635 encore qu'il me reſte aſſez de cou-
421 1649 1992 1741 rage pour triompher de ſi puiſſants
375 1755 1992 1837 ennemis? je n'oſe m'en flatter. Je
430 1858 1992 1951 te l'ai promis cependant. Si j'avois
421 1968 1992 2057 au moins quelque temps pour
409 2074 1988 2163 m'affermir dans la réſolution que
421 2180 1992 2269 tu m'inſpires; mais le chevalier me
243 2290 1983 2379 preſſe avec une ardeur incroyable:
426 2393 1992 2493 il veut que je me décide avant le
404 2493 1988 2599 retour du baron; il menace d'at-
426 2599 1988 2698 tenter à ſes jours, ſi je ne conſens
426 2711 1992 2828 à lui donner la main...... Le
