2480 3507
512 357 1676 449 ELisAaerTu.
516 480 2089 579 cruel, il ſçait trop combien cette
512 590 2081 679 crainte a de pouvoir ſur mon
507 696 2132 789 cœur! ..... ien n'égale l'impa-
512 802 2102 898 tience que j'ai d'avoir ta réponſe.
511 1178 2080 1285 LILIE
656 1182 1290 1235 D
789 1388 1791 1467 De Madame d'ALII,
691 1543 1902 1666 à LseET.
502 1699 677 1768 N
536 1765 2075 1871 Il uveux que je t'écrive; eh de
507 1879 2076 1975 quoi te ſerviront mes conſeils, &
460 1985 2255 2081 les triſtes vérités que ta ſituation
507 2091 2072 2166 m'arrache? Ton cœur eſt déclaré
503 2194 2264 2293 pour l'amour, je le vois trop hêlâs!
503 2307 2072 2400 la voix de l'amitié eſt impuiſſante
503 2413 2072 2502 contre un ſi redoutable tyran. Si
499 2520 2064 2612 j'étois aupres de toi, je me flatte-
507 2626 2068 2722 rois de quelque crédit ſur ton eſprit;
426 2732 2076 2831 mmais je ſuis retenue ici par les
