2480 3507
500 367 1760 473 IELTsAErH.
534 504 2080 600 priſe emfin, tout eſt dit; & demain
542 607 2084 703 eſt le jour choiſi pour unir notre
542 720 2084 792 ſort, car nos cœurs l'étoient.......
542 826 2093 905 Ils le ſeront de toute éternité.......
547 932 2097 1018 Tut me condamnes, chere amie;
551 1039 2093 1138 mais ſi tu avois été témoin de ce
555 1138 2097 1238 qui vient de ſe paſſer il y a une
560 1248 2101 1354 heure, tu me trouverois plus mal-
564 1358 2110 1450 heureuſe que coupable. Si tu avois
564 1474 2114 1556 vu tout ce que j'ai tenté pour per-
568 1570 2114 1673 ſuader au chevalier de différer an
560 1680 2114 1759 moins d'un mois, tu m'excuſerois.
568 1779 2123 1879 Le ſincere déſir de ſuivre tes con-
568 1889 2127 1975 ſeils, & de te donner la pretuve d'a-
572 1992 2123 2084 mitié que tu m'avois demandée
568 2101 2127 2180 d'une maniere fi tendre, t'avoit
572 2208 2165 2290 élevée au deſſus de mon amour. J'ai
577 2317 2131 2410 dit tout ce que la raiſon auroit in-
577 2420 2140 2516 ſpiré à la perſonne la plus déſinté-
577 2526 2234 2626 refſée; j'ai employé ſa priere, les
577 2633 2144 2729 larmes; j'ai fait plus: je me ſuis
581 2746 2148 2838 preſque miſe àſes pieds, un genou
