2480 3507
738 374 1932 463 ELISABTTEtT
356 497 1992 586 on terre, les bras & les yeux levé
361 600 1919 689 au ciel; je l'ai pris à témoin du chan
361 706 1919 795 grin qu'il me cauſoit, s'il ne ſe ren-
356 812 1923 902 doit à ma demande. Pénétré de ma
361 922 1928 1009 douleur, & plus eucore de mon
365 1025 1928 1114 action, il s'eſt précipité lui même à
374 1131 1932 1224 mes pieds, en m'aſſûrant que je ſe-
374 1238 1940 1330 rois obéie....... Je reſpirois enſin,
365 1344 1932 1426 contente d'avoir un délai, je me flat-
361 1450 1936 1543 tois de pouvoir prendre des mefures
365 1560 1940 1649 ui ſatisferoient mon cœur & mon
369 1663 2104 1748 devoir: mais Luzan, pourſuivi ſans
378 1765 1940 1851 relâche par la crainte de quelque
382 1868 1936 1954 nouvelle violence de la part de ſon
382 1971 1945 2070 grand-pere, s'eſt livre au plus terri-
374 2081 1940 2177 ble déſeſpoir, en ſongeant que ſi
391 2187 1949 2280 nous laiſſions échapper le ſeul jour
395 2297 1949 2393 de liberté qui nous reſtoit, nous ſe-
395 2400 1949 2492 rions, peut- être, ſéparés pour ja-
395 2509 1953 2598 mais. Il m'a preſſée avec une nou-
399 2615 1949 2712 velle ardeur de combler ſes vœux;
404 2712 2048 2828 j'ai réſiſté. Déſeſpéré de ne pouvoir
