2480 3507
584 308 1888 453 BELIBETH
520 474 2153 577 m'y déterminer, il a voulu tourner
584 579 2323 693 ſon épée contre lui - même. Deux
580 688 2135 788 fois il m'a vue trembler pour ſes
576 794 2123 902 jours, deux fois je l'ai vu prêt à ſe
567 899 2136 1017 percer le ſein...... Quelſpectacle
576 1009 2131 1111 pour une tendre & trop foible
576 1110 2127 1212 amante! mes eſprits ſe ſont trou-
571 1217 2123 1314 blés, ma raiſon m'a abandonnée......
1579 1325 2126 1399 ... C'en eſt
571 1329 1455 1423 j'ai tout promis.....
567 1428 2268 1533 fait; demain je ſuis à lui, demain il
563 1535 2118 1635 ſera mon époux, demain un ſaint
567 1642 1921 1719 ncœud unira nos deſtinées.....
563 1735 2123 1843 O bonheur plem de charmes! Si
563 1833 2118 1941 les reproches d'une fendre & reſ-
469 1949 2117 2051 pectable amie n'altéroient ma féli-
568 2053 2127 2157 cité, je ſerois la plus heureuſe des
336 2171 991 2243 mortelles.
840 2331 2043 2443 Tin de la ſeconde Partie.
1045 2474 1477 2628 tee.
926 2605 1485 2741 loi
1054 2690 1443 2851 'as
2221 3184 2366 3270 e
