4266 8259
423 992 3427 1215 Je le plaignis ſincèrement; mais bien-
42 1190 3392 1404 tôt ma compaſſion ſe reporta ſur moi-
42 1390 3392 1602 même. Pour me diſtraire, je continuai
332 1590 3392 1790 de pouſſer des cris, & d'appeler du ſe-
54 1786 3419 1982 cours. Enfin, il vint un homme, mais
58 1985 3616 2184 il étoit maſqué & couvert d'un manteau.
50 2181 3596 2369 „Ce malheureux-là, me dis-je, vient
46 2377 3725 2577 “pour faire l'exécution, que mon père
50 2573 3416 2777 “n'oſe plus conſommer.“ Je le regardai
38 2769 3412 2969 d'un œil fixe. Il portoit quelque choſe
38 2949 3404 3169 ſous ſon manteau. „C'eſt l'inſtrument de
38 3165 3404 3362 “ma mort, me diſois - je.“ -- „Hé
34 3356 3372 3554 “bien, lui dis - je, venez - vous me
301 3552 3361 3758 “délivrer, ou me donner la mort?“
304 3744 3494 3953 Pour toute réponſe, il tira, de deſſous
46 3940 3376 4144 ſon manteau, une cruche pleine d'eau
38 4121 3376 4334 & un pain. Ma mort étoit donc diffé-
136 4332 3384 4534 rée, & c'étoit là ma triſte pitance. „Hé
46 4527 3361 4720 “bien, ma mère, dis-je à cet homme,
50 4724 3373 4940 “comment va-t-elle?“ -- „Point de
58 4924 3353 5124 “réponſe.“ -- „Et mon père? ......“
42 5103 3381 5316 Point de réponſe. Je lui dis mille choſes
46 5316 3474 5708 uu ule el u lon aier ienoue
42 5707 3690 5923 “de crier, me dit-il, on vous mettra
38 5907 3372 6099 “un bâillon.“ Il ſortit & referma la
38 6098 1441 6298 triple ſerrure.
469 6299 3380 6511 Je ſentis que toutes les imprécations,
38 6499 3369 6699 que je pourrois vomir contre lui, ſeroient
2052 6709 2723 6908 A ij
93 8132 500 8231 -
