4266 8253
986 968 4235 1182 inutiles, ou plutôt ne feroient qu'empirer
799 1180 4013 1375 mon ſort. Je ſongeai que je devois penſer
815 1375 4002 1569 ſérieuſement aux moyens de m'échapper.
741 1556 4002 1766 Il falloit d'abord me détacher du mur;
978 1763 4005 1962 enſuite forcer la porte de ma priſon,
970 1957 4138 2155 ou bien profiter du moment où l'homme
753 2153 4013 2347 viendroit m'apporter mon manger, pour
971 2342 4013 2541 ſortir malgré lui; ou bien m'élever juſ-
974 2536 4196 2737 qu'au ſoupirail & l'élargir aſſez, pour
963 2735 4200 2932 que mon corps pût y paſſer. Je n'avois
975 2933 4010 3124 aucun inſtrument pour m'aider. On m'a-
970 3123 4009 3318 voit enlevé mes piſtolets. Il ne me reſ-
970 3316 4005 3508 toit, pour toute arme, qu'une épingle.
967 3509 4007 3703 Jeréſolus de tenter ma délivrance, avec
877 3706 2249 3901 ce foible ſecours.
1009 3889 4207 4096 Je mouillai beaucoup le mur, autour de
974 4095 3998 4284 l'endroit ou ma chaîne y étoit enclavée.
974 4276 4145 4488 Avec mes ongles & mon épingle, je
970 4479 4001 4679 grattai tout autour de l'attache. La pierre
963 4674 4002 4872 mouillée ſe laiſſoit un peu entamer; mais
970 4869 4002 5070 ſi peu, que je ne pouvois me flatter de
963 5065 3994 5261 creuſer plus d'une demi - ligne chaque
951 5257 4002 5457 jour, ce qui faiſoit une ligne en deux
916 5455 3994 5653 jours; par conſéquent vingt quatre jours
955 5649 3994 5851 pour un pouce. Il me falloit donc au
947 5843 3986 6049 moins trois mois pour arracher ma
943 6038 4075 6244 chaîne. Cette longueur étoit effrayante;
939 6235 3986 6430 mais il valoit encore mieux ſortir au
939 6430 3986 6644 bout de trois mois, que de mourir en-
940 6633 1411 6843 fermé.
