4266 7701
426 816 3172 1044 Je travaillai avec courage; mais je
92 1014 3176 1207 vis que j'uſerois mes ongles & mon
386 1188 3183 1394 épingle, plutôt que le mur. Il eſt vrai
389 1369 3179 1575 que mes ongles ſe réparoient tous les
382 1548 3183 1742 jours. J'aurois bien voulu ſauter ſur le
390 1727 3194 1921 corps de mon Geolier; mais il s'étoit
110 1906 3301 2125 peut-être apperçu de mon deſſein; & il
347 2089 3190 2283 n'approchoit jamais à ma portée. D'ail-
124 2265 3187 2466 leurs, en ſuppoſant que je l'euſſe ſaiſi
379 2459 3273 2642 au collet, auroit-il pu, lui-même, me
379 2638 3186 2778 détacher? Avoit-il la clef de la ceinture
139 2810 2808 3014 de fer paſſée autour de mon corps?
517 2995 3197 3187 Cet exercice, de gratter le mur, n'é-
375 3161 3455 3360 toit pas amuſant, & cette exiſtence
220 3344 3349 3526 obſcure, horriblement uniforme, ſou-
157 3541 3377 3726 tenue par du pain & de l'eau, dans une
171 3717 3409 4083 l ouler, , eulie o oee àll rioureon
185 4076 3187 4259 de ma ſituation. Il falloit m'en diſtraire
383 4258 3187 4438 & me procurer des plaiſirs. Je chantois.
372 4434 3265 4614 J'entendois le chant des oiſeaux, qui
372 4613 3255 4801 ſembloient me répondre. J'imitois leur
311 4796 3187 4983 tendre ramage. Je les voyois venir ſe
375 4978 3240 5162 percher ſur le bord du ſoupirail, & me
372 5155 3247 5349 regarder en gazouillant. Les inſolens!
214 5330 3194 5532 ils avoient l'effronterie de prendre, de-
217 5517 3179 5722 vant moi, leurs ébats. Ils m'amuſoient,
368 5693 3186 5883 du moins, par leurs jeux innocens. Com-
228 5871 3169 6081 bien ils étoient plus heureux que moi!
2269 6076 2624 6252 A ii
318 7571 978 7650 -
