4266 7904
2215 648 2595 819 ii
989 863 3893 1054 Alors elle me jeta, par le ſoupirail,
989 1053 3875 1239 une bourſe pleine de louis, ce que je
987 1240 3913 1400 reconnus au ſon, avec une brioche, &
986 1421 4083 1611 une bouteille qu'elle deſcendit attachée
982 1610 1965 1802 à une ficelle.
1042 1790 3867 1984 Soudain, ma Levrette pouſſe un
766 1980 3879 2174 cri. J'entends du vacarme. „Ah! cher
971 2166 4139 2358 “ami, dit-elle, on m'entraîne loin de
967 2352 3886 2544 “toi.“ Grand Dieu! je ne pouvois
870 2538 3875 2730 courir à ſa défenſe. Je trépignois de
982 2728 4154 2914 rage. Bientôt je n'entends plus rien, &
982 2914 4057 3105 je reſte plongé dans la conſternation.
989 3104 4176 3287 „Qu'ont-ils fait de ma chère Levrette,
978 3279 4117 3471 “me diſois-je?“ & le beſoin ſe faiſoit
878 3465 4076 3655 ſentir impérieuſement; mais, ce qu'il y
982 3655 4135 3843 avoit d'abominable, c'eſt que la brioche,
982 3841 3908 4028 la bouteille, la bourſe, rien n'étoit à
978 4031 3893 4218 ma portée. Attaché au mur, je ne pou-
986 4213 3890 4398 vois atteindre à aucun de ces objets.
982 4396 4136 4586 La bourſe étoit le moindre pour moi,
937 4582 4158 4772 quoiqu'elle parût pleine d'or; mais il
986 4768 4165 4963 étoit bien cruel d'être obligé de mourir
986 4954 3901 5146 de faim, à l'aſpect des objets qui pou-
987 5147 2524 5287 voient me reſtaurer.
930 5334 3953 5525 Enfin je vis entrer, chez moi, un
974 5516 4154 5711 homme nouveau, maſqué, couvert d'un
989 5710 3901 5900 manteau. C'étoit la taille du Chevalier
989 5892 3897 6089 Marqué. „Seroit-ce, me diſois-je, ce
826 6082 3912 6276 “monſtre - là?“ Il empocha ſoudain
