4266 7960
1607 502 2296 718 e.
393 718 3517 903 la bourſe. Je crus le reconnoître indu-
614 914 3517 1083 bitablement à ce trait. „C'eſt le Cheva-
613 1100 3719 1288 “lier Marqué, m'écriai-je.“ Il me fit,
497 1287 3509 1476 de la tête, un ſigne négatif; il me con-
497 1475 3783 1668 ſidéroit, ſans prononcer un mot. „Hé
561 1662 3509 1857 “bien, lui dis-je, mon eſclavage va-
557 1853 3509 2042 “t-il bientôt finir?“ Pour toute ré-
587 2040 3674 2232 pouſe, il prit ma bouteille & ma brioche,
591 2228 3502 2419 me laiſſa du pain & de l'eau, ſortit &
565 2411 3502 2610 referma la porte. Le traître! il s'étoit
557 2599 3494 2797 bien gardé d'avancer juſqu'à ma portée.
332 2797 3573 2988 „Quoi! le monſtre, me diſois-je, va
583 2984 3501 3169 “jouir de la généroſité de ma chère
561 3169 3505 3357 “Levrette!“ Je travaillai avec un re-
347 3348 3502 3549 doublement de rage; & j'avançai ſenſi-
557 3535 3595 3715 blement mon travail; mais il me falloit
512 3730 3502 3918 encore du temps pour le terminer. En-
572 3910 3490 4108 fin, au bout de quelques jours, je vins
549 4101 3494 4298 à bout d'arracher ma chaîne, & je me
542 4284 3490 4482 trouvai libre, c'eſt-à-dire maître, non
535 4475 3561 4856 lareaer r na s uor oo eenlue, ou-
377 4846 3546 5045 fiſtante en douze ou quinze pieds en
538 5045 3494 5237 quarré. Je ſavois l'heure à laquelle mon
557 5231 3539 5412 nouveau Guichetier devoit venir. Je me
542 5416 3505 5614 tins en embuſcade auprès de la porte.
538 5607 3531 5799 Dès qu'il l'ouvrit, & qu'il avança la
385 5798 3472 5998 tête, je le ſaiſis au collet; je le jetai à
535 5985 3483 6205 mes pieds. Je lui arrachai ſon maſque.
1143 7778 1746 7893 ---
