4266 7905
1868 467 2229 632 r
642 686 3545 879 “rendra, me dit - on,“& l'on me
657 865 3541 1051 conduit à Lyon dans les priſons. Me
657 1054 3534 1246 voilà renfermé dans un nouveau cachot.
623 1240 3749 1423 Bientôt je ſubis un interrogatoire. Je
319 1434 3534 1620 raconte exactement, au Rapporteur,
642 1612 3541 1790 l'hiſtoire de mon injuſte détention. Mon
638 1794 3541 1987 récit paroît l'étonner & l'intéreſſer. Il
638 1984 3589 2173 me fait mille queſtions différentes, pour
631 2169 3764 2368 voir ſi je ne me couperois point. Je
609 2359 3530 2555 perſiſte dans l'uniformité de mon récit;
634 2545 3790 2731 & il me renvoie dans mon cachot. „Quoi!
626 2730 3545 2924 “me diſois-je, mes tourmens ne fini-
601 2916 3526 3111 “ront point!“ Je m'adreſſois au ciel.
623 3105 3679 3300 Je lui demandois ſecours & grace. Le
605 3292 2080 3479 malheur rend dévot.
605 3470 3530 3664 Je n'étois pas occupé de mes ſeules
319 3660 3526 3847 peines, je penſois à celles de Laure,
430 3842 3522 4033 d'Aurore. Je n'avois pas encore paſſé un
638 4031 3533 4214 ſeul jour ſans m'occuper de ces chers
653 4214 3325 4400 objets, & leur donner tous mes vœux.
690 4396 3515 4587 Mon procès ne ſe terminoit point &
605 4582 3515 4774 me paroiſſoit horriblement long. J'avois
605 4771 3511 4960 ſubi pluſieurs interrogatoires, & je ne
601 4960 3511 5148 voyois point de concluſion; ce procès
601 5141 3508 5343 étoit inſtruit au criminel, &, ſi l'infâme
605 5332 3508 5522 Marqué mouroit, j'étoit expoſé, peut-
571 5519 3508 5710 être, à périr ſur l'échafaud. Je me voyois
590 5700 3511 5905 réduit à former des vœux pour la ſanté
581 5890 2578 6087 du Chevalier Marqué.
