<PcGts xmlns="http://schema.primaresearch.org/PAGE/gts/pagecontent/2017-07-15" xmlns:xsi="http://www.w3.org/2001/XMLSchema-instance" xsi:schemaLocation="http://schema.primaresearch.org/PAGE/gts/pagecontent/2017-07-15 http://schema.primaresearch.org/PAGE/gts/pagecontent/2017-07-15/pagecontent.xsd"><Metadata><Creator>User123</Creator><Created>2020-10-15T18:12:18</Created><LastChange>2020-10-15T18:12:18</LastChange></Metadata><Page imageFilename="0030.png" imageHeight="8311" imageWidth="4266"><TextRegion id="r0" type="paragraph" orientation="-0.0"><Coords points="1,1 4264,1 4264,8309 1,8309"/><TextLine id="r0_l001"><Coords points="1794,778 2157,778 2157,969 1794,969"/><TextEquiv index="1"><Unicode></Unicode></TextEquiv></TextLine><TextLine id="r0_l002"><Coords points="596,1231 594,1230 594,1176 594,1175 554,1175 552,1174 552,1173 551,1171 546,1171 544,1170 544,1169 543,1167 542,1167 540,1166 540,1161 539,1159 538,1159 536,1158 536,1157 535,1155 534,1155 532,1154 532,1149 531,1147 530,1147 528,1146 528,1130 527,1128 526,1128 525,1128 525,1094 525,1093 154,1093 153,1093 153,1090 154,1089 154,1086 155,1085 155,1082 156,1081 525,1081 525,1081 525,1041 524,1040 524,1038 525,1037 525,1036 526,1035 527,1035 528,1034 952,1034 953,1033 953,1032 954,1031 955,1031 957,1029 957,1028 958,1027 1220,1027 1222,1025 1222,1024 1223,1023 1228,1023 1229,1022 1229,1021 1231,1019 2595,1019 2595,1019 2595,1015 2596,1014 2596,1013 2598,1011 2599,1011 2599,1011 2599,1010 2602,1007 3264,1007 3265,1009 3265,1023 3266,1023 3377,1023 3378,1025 3378,1050 3379,1050 3544,1050 3549,1056 3549,1057 3550,1058 3550,1059 3549,1060 3549,1061 3548,1062 3547,1062 3546,1063 3546,1126 3540,1132 3461,1132 3460,1133 3460,1146 3458,1148 3457,1148 3456,1149 3456,1154 3455,1155 3454,1155 3452,1157 3452,1158 3451,1159 3446,1159 3445,1160 3445,1161 3443,1163 3442,1163 3441,1164 3441,1165 3439,1167 2484,1167 2483,1168 2483,1197 2482,1198 2481,1198 2479,1200 2479,1201 2478,1202 2453,1202 2452,1203 2452,1204 2451,1205 2451,1206 2451,1206 902,1206 901,1207 901,1226 901,1226 607,1226 606,1227 606,1230 606,1230 599,1230 598,1231"/><TextEquiv index="1"><Unicode>dans les fers, &amp; cette captivité me de-</Unicode></TextEquiv></TextLine><TextLine id="r0_l003"><Coords points="1344,1404 1342,1403 1342,1382 1342,1381 277,1381 275,1380 276,1379 276,1378 277,1377 278,1377 282,1373 568,1373 568,1373 567,1372 567,1371 566,1369 565,1369 564,1369 564,1368 563,1367 563,1359 563,1358 562,1358 561,1358 560,1357 560,1356 559,1355 559,1343 559,1342 558,1342 552,1337 552,1333 550,1330 549,1330 548,1330 548,1321 546,1318 545,1318 544,1318 544,1317 543,1315 542,1315 540,1314 540,1313 539,1311 534,1311 533,1311 533,1310 532,1309 532,1301 531,1299 530,1299 529,1299 529,1298 528,1297 528,1294 531,1291 532,1291 532,1291 532,1290 534,1288 535,1288 536,1287 595,1287 595,1287 595,1232 596,1231 598,1231 599,1230 896,1230 898,1228 898,1227 899,1226 1059,1226 1060,1225 1061,1225 1061,1225 1062,1224 1062,1223 1064,1221 1232,1221 1236,1217 1244,1217 1245,1216 1245,1215 1246,1214 1253,1214 1254,1213 1801,1213 1801,1213 1801,1212 1803,1210 1808,1210 1809,1209 1809,1208 1811,1206 1816,1206 1817,1205 1817,1204 1819,1202 1820,1202 1820,1203 1821,1204 1821,1205 1823,1206 2618,1206 2619,1208 2619,1209 2621,1210 2852,1210 2852,1211 2852,1212 2855,1214 2856,1214 2856,1215 2856,1216 2858,1217 3411,1217 3412,1218 3413,1218 3413,1219 3413,1220 3414,1220 3416,1222 3417,1222 3417,1223 3417,1224 3420,1226 3421,1226 3421,1227 3421,1228 3423,1229 3424,1229 3425,1231 3425,1272 3426,1272 3525,1272 3526,1274 3526,1275 3528,1276 3537,1276 3538,1278 3538,1279 3539,1280 3540,1280 3541,1280 3542,1282 3542,1287 3544,1288 3545,1288 3545,1289 3545,1290 3546,1291 3546,1338 3547,1338 3560,1338 3561,1340 3561,1341 3563,1342 3580,1342 3580,1343 3580,1344 3583,1346 3588,1346 3588,1347 3588,1350 3588,1350 3532,1350 3530,1352 3530,1353 3529,1354 3524,1354 3522,1356 3522,1357 3521,1358 2491,1358 2490,1359 2490,1396 2489,1397 2488,1397 2487,1398 2487,1399 2485,1401 2309,1401 2308,1402 2308,1403 2308,1403 1471,1403 1470,1404"/><TextEquiv index="1"><Unicode>venoit inſupportable. J'appris des choſes</Unicode></TextEquiv></TextLine><TextLine id="r0_l004"><Coords points="597,1611 595,1610 595,1609 594,1607 585,1607 583,1606 583,1557 583,1556 565,1556 564,1556 564,1555 562,1552 550,1552 540,1543 540,1542 540,1541 539,1541 536,1539 536,1535 532,1531 532,1524 536,1520 536,1504 538,1502 539,1502 540,1501 540,1496 542,1494 543,1494 544,1493 544,1492 546,1490 551,1490 552,1489 552,1488 554,1486 555,1486 556,1485 556,1484 558,1482 563,1482 563,1482 563,1481 566,1478 734,1478 735,1477 735,1425 736,1424 754,1424 754,1425 754,1474 755,1474 1031,1474 1031,1474 1031,1425 1032,1424 1033,1424 1035,1422 1035,1421 1036,1420 1037,1420 1039,1418 1039,1417 1040,1416 1045,1416 1046,1418 1046,1419 1048,1420 1049,1420 1050,1422 1050,1423 1052,1424 1053,1424 1054,1426 1054,1466 1055,1466 1326,1466 1327,1465 1327,1464 1328,1463 1333,1463 1334,1462 1334,1461 1336,1459 1459,1459 1459,1459 1459,1418 1461,1416 1462,1416 1463,1415 1463,1415 1463,1414 1465,1412 1477,1412 1478,1414 1478,1459 1479,1459 1703,1459 1704,1458 1704,1457 1706,1455 1977,1455 1977,1455 1977,1406 1979,1404 1988,1404 1988,1404 1988,1403 1991,1400 2089,1400 2090,1399 2090,1398 2091,1397 2092,1397 2093,1396 2095,1396 2096,1397 2097,1397 2097,1398 2097,1399 2098,1399 2100,1401 2101,1401 2101,1402 2101,1455 2102,1455 2296,1455 2296,1455 2296,1406 2298,1404 2299,1404 2300,1403 2308,1403 2309,1404 2310,1404 2311,1406 2311,1407 2313,1408 2314,1408 2315,1410 2315,1415 2317,1416 2318,1416 2319,1418 2319,1430 2326,1436 2327,1436 2327,1437 2327,1451 2328,1451 2470,1451 2471,1453 2471,1454 2473,1455 2708,1455 2708,1456 2708,1457 2709,1458 2709,1459 2710,1459 2891,1459 2891,1459 2891,1415 2898,1408 3070,1408 3070,1408 3070,1407 3073,1404 3092,1404 3096,1408 3221,1408 3222,1410 3222,1411 3224,1412 3404,1412 3406,1415 3406,1416 3407,1416 3412,1416 3413,1418 3413,1423 3415,1424 3416,1424 3417,1426 3417,1467 3418,1467 3498,1467 3499,1469 3499,1521 3500,1521 3540,1521 3549,1531 3549,1532 3550,1533 3550,1534 3549,1535 3549,1536 3548,1537 3547,1537 3546,1538 3546,1546 3545,1547 3545,1548 3545,1548 3544,1548 3542,1550 3542,1551 3541,1552 3532,1552 3530,1554 3530,1555 3529,1556 3524,1556 3522,1555 3522,1554 3521,1552 3516,1552 3514,1551 3514,1550 3514,1549 3456,1549 3455,1548 3454,1548 3452,1547 3452,1546 3452,1545 3251,1545 3250,1546 3250,1594 3249,1595 3248,1595 3246,1597 3246,1598 3245,1599 3240,1599 3238,1601 3238,1602 3237,1603 3228,1603 3226,1602 3226,1601 3225,1599 3213,1599 3209,1595 3208,1595 3207,1595 3207,1546 3207,1545 2976,1545 2973,1543 2973,1542 2973,1541 2892,1541 2891,1542 2891,1600 2891,1600 2878,1600 2877,1600 2877,1542 2877,1541 2150,1541 2148,1540 2148,1539 2147,1537 1558,1537 1556,1539 1556,1540 1555,1541 1546,1541 1545,1542 1545,1543 1543,1545 1355,1545 1354,1546 1354,1547 1353,1548 1352,1548 1351,1549 1192,1549 1190,1551 1190,1552 1190,1552 908,1552 906,1554 906,1555 905,1556 896,1556 894,1555 894,1554 893,1552 706,1552 704,1554 704,1555 703,1556 702,1556 700,1558 700,1559 699,1560 631,1560 630,1561 630,1605 624,1611"/><TextEquiv index="1"><Unicode>qui mirent le comble à mon déſeſpoir.</Unicode></TextEquiv></TextLine><TextLine id="r0_l005"><Coords points="3194,1798 3191,1796 3191,1795 3191,1794 3186,1794 3183,1792 3183,1740 3183,1739 2944,1739 2942,1738 2942,1737 2941,1735 2348,1735 2347,1736 2347,1784 2345,1786 2344,1786 2343,1787 2343,1788 2341,1790 2314,1790 2311,1788 2311,1787 2311,1786 2310,1786 2306,1782 2305,1782 2304,1782 2304,1740 2304,1739 2216,1739 2214,1738 2214,1737 2213,1735 1915,1735 1914,1736 1914,1792 1914,1792 1911,1792 1910,1792 1910,1736 1910,1735 1892,1735 1891,1736 1891,1777 1890,1778 1889,1778 1888,1779 1887,1780 1887,1781 1886,1782 1885,1782 1883,1784 1883,1785 1882,1786 1846,1786 1845,1786 1845,1785 1844,1784 1843,1782 1842,1782 1840,1781 1840,1768 1840,1767 1713,1767 1712,1766 1702,1766 1700,1765 1700,1736 1700,1735 1541,1735 1540,1736 1540,1795 1540,1795 1531,1795 1530,1795 1530,1736 1530,1735 1492,1735 1490,1737 1490,1738 1489,1739 1480,1739 1479,1740 1479,1741 1477,1743 1184,1743 1183,1744 1183,1745 1181,1747 1005,1747 1003,1749 1003,1750 1002,1751 1001,1751 1000,1752 1000,1753 998,1755 995,1753 995,1752 995,1751 990,1751 988,1750 988,1748 988,1747 888,1747 756,1747 754,1749 754,1750 753,1751 674,1751 673,1752 673,1753 671,1755 570,1755 567,1753 567,1752 567,1751 558,1751 556,1750 556,1749 555,1747 550,1747 548,1746 548,1741 547,1739 546,1739 544,1738 544,1729 544,1728 543,1728 540,1726 540,1718 542,1716 544,1716 544,1716 544,1652 547,1649 548,1649 548,1649 548,1644 550,1642 551,1642 552,1641 552,1636 554,1634 555,1634 555,1634 556,1633 556,1632 558,1630 559,1630 559,1630 559,1629 562,1626 571,1626 571,1626 571,1625 574,1622 726,1622 727,1621 727,1620 728,1619 729,1619 730,1618 745,1618 746,1620 746,1621 747,1622 747,1669 748,1669 1023,1669 1023,1669 1023,1616 1024,1615 1025,1615 1026,1614 1034,1614 1035,1613 1035,1612 1036,1611 1050,1611 1050,1612 1050,1617 1052,1618 1053,1618 1054,1620 1054,1661 1055,1661 1260,1661 1260,1661 1260,1613 1262,1611 1263,1611 1264,1610 1264,1609 1266,1607 1279,1607 1279,1607 1279,1606 1280,1605 1280,1604 1281,1603 1283,1603 1284,1605 1284,1606 1286,1607 1287,1607 1288,1609 1288,1657 1289,1657 1513,1657 1513,1657 1513,1605 1515,1603 1532,1603 1533,1605 1533,1606 1535,1607 1536,1607 1537,1609 1537,1650 1538,1650 1583,1650 1583,1651 1583,1652 1585,1653 1832,1653 1833,1652 1833,1651 1834,1650 1835,1650 1836,1649 1988,1649 1988,1649 1988,1605 1990,1603 1991,1603 1992,1602 1992,1601 1994,1599 2011,1599 2011,1600 2011,1601 2014,1603 2015,1603 2015,1604 2015,1605 2016,1606 2016,1649 2017,1649 2346,1649 2347,1650 2631,1650 2631,1650 2631,1604 2632,1603 2633,1603 2635,1601 2635,1600 2636,1599 2782,1599 2783,1600 2891,1600 2894,1603 2895,1603 2895,1604 2895,1653 2896,1653 3105,1653 3105,1653 3105,1652 3107,1650 3109,1650 3110,1652 3110,1653 3112,1654 3113,1654 3113,1655 3113,1656 3115,1657 3366,1657 3366,1657 3366,1609 3368,1607 3373,1607 3374,1606 3374,1605 3376,1603 3381,1603 3382,1605 3382,1606 3383,1606 3384,1607 3385,1607 3386,1609 3386,1657 3387,1657 3524,1657 3525,1658 3526,1658 3526,1659 3526,1660 3528,1661 3552,1661 3553,1663 3553,1664 3555,1665 3556,1665 3557,1667 3557,1668 3559,1669 3560,1669 3561,1671 3561,1734 3559,1736 3558,1736 3557,1737 3557,1742 3556,1743 3551,1743 3550,1744 3550,1745 3548,1747 3524,1747 3522,1746 3522,1745 3521,1743 3520,1743 3519,1742 3518,1742 3518,1741 3517,1739 3314,1739 3312,1741 3312,1742 3311,1743 3224,1743 3223,1744 3223,1791 3222,1792 3222,1793 3221,1794 3201,1794 3199,1796 3199,1797 3199,1797 3198,1797 3197,1798"/><TextEquiv index="1"><Unicode>Selon des bruits, qui ne paroiſſoient point</Unicode></TextEquiv></TextLine><TextLine id="r0_l006"><Coords points="1021,1997 1020,1997 1020,1943 1020,1942 771,1942 770,1943 770,1968 769,1969 768,1969 766,1971 766,1976 766,1976 765,1976 758,1983 758,1984 758,1984 757,1984 754,1987 754,1988 754,1988 749,1988 746,1991 746,1992 746,1992 741,1992 739,1994 739,1995 738,1996 705,1996 704,1996 704,1995 702,1992 697,1992 696,1992 696,1987 694,1984 693,1984 692,1984 692,1950 692,1949 569,1949 567,1948 567,1947 567,1946 566,1946 563,1944 563,1943 563,1942 562,1942 560,1941 560,1940 559,1938 558,1938 556,1937 556,1928 555,1926 554,1926 552,1925 552,1913 550,1910 549,1910 548,1910 548,1901 547,1899 546,1899 545,1899 544,1898 544,1897 543,1895 542,1895 540,1894 540,1893 539,1891 534,1891 532,1890 532,1885 531,1883 530,1883 529,1883 529,1882 527,1879 526,1879 525,1879 525,1877 527,1875 528,1875 528,1875 528,1870 530,1868 531,1868 532,1867 532,1866 534,1864 610,1864 610,1864 610,1838 612,1836 617,1836 618,1838 618,1864 619,1864 831,1864 832,1863 832,1862 834,1860 897,1860 898,1859 898,1858 900,1856 1159,1856 1159,1856 1159,1827 1161,1825 1166,1825 1167,1824 1167,1823 1169,1821 1205,1821 1206,1823 1206,1824 1208,1825 1209,1825 1210,1827 1210,1848 1211,1848 1263,1848 1264,1850 1264,1851 1266,1852 1521,1852 1521,1852 1521,1804 1530,1795 1541,1795 1541,1796 1541,1797 1542,1797 1902,1797 1903,1796 1903,1795 1904,1794 1909,1794 1911,1792 1915,1792 1917,1794 1918,1794 1918,1795 1918,1796 1921,1798 1922,1798 1922,1799 1922,1844 1923,1844 2101,1844 2101,1844 2101,1815 2103,1813 2108,1813 2109,1815 2109,1840 2110,1840 2150,1840 2154,1844 2502,1844 2502,1844 2502,1800 2505,1797 2510,1797 2510,1797 2510,1796 2512,1794 2521,1794 2522,1796 2522,1797 2523,1797 2570,1797 2571,1798 2572,1798 2572,1799 2572,1800 2575,1802 2576,1802 2576,1803 2576,1848 2577,1848 3055,1848 3055,1848 3055,1846 3057,1844 3058,1844 3059,1843 3059,1834 3060,1833 3061,1833 3063,1831 3063,1823 3069,1817 3070,1817 3070,1817 3070,1812 3073,1809 3078,1809 3078,1809 3078,1808 3081,1805 3082,1805 3082,1805 3082,1804 3085,1801 3086,1801 3086,1801 3086,1800 3089,1797 3097,1797 3098,1796 3098,1795 3099,1794 3101,1794 3102,1793 3103,1793 3104,1794 3105,1794 3105,1795 3106,1796 3106,1797 3107,1797 3115,1797 3116,1798 3117,1798 3117,1799 3117,1800 3120,1802 3121,1802 3121,1803 3121,1804 3124,1806 3125,1806 3125,1807 3125,1852 3126,1852 3513,1852 3515,1850 3515,1849 3516,1848 3521,1848 3522,1850 3522,1851 3524,1852 3525,1852 3526,1854 3526,1855 3528,1856 3552,1856 3556,1860 3557,1860 3557,1861 3557,1863 3556,1864 3555,1864 3553,1866 3553,1929 3552,1930 3551,1930 3550,1931 3550,1932 3548,1934 3547,1934 3546,1935 3546,1936 3544,1938 3349,1938 3347,1937 3347,1936 3346,1934 3193,1934 3146,1934 3145,1935 3145,1936 3143,1938 2834,1938 2833,1939 2833,1988 2833,1988 2832,1988 2831,1989 2827,1989 2825,1991 2791,1991 2790,1991 2790,1935 2790,1934 2664,1934 2662,1933 2662,1932 2661,1930 2481,1930 2479,1932 2479,1933 2478,1934 2430,1934 2429,1934 2429,1933 2427,1930 2219,1930 2218,1931 2218,1984 2218,1984 2208,1984 2206,1983 2206,1931 2206,1930 1994,1930 1992,1932 1992,1933 1991,1934 1975,1934 1973,1933 1973,1932 1972,1930 1691,1930 1687,1926 1503,1926 1502,1927 1502,1929 1501,1930 1496,1930 1494,1932 1494,1933 1493,1934 1421,1934 1420,1935 1420,1980 1419,1981 1410,1981 1408,1983 1408,1984 1408,1984 1407,1984 1406,1985 1385,1985 1384,1984 1383,1984 1377,1979 1377,1935 1377,1934 1078,1934 1077,1935 1077,1949 1077,1949 1076,1949 1073,1952 1073,1953 1073,1953 1072,1953 1069,1956 1069,1957 1069,1957 1068,1957 1065,1960 1065,1961 1065,1961 1064,1961 1062,1963 1062,1964 1061,1965 1044,1965 1042,1964 1042,1943 1042,1942 1025,1942 1024,1943 1024,1997 1024,1997"/><TextEquiv index="1"><Unicode>vagues, &amp; qui étoient malheureuſement</Unicode></TextEquiv></TextLine><TextLine id="r0_l007"><Coords points="781,2189 781,2188 781,2187 756,2187 754,2186 754,2133 754,2132 582,2132 581,2133 580,2133 579,2134 579,2135 578,2136 550,2136 544,2131 544,2130 544,2129 543,2129 540,2127 540,2076 539,2074 538,2074 536,2073 536,2065 544,2057 544,2056 545,2055 546,2055 547,2054 551,2054 552,2053 552,2052 553,2051 554,2051 555,2050 561,2050 562,2051 618,2051 618,2052 618,2053 620,2054 738,2054 738,2054 738,2034 739,2033 739,2032 740,2031 742,2031 743,2033 743,2054 744,2054 964,2054 964,2054 964,2053 966,2051 971,2051 972,2050 972,2049 974,2047 1015,2047 1015,2047 1015,2006 1017,2004 1018,2004 1019,2003 1019,1998 1020,1997 1024,1997 1025,1996 1033,1996 1041,2004 1042,2004 1042,2005 1042,2047 1043,2047 1389,2047 1389,2047 1389,2037 1391,2035 1392,2035 1393,2034 1393,2021 1395,2019 1396,2019 1396,2019 1396,2015 1397,2014 1397,2013 1398,2012 1399,2012 1399,2012 1401,2010 1401,2009 1402,2008 1407,2008 1408,2007 1408,2006 1410,2004 1415,2004 1416,2003 1416,2002 1418,2000 1423,2000 1424,1999 1424,1998 1426,1996 1438,1996 1440,1999 1440,2000 1441,2000 1446,2000 1447,2002 1447,2010 1450,2012 1451,2012 1451,2013 1451,2043 1452,2043 1695,2043 1696,2042 1696,2041 1698,2039 1731,2039 1731,2039 1731,2003 1732,2002 1732,2001 1733,2000 1734,2000 1735,1999 1735,1994 1737,1992 1835,1992 1837,1995 1837,2043 1838,2043 1894,2043 1895,2045 1895,2046 1897,2047 1898,2047 1899,2049 1899,2050 1901,2051 1902,2051 1903,2053 1903,2097 1904,2097 2128,2097 2128,2097 2128,2096 2131,2093 2132,2093 2132,2093 2132,2088 2134,2086 2135,2086 2136,2085 2136,2072 2138,2070 2139,2070 2140,2069 2140,2064 2141,2063 2142,2063 2144,2061 2144,2049 2147,2046 2148,2046 2148,2046 2148,2037 2150,2035 2151,2035 2152,2034 2152,2025 2154,2023 2155,2023 2156,2022 2156,2013 2157,2012 2158,2012 2159,2011 2159,1996 2160,1995 2160,1994 2162,1992 2163,1992 2163,1992 2163,1991 2166,1988 2171,1988 2171,1988 2171,1986 2172,1985 2173,1985 2174,1984 2211,1984 2211,1985 2211,2039 2212,2039 2385,2039 2385,2040 2385,2041 2388,2043 2673,2043 2673,2043 2673,2022 2676,2019 2680,2019 2681,2021 2681,2043 2682,2043 2791,2043 2791,2043 2791,1992 2792,1991 2825,1991 2825,1992 2825,2043 2826,2043 2879,2043 2880,2045 2880,2047 2881,2047 3261,2047 3261,2047 3261,2002 3263,2000 3264,2000 3265,1999 3265,1998 3267,1996 3280,1996 3281,1998 3281,1999 3282,1999 3283,2000 3284,2000 3285,2002 3285,2004 3286,2004 3389,2004 3390,2006 3390,2011 3392,2012 3393,2012 3394,2014 3394,2027 3395,2027 3396,2027 3398,2030 3398,2035 3399,2035 3400,2035 3402,2038 3402,2047 3403,2047 3545,2047 3545,2048 3545,2049 3548,2051 3553,2051 3553,2052 3553,2053 3556,2055 3557,2055 3557,2056 3557,2057 3560,2059 3561,2059 3561,2060 3561,2065 3563,2066 3564,2066 3565,2068 3565,2104 3567,2105 3568,2105 3569,2107 3569,2112 3568,2113 3567,2113 3565,2115 3565,2116 3564,2117 3563,2117 3561,2119 3561,2124 3561,2124 3560,2124 3557,2127 3557,2128 3557,2128 3556,2128 3555,2129 3543,2129 3542,2130 3542,2131 3541,2132 3396,2132 3394,2134 3394,2135 3393,2136 3388,2136 3384,2132 3380,2132 3378,2131 3378,2130 3378,2129 3255,2129 3254,2130 3254,2185 3252,2187 3248,2187 3246,2186 3246,2130 3246,2129 2725,2129 2724,2130 2724,2131 2720,2135 2720,2139 2719,2140 2718,2140 2716,2142 2716,2147 2715,2148 2710,2148 2709,2149 2709,2150 2707,2152 2706,2152 2705,2153 2705,2154 2703,2156 2695,2156 2693,2158 2693,2159 2693,2159 2692,2159 2691,2160 2684,2160 2681,2158 2681,2130 2681,2129 2513,2129 2512,2128 2508,2128 2322,2128 2321,2129 2268,2129 2267,2128 2266,2128 2265,2128 2265,2127 2264,2125 2260,2125 2259,2124 2258,2124 2257,2124 2257,2123 2256,2121 2021,2121 2020,2122 2020,2138 2019,2139 2019,2140 2019,2140 2018,2140 2015,2143 2015,2144 2015,2144 2014,2144 2013,2145 2007,2151 2007,2152 2007,2152 2002,2152 2000,2154 2000,2155 1999,2156 1990,2156 1989,2157 1989,2158 1987,2160 1984,2158 1984,2157 1984,2156 1983,2156 1980,2154 1980,2130 1980,2129 1612,2129 1611,2130 1611,2185 1611,2185 1608,2185 1607,2185 1607,2130 1607,2129 1075,2129 1073,2131 1073,2132 1073,2132 1071,2132 1070,2133 1069,2132 1067,2132 1066,2132 1066,2131 1065,2129 806,2129 805,2130 805,2131 804,2132 794,2132 793,2133 793,2186 792,2187 787,2187 786,2188 786,2189 784,2191"/><TextEquiv index="1"><Unicode>trop circonſtanciés, Aurore, ma chère</Unicode></TextEquiv></TextLine><TextLine id="r0_l008"><Coords points="1118,2354 1116,2353 1116,2352 1116,2351 1115,2351 1112,2349 1112,2328 1112,2327 737,2327 735,2329 735,2330 734,2331 534,2331 533,2331 533,2330 532,2329 532,2322 539,2315 547,2315 548,2314 548,2313 549,2312 550,2312 551,2311 555,2311 556,2310 556,2309 557,2308 558,2308 559,2307 559,2292 560,2291 560,2290 562,2288 563,2288 563,2288 563,2287 566,2284 567,2284 567,2284 567,2271 569,2269 570,2269 571,2268 571,2251 573,2249 574,2249 575,2248 575,2240 582,2233 583,2233 583,2233 583,2220 585,2218 586,2218 587,2217 587,2208 589,2206 590,2206 591,2205 591,2204 593,2202 594,2202 595,2201 595,2200 596,2199 597,2199 599,2197 599,2196 600,2195 610,2195 610,2196 610,2218 611,2218 613,2218 614,2220 614,2225 616,2226 617,2226 618,2228 618,2233 619,2233 620,2233 622,2236 622,2248 624,2249 804,2249 805,2248 805,2247 807,2245 1010,2245 1014,2241 1033,2241 1035,2244 1035,2245 1036,2245 1041,2245 1042,2247 1042,2248 1044,2249 1045,2249 1046,2251 1046,2252 1048,2253 1049,2253 1050,2255 1050,2264 1051,2264 1052,2264 1054,2267 1054,2279 1053,2280 1051,2280 1050,2281 1050,2296 1051,2296 1272,2296 1272,2296 1272,2290 1271,2288 1270,2288 1268,2287 1268,2282 1267,2280 1266,2280 1264,2279 1264,2270 1264,2269 1263,2269 1260,2267 1260,2266 1260,2265 1259,2265 1256,2263 1256,2258 1256,2257 1255,2257 1252,2255 1252,2252 1255,2249 1271,2249 1272,2248 1272,2247 1274,2245 1349,2245 1350,2244 1350,2243 1352,2241 1365,2241 1365,2241 1365,2240 1368,2237 1371,2237 1372,2238 1373,2238 1373,2239 1373,2240 1375,2241 1595,2241 1595,2241 1595,2200 1596,2199 1597,2199 1598,2198 1599,2198 1599,2198 1599,2189 1601,2187 1606,2187 1606,2187 1606,2186 1607,2185 1611,2185 1613,2187 1622,2187 1622,2188 1622,2237 1623,2237 1657,2237 1657,2237 1657,2236 1659,2234 1660,2234 1661,2233 1667,2233 1668,2234 1833,2234 1833,2234 1833,2192 1834,2191 1835,2191 1837,2189 1837,2188 1838,2187 1843,2187 1844,2186 1844,2185 1846,2183 1859,2183 1860,2185 1860,2186 1862,2187 1863,2187 1864,2189 1864,2191 1865,2191 1906,2191 1906,2192 1906,2193 1909,2195 1914,2195 1914,2196 1914,2201 1916,2202 1917,2202 1918,2204 1918,2210 1918,2210 1917,2210 1914,2213 1914,2221 1913,2222 1912,2222 1911,2223 1911,2224 1909,2226 1908,2226 1907,2227 1907,2228 1905,2230 1904,2230 1903,2231 1903,2232 1901,2234 1868,2234 1867,2235 1868,2236 1867,2237 1868,2237 2409,2237 2409,2237 2409,2205 2407,2202 2406,2202 2405,2202 2405,2201 2403,2198 2402,2198 2401,2198 2401,2192 2402,2191 2407,2191 2409,2189 2409,2188 2410,2187 2424,2187 2424,2188 2424,2189 2425,2189 2427,2191 2428,2191 2428,2192 2428,2198 2428,2198 2427,2198 2424,2201 2424,2237 2425,2237 2767,2237 2767,2237 2767,2196 2768,2195 2769,2195 2773,2191 2775,2189 2775,2188 2776,2187 2793,2187 2794,2189 2794,2190 2795,2190 2796,2190 2798,2193 2798,2195 2799,2195 2840,2195 2841,2197 2841,2202 2842,2202 2843,2202 2845,2205 2845,2206 2846,2206 2847,2206 2849,2209 2849,2213 2848,2214 2847,2214 2845,2216 2845,2217 2844,2218 2843,2218 2841,2220 2841,2225 2841,2225 2840,2225 2839,2226 2837,2228 2837,2229 2837,2229 2836,2229 2833,2232 2833,2233 2833,2233 2832,2233 2831,2234 2795,2234 2794,2235 2794,2241 2795,2241 3144,2241 3144,2241 3144,2240 3147,2237 3292,2237 3292,2237 3292,2225 3293,2224 3293,2223 3294,2222 3295,2222 3296,2221 3296,2213 3303,2206 3304,2206 3304,2206 3304,2201 3307,2198 3308,2198 3308,2198 3308,2197 3310,2195 3314,2195 3320,2189 3320,2188 3321,2187 3346,2187 3347,2186 3347,2185 3348,2184 3349,2183 3350,2183 3351,2185 3351,2186 3352,2186 3353,2187 3354,2187 3355,2189 3355,2205 3354,2206 3335,2206 3334,2207 3334,2241 3335,2241 3525,2241 3526,2240 3526,2239 3527,2238 3528,2238 3529,2237 3533,2237 3534,2236 3534,2235 3535,2234 3537,2234 3538,2236 3538,2237 3539,2237 3544,2237 3546,2240 3546,2241 3547,2241 3564,2241 3565,2243 3565,2244 3571,2249 3572,2249 3573,2251 3573,2256 3572,2257 3571,2257 3569,2259 3569,2268 3570,2268 3598,2268 3599,2269 3600,2269 3600,2270 3600,2272 3600,2272 3599,2272 3596,2275 3596,2276 3596,2276 3570,2276 3569,2277 3569,2307 3570,2307 3571,2307 3573,2310 3571,2312 3570,2312 3569,2313 3569,2318 3568,2319 3563,2319 3561,2321 3561,2322 3560,2323 3555,2323 3554,2324 3554,2325 3552,2327 3357,2327 3354,2325 3354,2324 3354,2323 2894,2323 2891,2326 2891,2327 2891,2327 2882,2327 2880,2326 2880,2325 2879,2323 2566,2323 2565,2324 2565,2338 2567,2339 2568,2339 2568,2340 2568,2342 2567,2343 2563,2343 2561,2342 2561,2327 2561,2326 2560,2327 2531,2327 2530,2328 2530,2329 2528,2331 2520,2331 2518,2330 2518,2321 2517,2319 1983,2319 1981,2321 1981,2322 1980,2323 1936,2323 1932,2319 1679,2319 1677,2321 1677,2322 1676,2323 1371,2323 1370,2324 1370,2325 1368,2327 1149,2327 1148,2328 1148,2336 1147,2337 1147,2338 1146,2339 1145,2339 1144,2340 1144,2341 1142,2343 1141,2343 1140,2344 1140,2345 1139,2346 1138,2346 1137,2347 1133,2347 1132,2348 1132,2349 1131,2350 1123,2350 1120,2353 1120,2354 1120,2354"/><TextEquiv index="1"><Unicode>Aurore, venoit d'accoucher d'un enfant</Unicode></TextEquiv></TextLine><TextLine id="r0_l009"><Coords points="631,2572 630,2572 630,2571 630,2570 628,2568 627,2568 626,2568 626,2527 626,2526 539,2526 536,2524 536,2516 538,2514 539,2514 540,2513 540,2512 542,2510 544,2510 544,2510 544,2450 546,2448 554,2448 556,2446 556,2445 557,2444 558,2444 560,2442 560,2441 561,2440 602,2440 602,2441 602,2442 605,2444 792,2444 793,2443 793,2442 795,2440 796,2440 797,2439 797,2438 799,2436 870,2436 871,2438 871,2443 873,2444 894,2444 894,2445 894,2446 897,2448 898,2448 898,2449 898,2490 899,2490 1081,2490 1081,2490 1081,2391 1082,2390 1083,2390 1084,2389 1135,2389 1136,2388 1136,2387 1138,2385 1197,2385 1198,2384 1198,2383 1199,2382 1200,2382 1201,2381 1255,2381 1257,2384 1257,2385 1258,2385 1259,2385 1260,2387 1260,2436 1261,2436 1516,2436 1517,2435 1517,2434 1519,2432 1521,2432 1521,2432 1521,2419 1524,2416 1525,2416 1525,2416 1525,2407 1527,2405 1528,2405 1529,2404 1529,2399 1531,2397 1532,2397 1533,2396 1533,2391 1535,2389 1536,2389 1537,2388 1537,2387 1539,2385 1727,2385 1727,2385 1727,2384 1730,2381 1749,2381 1751,2384 1751,2428 1752,2428 1972,2428 1973,2430 1973,2432 1974,2432 2194,2432 2194,2432 2194,2385 2195,2384 2195,2383 2196,2382 2197,2382 2198,2381 2202,2381 2202,2381 2202,2380 2204,2378 2205,2378 2206,2377 2215,2377 2216,2378 2217,2378 2220,2381 2477,2381 2479,2384 2479,2432 2480,2432 2493,2432 2495,2435 2495,2436 2496,2436 2501,2436 2502,2437 2682,2437 2683,2436 2977,2436 2977,2436 2977,2387 2978,2386 2979,2386 2980,2385 2984,2385 2985,2384 2985,2383 2986,2382 2987,2382 2988,2381 3018,2381 3019,2382 3020,2382 3020,2383 3020,2385 3021,2385 3241,2385 3242,2384 3242,2383 3243,2382 3244,2382 3245,2381 3252,2381 3254,2384 3254,2385 3255,2385 3256,2385 3257,2387 3257,2388 3259,2389 3260,2389 3261,2391 3261,2436 3262,2436 3404,2436 3406,2439 3406,2440 3407,2440 3412,2440 3413,2442 3413,2443 3415,2444 3416,2444 3417,2446 3417,2451 3418,2451 3419,2451 3421,2454 3421,2459 3422,2459 3423,2459 3425,2462 3425,2490 3426,2490 3547,2490 3548,2491 3549,2491 3549,2492 3549,2493 3551,2494 3556,2494 3557,2496 3557,2497 3559,2498 3560,2498 3561,2500 3561,2509 3563,2510 3564,2510 3565,2512 3565,2525 3565,2525 3564,2525 3561,2528 3561,2532 3548,2545 3540,2545 3537,2548 3537,2549 3537,2549 3528,2549 3526,2548 3526,2547 3525,2545 3524,2545 3522,2544 3522,2523 3522,2522 3381,2522 3380,2521 3379,2521 3378,2521 3378,2520 3377,2518 3061,2518 3059,2520 3059,2521 3058,2522 2987,2522 2983,2526 2971,2526 2969,2528 2969,2529 2969,2529 2968,2529 2967,2530 2957,2530 2956,2529 2955,2529 2954,2529 2954,2528 2953,2526 2949,2526 2948,2525 2947,2525 2946,2525 2946,2524 2944,2521 2943,2521 2942,2521 2942,2515 2942,2514 2753,2514 2752,2515 2752,2516 2750,2518 2687,2518 2685,2517 2685,2516 2684,2514 2679,2514 2678,2513 2498,2513 2497,2514 2488,2514 2487,2515 2487,2516 2486,2517 2486,2518 2486,2518 2324,2518 2323,2519 2323,2537 2323,2537 2313,2537 2312,2538 2312,2539 2311,2540 2311,2541 2311,2541 2301,2541 2300,2541 2300,2516 2299,2514 2095,2514 2094,2515 2094,2516 2092,2518 1986,2518 1984,2520 1984,2521 1983,2522 1971,2522 1969,2521 1969,2520 1968,2518 1605,2518 1603,2520 1603,2521 1603,2521 1602,2521 1601,2522 1594,2522 1591,2520 1591,2519 1591,2518 1573,2518 1572,2519 1572,2560 1572,2560 1571,2560 1566,2565 1555,2565 1552,2563 1552,2519 1552,2518 1516,2518 1513,2516 1513,2515 1513,2514 1332,2514 1331,2515 1331,2516 1329,2518 1324,2518 1323,2519 1323,2520 1321,2522 1310,2522 1309,2521 1308,2521 1307,2521 1307,2520 1306,2518 1091,2518 1089,2520 1089,2521 1088,2522 927,2522 926,2523 926,2524 924,2526 639,2526 638,2527 638,2566 637,2567 637,2568 637,2568 636,2568 634,2570 634,2571 633,2572"/><TextEquiv index="1"><Unicode>mort. Elle étoit traduite en Juſtice,</Unicode></TextEquiv></TextLine><TextLine id="r0_l010"><Coords points="2336,2769 2335,2769 2335,2721 2335,2720 1017,2720 1015,2719 1015,2718 1014,2716 561,2716 560,2716 560,2715 558,2712 553,2712 552,2712 552,2711 550,2708 549,2708 548,2708 548,2707 546,2704 545,2704 544,2704 544,2703 542,2700 541,2700 540,2700 540,2691 539,2689 538,2689 536,2688 536,2683 535,2681 534,2681 532,2680 535,2677 536,2677 536,2677 536,2672 539,2669 540,2669 540,2669 540,2668 543,2665 544,2665 544,2665 544,2656 546,2654 547,2654 548,2653 548,2652 550,2650 551,2650 552,2649 552,2648 554,2646 555,2646 556,2645 556,2644 558,2642 567,2642 567,2642 567,2641 570,2638 579,2638 579,2638 579,2637 582,2634 1022,2634 1023,2633 1023,2632 1024,2631 1026,2631 1027,2630 1357,2630 1358,2629 1358,2628 1359,2627 1688,2627 1688,2627 1688,2583 1695,2576 2139,2576 2140,2575 2140,2574 2142,2572 3440,2572 3440,2572 3440,2567 3443,2564 3451,2564 3452,2566 3452,2580 3453,2580 3479,2580 3479,2581 3479,2582 3480,2583 3480,2584 3481,2584 3486,2584 3487,2586 3487,2631 3488,2631 3549,2631 3549,2632 3549,2633 3552,2635 3553,2635 3553,2636 3553,2637 3555,2638 3559,2638 3560,2639 3561,2639 3561,2640 3561,2641 3564,2643 3565,2643 3565,2644 3565,2649 3567,2650 3568,2650 3569,2652 3569,2653 3571,2654 3572,2654 3573,2656 3573,2664 3571,2666 3570,2666 3569,2667 3569,2681 3570,2681 3864,2681 3865,2683 3865,2684 3869,2688 3869,2691 3868,2692 3868,2693 3868,2693 3859,2693 3857,2695 3857,2696 3856,2697 3570,2697 3569,2698 3569,2700 3569,2700 3568,2700 3565,2703 3565,2708 3565,2708 3564,2708 3563,2709 3559,2709 3557,2711 3557,2712 3557,2712 3552,2712 3549,2715 3549,2716 3549,2716 2920,2716 2919,2717 2919,2758 2918,2759 2340,2759 2339,2760 2339,2769 2339,2769"/><TextEquiv index="1"><Unicode>comme meurtrière de ſon enfant. Ne</Unicode></TextEquiv></TextLine><TextLine id="r0_l011"><Coords points="2414,2967 2413,2967 2413,2936 2413,2935 2276,2935 2275,2934 2274,2934 2272,2933 2272,2908 2272,2907 1640,2907 1638,2909 1638,2910 1637,2911 1538,2911 1537,2912 1537,2914 1536,2915 1527,2915 1525,2914 1525,2912 1525,2911 1203,2911 1202,2912 1202,2964 1201,2965 1200,2965 1199,2966 1170,2966 1169,2965 1168,2965 1167,2965 1167,2964 1165,2961 1164,2961 1163,2961 1163,2916 1163,2915 850,2915 848,2917 848,2918 847,2919 846,2919 844,2917 843,2917 843,2916 843,2915 607,2915 606,2916 606,2922 605,2923 584,2923 583,2924 583,2961 583,2961 582,2961 581,2962 561,2962 560,2963 560,2964 559,2965 558,2965 557,2966 551,2966 550,2965 549,2965 548,2965 548,2964 546,2961 545,2961 544,2961 544,2851 542,2848 541,2848 540,2848 540,2839 542,2837 547,2837 548,2836 548,2835 550,2833 559,2833 559,2833 559,2832 562,2829 570,2829 571,2831 571,2832 573,2833 979,2833 980,2832 980,2831 982,2829 1073,2829 1073,2829 1073,2828 1076,2825 1077,2825 1077,2825 1077,2824 1080,2821 1159,2821 1159,2821 1159,2781 1162,2778 1168,2778 1169,2779 1170,2779 1171,2781 1171,2829 1172,2829 1267,2829 1268,2828 1268,2827 1270,2825 1419,2825 1420,2827 1420,2828 1422,2829 1606,2829 1607,2828 1607,2827 1609,2825 2264,2825 2265,2824 2265,2823 2267,2821 2323,2821 2323,2821 2323,2781 2326,2778 2327,2778 2327,2778 2327,2773 2328,2772 2329,2771 2334,2771 2334,2771 2334,2770 2335,2769 2339,2769 2341,2771 2342,2771 2342,2772 2342,2773 2344,2774 2371,2774 2372,2775 2373,2775 2374,2777 2374,2778 2376,2779 2377,2779 2378,2781 2378,2825 2379,2825 2751,2825 2751,2825 2751,2824 2754,2821 2755,2821 2755,2821 2755,2808 2757,2806 2758,2806 2759,2805 2759,2800 2761,2798 2762,2798 2763,2797 2763,2796 2765,2794 2766,2794 2767,2793 2767,2784 2768,2783 2769,2783 2771,2781 2771,2780 2772,2779 2773,2779 2774,2778 2899,2778 2899,2778 2899,2777 2901,2775 2918,2775 2919,2777 2919,2778 2920,2778 2921,2778 2923,2781 2923,2880 2924,2880 3137,2880 3137,2880 3137,2858 3138,2857 3139,2857 3141,2855 3141,2846 3142,2845 3143,2845 3144,2844 3145,2843 3145,2842 3146,2841 3147,2841 3148,2840 3149,2839 3149,2838 3150,2837 3151,2837 3152,2836 3153,2835 3153,2834 3154,2833 3155,2833 3156,2832 3156,2832 3156,2831 3158,2829 3167,2829 3168,2828 3168,2827 3170,2825 3394,2825 3394,2825 3394,2780 3395,2779 3396,2779 3396,2779 3398,2777 3398,2776 3399,2775 3408,2775 3409,2774 3409,2773 3411,2771 3420,2771 3421,2773 3421,2775 3422,2775 3564,2775 3565,2777 3565,2778 3566,2778 3567,2778 3569,2781 3569,2891 3570,2891 3571,2891 3573,2894 3573,2895 3574,2895 3575,2895 3577,2898 3577,2906 3576,2907 3547,2907 3546,2908 3546,2909 3544,2911 3041,2911 3040,2912 3040,2916 3039,2917 3039,2918 3038,2919 3037,2919 3036,2920 3036,2925 3034,2927 3029,2927 3028,2928 3028,2933 3027,2934 3018,2934 3016,2936 3016,2937 3015,2938 3010,2938 3009,2939 3009,2940 3007,2942 3002,2942 3001,2942 3001,2941 2999,2938 2998,2938 2997,2938 2997,2937 2996,2936 2996,2912 2996,2911 2519,2911 2518,2912 2518,2937 2517,2938 2516,2938 2514,2940 2514,2945 2513,2946 2512,2946 2511,2947 2510,2948 2510,2949 2509,2950 2508,2950 2506,2952 2506,2957 2505,2958 2500,2958 2498,2960 2498,2961 2498,2961 2497,2961 2496,2962 2480,2962 2479,2963 2479,2965 2479,2965 2476,2965 2475,2965 2475,2964 2474,2962 2451,2962 2450,2961 2449,2961 2448,2961 2448,2960 2447,2958 2442,2958 2440,2957 2440,2956 2440,2955 2439,2954 2438,2954 2436,2953 2436,2936 2436,2935 2421,2935 2420,2936 2420,2967 2420,2967"/><TextEquiv index="1"><Unicode>pouvant prouver un mariage réel, on lui</Unicode></TextEquiv></TextLine><TextLine id="r0_l012"><Coords points="2577,3162 2575,3160 2570,3160 2569,3160 2569,3159 2567,3156 2566,3156 2565,3156 2565,3155 2564,3153 2169,3153 2168,3152 2161,3152 2160,3152 2160,3151 2159,3150 2159,3134 2159,3133 456,3133 455,3133 455,3130 456,3129 2159,3129 2159,3129 2159,3111 2159,3110 551,3110 550,3109 549,3109 548,3109 548,3108 546,3105 545,3105 544,3105 544,3100 546,3098 547,3098 548,3097 548,3037 549,3036 550,3036 552,3034 552,3034 552,3033 553,3032 559,3032 559,3032 559,3012 560,3011 560,3010 562,3008 563,3008 563,3008 563,3007 566,3004 567,3004 567,3004 567,3003 570,3000 571,3000 571,3000 571,2995 573,2993 574,2993 575,2992 575,2987 577,2985 591,2985 591,2985 591,2979 593,2977 594,2977 594,2977 594,2976 597,2973 598,2973 598,2973 598,2972 601,2969 1828,2969 1829,2968 1829,2967 1831,2965 3528,2965 3529,2966 3530,2966 3530,2967 3530,2972 3532,2973 3533,2973 3534,2975 3534,3020 3535,3020 3556,3020 3557,3022 3557,3023 3559,3024 3564,3024 3565,3026 3565,3027 3567,3028 3568,3028 3569,3030 3569,3043 3570,3043 3571,3043 3573,3046 3573,3074 3574,3074 3579,3074 3581,3077 3581,3078 3582,3078 3583,3078 3584,3080 3584,3081 3585,3082 3585,3091 3584,3092 3584,3093 3583,3094 3582,3094 3581,3095 3581,3100 3579,3102 3578,3102 3577,3103 3577,3104 3575,3106 3444,3106 3443,3107 3443,3161 3443,3161 2597,3161 2596,3162"/><TextEquiv index="1"><Unicode>faiſoit un crime de n'avoir pas déclaré ſa</Unicode></TextEquiv></TextLine><TextLine id="r0_l013"><Coords points="634,3362 633,3362 633,3305 633,3304 631,3304 630,3305 630,3334 629,3335 628,3335 627,3336 626,3337 626,3338 625,3339 624,3339 622,3341 622,3342 621,3343 620,3343 618,3345 618,3346 617,3347 616,3347 614,3349 614,3350 613,3351 600,3351 599,3352 599,3353 597,3355 566,3355 563,3353 563,3352 563,3351 554,3351 552,3350 552,3349 551,3347 550,3347 548,3346 548,3345 547,3343 546,3343 544,3342 544,3329 545,3328 546,3328 548,3326 548,3244 550,3242 551,3242 552,3241 552,3236 554,3234 555,3234 556,3233 556,3232 558,3230 559,3230 559,3230 559,3229 562,3226 571,3226 571,3226 571,3225 574,3222 676,3222 676,3222 676,3221 679,3218 809,3218 809,3218 809,3216 810,3215 811,3215 813,3213 813,3201 815,3199 816,3199 816,3199 816,3194 819,3191 820,3191 820,3191 820,3190 823,3187 824,3187 824,3187 824,3186 827,3183 828,3183 828,3183 828,3182 831,3179 832,3179 832,3179 832,3178 834,3176 869,3176 870,3175 871,3175 871,3175 871,3174 873,3172 878,3172 878,3172 878,3171 881,3168 885,3168 887,3166 887,3165 888,3164 913,3164 914,3166 914,3167 916,3168 1068,3168 1070,3166 1070,3165 1071,3164 1076,3164 1078,3162 1078,3161 1079,3160 1104,3160 1104,3161 1104,3162 1111,3168 1112,3168 1112,3169 1112,3176 1113,3177 1113,3218 1114,3218 1264,3218 1264,3218 1264,3217 1267,3214 1268,3214 1268,3214 1268,3209 1270,3207 1271,3207 1272,3206 1272,3205 1273,3204 1274,3203 1275,3203 1276,3202 1276,3201 1278,3199 1279,3199 1280,3198 1280,3193 1282,3191 1283,3191 1284,3190 1284,3189 1286,3187 1287,3187 1287,3187 1288,3186 1288,3185 1290,3183 1291,3183 1291,3183 1291,3182 1293,3180 1294,3180 1295,3179 1299,3179 1299,3179 1299,3178 1301,3176 1306,3176 1307,3175 1307,3174 1309,3172 1321,3172 1323,3170 1323,3169 1324,3168 1508,3168 1510,3166 1510,3165 1511,3164 1629,3164 1630,3166 1630,3167 1632,3168 1633,3168 1634,3170 1634,3214 1635,3214 1852,3214 1852,3214 1852,3185 1853,3184 1854,3184 1856,3182 1856,3181 1857,3180 1858,3180 1859,3179 1873,3179 1874,3180 1875,3180 1875,3181 1875,3182 1876,3183 1876,3214 1877,3214 1939,3214 1940,3215 1941,3215 1941,3216 1942,3217 1942,3218 1943,3218 2093,3218 2093,3218 2093,3217 2095,3215 2201,3215 2202,3214 2214,3214 2214,3214 2214,3213 2216,3211 2237,3211 2237,3211 2237,3194 2240,3191 2253,3191 2253,3191 2253,3170 2255,3168 2260,3168 2261,3167 2261,3166 2263,3164 2275,3164 2279,3168 2280,3168 2280,3169 2280,3172 2281,3172 2377,3172 2378,3174 2378,3175 2380,3176 2381,3176 2381,3177 2381,3178 2382,3179 2382,3183 2383,3183 2384,3183 2385,3185 2385,3194 2387,3195 2388,3195 2389,3197 2389,3205 2392,3207 2393,3207 2393,3208 2393,3214 2394,3214 2576,3214 2576,3214 2576,3163 2577,3162 2595,3162 2595,3163 2595,3214 2596,3214 2650,3214 2650,3214 2650,3213 2653,3210 2654,3210 2654,3210 2654,3205 2656,3203 2657,3203 2658,3202 2658,3189 2660,3187 2661,3187 2662,3186 2662,3177 2663,3176 2664,3176 2664,3176 2666,3174 2666,3173 2667,3172 2668,3172 2670,3170 2670,3169 2671,3168 2672,3168 2674,3166 2674,3165 2675,3164 2680,3164 2685,3170 2685,3182 2688,3184 2689,3184 2689,3185 2689,3194 2691,3195 2692,3195 2693,3197 2693,3206 2695,3207 2696,3207 2697,3209 2697,3218 2698,3218 3093,3218 3094,3217 3094,3216 3095,3215 3096,3215 3097,3214 3107,3214 3108,3215 3109,3215 3109,3216 3109,3217 3111,3218 3238,3218 3238,3218 3238,3170 3240,3168 3245,3168 3245,3168 3245,3167 3248,3164 3303,3164 3304,3163 3304,3162 3306,3160 3311,3160 3312,3161 3444,3161 3444,3162 3444,3163 3446,3164 3447,3164 3448,3166 3448,3167 3450,3168 3451,3168 3452,3170 3452,3171 3454,3172 3455,3172 3456,3174 3456,3207 3457,3207 3502,3207 3503,3209 3503,3218 3504,3218 3528,3218 3529,3219 3530,3219 3530,3220 3530,3242 3531,3242 3580,3242 3580,3243 3580,3244 3583,3246 3584,3246 3584,3247 3584,3248 3585,3249 3585,3262 3584,3263 3584,3265 3584,3265 3583,3265 3580,3268 3580,3269 3580,3269 3579,3269 3576,3272 3576,3273 3576,3273 3567,3273 3565,3275 3565,3276 3564,3277 3527,3277 3526,3278 3526,3288 3525,3289 3524,3289 3522,3291 3522,3296 3522,3296 3517,3296 3514,3299 3514,3300 3514,3300 3493,3300 3491,3299 3491,3298 3490,3296 3310,3296 3308,3298 3308,3299 3307,3300 3301,3300 3300,3301 3300,3354 3300,3354 3274,3354 3273,3354 3273,3301 3273,3300 3145,3300 3144,3301 3144,3347 3144,3347 3138,3347 3137,3347 3137,3301 3137,3300 3025,3300 3024,3301 3024,3334 3023,3335 3022,3335 3021,3336 3020,3336 3019,3335 3017,3335 3016,3335 3016,3301 3016,3300 2785,3300 2783,3302 2783,3307 2782,3308 2780,3308 2779,3308 2779,3307 2777,3304 2769,3304 2767,3303 2767,3302 2766,3300 2617,3300 2616,3301 2616,3302 2614,3304 2519,3304 2518,3304 2518,3303 2516,3300 2479,3300 2478,3301 2478,3352 2478,3352 2469,3352 2468,3352 2468,3301 2468,3300 2364,3300 2362,3299 2362,3298 2362,3297 2361,3297 2360,3296 2088,3296 2086,3298 2086,3299 2085,3300 2080,3300 2076,3296 1878,3296 1875,3299 1875,3300 1875,3300 1874,3300 1871,3303 1871,3304 1871,3304 1795,3304 1794,3305 1794,3342 1793,3343 1784,3343 1782,3342 1782,3301 1782,3300 1480,3300 1479,3301 1479,3340 1478,3341 1478,3343 1478,3343 1469,3343 1465,3339 1464,3339 1463,3339 1463,3301 1463,3300 1356,3300 1354,3302 1354,3303 1353,3304 1332,3304 1331,3305 1331,3317 1330,3318 1330,3319 1329,3320 1321,3320 1319,3319 1319,3301 1319,3300 1176,3300 1175,3301 1175,3342 1174,3343 1165,3343 1163,3342 1163,3340 1163,3339 928,3339 926,3341 926,3342 925,3343 877,3343 875,3345 875,3346 874,3347 865,3347 863,3346 863,3345 862,3343 861,3343 859,3342 859,3309 859,3308 807,3308 804,3306 804,3305 804,3304 658,3304 657,3305 657,3361 657,3361 653,3361 652,3362"/><TextEquiv index="1"><Unicode>groſſeſſe. O Dieu! ma chère Aurore alloit-</Unicode></TextEquiv></TextLine><TextLine id="r0_l014"><Coords points="2229,3550 2228,3549 2227,3549 2226,3549 2226,3488 2226,3487 2154,3487 2150,3483 1936,3483 1934,3485 1934,3486 1933,3487 1908,3487 1907,3487 1907,3486 1905,3483 1652,3483 1651,3484 1651,3542 1651,3542 1645,3542 1644,3542 1644,3484 1644,3483 1640,3483 1638,3485 1638,3486 1637,3487 1427,3487 1426,3488 1426,3546 1426,3546 1419,3546 1418,3546 1418,3492 1418,3491 1410,3491 1408,3493 1408,3498 1407,3499 1406,3499 1404,3501 1404,3502 1403,3503 1399,3503 1396,3501 1396,3500 1396,3499 1395,3499 1393,3498 1393,3492 1393,3491 1317,3491 1315,3490 1315,3488 1315,3487 1107,3487 1105,3489 1105,3493 1104,3494 1104,3495 1104,3495 907,3495 906,3496 906,3541 906,3541 905,3541 904,3542 884,3542 883,3543 883,3544 881,3546 866,3546 863,3544 863,3496 863,3495 619,3495 618,3496 618,3529 617,3530 612,3530 610,3529 610,3496 610,3495 585,3495 583,3494 583,3493 582,3491 577,3491 575,3490 575,3489 574,3487 557,3487 556,3487 556,3482 546,3471 545,3471 544,3471 544,3462 546,3460 547,3460 548,3459 548,3438 549,3437 550,3437 552,3435 552,3430 553,3429 554,3429 556,3427 556,3426 557,3425 558,3425 574,3409 618,3409 618,3409 618,3376 620,3374 626,3374 626,3374 626,3368 628,3366 629,3366 629,3366 630,3365 630,3364 631,3363 632,3363 633,3362 652,3362 653,3361 680,3361 682,3359 683,3359 684,3358 692,3358 692,3358 692,3357 694,3355 703,3355 704,3357 704,3362 705,3362 706,3362 708,3365 708,3370 709,3370 991,3370 992,3369 992,3368 994,3366 995,3366 995,3366 996,3365 996,3364 997,3363 998,3363 999,3362 1097,3362 1097,3362 1097,3360 1098,3359 1099,3359 1101,3357 1101,3356 1102,3355 1120,3355 1120,3356 1120,3357 1123,3359 1305,3359 1306,3358 1307,3358 1307,3358 1307,3357 1309,3355 1330,3355 1330,3356 1330,3361 1333,3363 1334,3363 1334,3364 1334,3405 1335,3405 1533,3405 1533,3405 1533,3360 1534,3359 1535,3359 1537,3357 1537,3356 1538,3355 1551,3355 1552,3354 1552,3353 1554,3351 1559,3351 1560,3353 1560,3354 1562,3355 1567,3355 1568,3357 1568,3366 1569,3366 1836,3366 1836,3366 1836,3358 1837,3357 1837,3356 1838,3355 1839,3355 1839,3355 1840,3354 1840,3353 1842,3351 1851,3351 1852,3353 1852,3354 1853,3354 1854,3354 1856,3357 1856,3358 1857,3358 1858,3358 1860,3361 1860,3401 1861,3401 1980,3401 1981,3400 1981,3399 1982,3398 1983,3398 1984,3397 2089,3397 2089,3397 2089,3393 2090,3392 2090,3391 2091,3390 2092,3390 2093,3389 2093,3381 2094,3380 2094,3379 2095,3378 2096,3378 2097,3377 2097,3369 2100,3366 2101,3366 2101,3366 2101,3365 2104,3362 2109,3362 2109,3362 2109,3361 2115,3355 2119,3355 2121,3353 2121,3352 2122,3351 2147,3351 2148,3353 2148,3354 2149,3355 2150,3355 2151,3355 2152,3357 2152,3358 2153,3358 2154,3358 2156,3361 2156,3401 2157,3401 2405,3401 2405,3401 2405,3360 2406,3359 2407,3359 2409,3357 2409,3356 2410,3355 2415,3355 2417,3353 2417,3352 2418,3351 2431,3351 2432,3352 2479,3352 2479,3353 2479,3354 2481,3355 2482,3355 2483,3357 2483,3358 2484,3359 2485,3359 2486,3359 2487,3361 2487,3401 2488,3401 2693,3401 2693,3401 2693,3368 2695,3366 2700,3366 2701,3365 2701,3364 2702,3363 2703,3363 2704,3362 2848,3362 2849,3361 2849,3360 2850,3359 3015,3359 3016,3358 3017,3358 3018,3359 3201,3359 3205,3355 3214,3355 3214,3356 3214,3357 3217,3359 3218,3359 3218,3360 3218,3361 3219,3362 3219,3401 3220,3401 3263,3401 3264,3402 3265,3402 3265,3403 3265,3409 3266,3409 3274,3409 3274,3409 3274,3355 3275,3354 3299,3354 3299,3355 3299,3409 3300,3409 3479,3409 3479,3409 3479,3377 3480,3376 3480,3375 3481,3374 3486,3374 3487,3376 3487,3389 3488,3389 3523,3389 3524,3390 3526,3390 3526,3391 3526,3409 3527,3409 3575,3409 3577,3412 3577,3423 3575,3425 3574,3425 3573,3426 3573,3427 3571,3429 3570,3429 3569,3430 3569,3486 3568,3487 3567,3487 3565,3489 3565,3490 3564,3491 3462,3491 3460,3493 3460,3494 3459,3495 3391,3495 3390,3496 3390,3541 3389,3542 3384,3542 3381,3545 3380,3545 3379,3546 3354,3546 3353,3545 3352,3545 3351,3545 3351,3544 3349,3541 3348,3541 3347,3541 3347,3496 3347,3495 3263,3495 3262,3495 3262,3494 3260,3491 3255,3491 3254,3490 3169,3490 3168,3491 3168,3547 3168,3547 3154,3547 3153,3547 3153,3491 3153,3490 3074,3490 3073,3491 3061,3491 3059,3490 3059,3489 3058,3487 2850,3487 2849,3488 2849,3529 2848,3530 2835,3530 2833,3529 2833,3488 2833,3487 2601,3487 2600,3487 2600,3486 2598,3483 2355,3483 2354,3484 2354,3537 2353,3538 2336,3538 2335,3539 2335,3540 2333,3542 2243,3542 2241,3544 2241,3545 2241,3545 2240,3545 2237,3548 2237,3549 2237,3549 2231,3549 2230,3550"/><TextEquiv index="1"><Unicode>elle périr du dernier ſupplice? C'étoit par</Unicode></TextEquiv></TextLine><TextLine id="r0_l015"><Coords points="2329,3733 2328,3733 2328,3679 2328,3678 2036,3678 2035,3679 2035,3724 2034,3725 2033,3725 2031,3727 2031,3728 2031,3728 2030,3728 2029,3729 2001,3729 2000,3730 2000,3731 1999,3732 1998,3732 1997,3733 1996,3733 1995,3732 1994,3732 1992,3731 1992,3679 1992,3678 1729,3678 1728,3679 1728,3680 1726,3682 1706,3682 1704,3684 1704,3685 1703,3686 1631,3686 1630,3687 1630,3693 1630,3693 1629,3693 1628,3694 1626,3694 1625,3693 1624,3693 1622,3692 1622,3679 1622,3678 1437,3678 1436,3679 1436,3680 1434,3682 1300,3682 1299,3683 1299,3701 1299,3701 1298,3701 1282,3717 1274,3717 1272,3719 1272,3720 1271,3721 1267,3721 1260,3715 1260,3683 1260,3682 1052,3682 1050,3684 1050,3685 1049,3686 1045,3686 1042,3684 1042,3683 1042,3682 557,3682 556,3683 556,3685 556,3685 555,3685 554,3686 552,3685 552,3684 551,3683 551,3682 550,3682 548,3681 548,3613 549,3612 550,3612 551,3611 556,3606 556,3605 557,3604 566,3604 568,3602 568,3601 569,3600 606,3600 606,3600 606,3567 608,3565 613,3565 614,3567 614,3603 616,3604 859,3604 859,3604 859,3583 862,3580 863,3580 863,3580 863,3575 865,3573 866,3573 867,3572 867,3567 869,3565 870,3565 871,3564 871,3563 873,3561 874,3561 875,3560 875,3559 877,3557 878,3557 879,3556 879,3555 881,3553 890,3553 890,3553 890,3552 893,3549 924,3549 926,3552 926,3601 927,3601 1047,3601 1048,3600 1088,3600 1089,3599 1089,3598 1091,3596 1092,3596 1093,3595 1093,3595 1093,3594 1095,3592 1100,3592 1101,3594 1101,3599 1103,3600 1185,3600 1187,3603 1187,3604 1188,3604 1197,3604 1198,3606 1198,3607 1200,3608 1201,3608 1202,3610 1202,3623 1203,3623 1204,3623 1206,3626 1206,3658 1207,3658 1385,3658 1385,3658 1385,3625 1387,3623 1388,3623 1389,3622 1389,3617 1390,3616 1391,3616 1392,3615 1392,3585 1393,3584 1393,3582 1394,3581 1395,3581 1397,3579 1397,3578 1398,3577 1399,3577 1400,3576 1400,3572 1401,3571 1401,3570 1402,3569 1403,3569 1404,3568 1404,3564 1405,3563 1405,3562 1406,3561 1407,3561 1408,3560 1408,3556 1418,3546 1427,3546 1428,3548 1428,3549 1429,3549 1430,3549 1432,3552 1432,3560 1436,3564 1436,3572 1438,3573 1439,3573 1439,3574 1439,3575 1442,3577 1443,3577 1443,3578 1443,3600 1444,3600 1586,3600 1588,3598 1588,3597 1589,3596 1634,3596 1634,3596 1634,3551 1635,3550 1636,3550 1638,3548 1638,3547 1639,3546 1640,3546 1642,3544 1642,3543 1643,3542 1781,3542 1782,3541 1791,3541 1792,3542 1793,3542 1794,3544 1794,3549 1795,3549 1796,3549 1798,3552 1798,3553 1799,3553 1890,3553 1891,3555 1891,3596 1892,3596 2170,3596 2172,3594 2172,3593 2173,3592 2178,3592 2179,3594 2179,3596 2180,3596 2560,3596 2560,3597 2560,3598 2563,3600 2599,3600 2599,3601 2599,3602 2602,3604 2806,3604 2806,3604 2806,3555 2808,3553 2809,3553 2809,3553 2810,3552 2810,3551 2812,3549 2813,3549 2814,3548 2814,3547 2816,3545 2835,3545 2836,3546 2837,3546 2837,3547 2837,3600 2838,3600 3144,3600 3144,3600 3144,3556 3147,3553 3148,3553 3148,3553 3148,3552 3151,3549 3152,3549 3152,3549 3152,3548 3153,3547 3168,3547 3168,3548 3168,3604 3169,3604 3366,3604 3366,3604 3366,3560 3373,3553 3377,3553 3378,3552 3378,3551 3379,3550 3382,3550 3382,3551 3382,3552 3384,3553 3486,3553 3487,3555 3487,3600 3488,3600 3552,3600 3554,3603 3554,3604 3555,3604 3564,3604 3565,3606 3565,3607 3567,3608 3568,3608 3569,3610 3569,3611 3571,3612 3572,3612 3573,3614 3573,3619 3574,3619 3575,3619 3577,3622 3577,3627 3578,3627 3579,3627 3581,3630 3581,3668 3580,3669 3580,3670 3580,3670 3579,3670 3577,3672 3576,3673 3576,3674 3576,3674 3575,3674 3573,3676 3572,3677 3572,3678 3572,3678 3567,3678 3565,3680 3565,3681 3565,3681 3564,3681 3561,3684 3561,3685 3561,3685 3560,3685 3559,3686 3555,3686 3553,3688 3553,3689 3553,3689 3552,3689 3551,3690 3543,3690 3542,3691 3542,3692 3541,3693 3539,3693 3538,3693 3538,3692 3536,3689 3535,3689 3534,3689 3534,3688 3533,3686 3299,3686 3296,3684 3296,3683 3296,3682 2839,3682 2837,3681 2837,3680 2836,3678 2625,3678 2623,3680 2623,3681 2622,3682 2609,3682 2607,3684 2607,3693 2607,3693 2606,3693 2605,3694 2604,3695 2604,3696 2603,3697 2601,3697 2599,3696 2599,3695 2598,3693 2597,3693 2596,3693 2596,3680 2595,3678 2338,3678 2337,3679 2337,3733 2337,3733"/><TextEquiv index="1"><Unicode>ma faute, ô ciel! par mon abominable</Unicode></TextEquiv></TextLine><TextLine id="r0_l016"><Coords points="3088,3927 3086,3926 3086,3925 3085,3923 3080,3923 3078,3922 3078,3901 3078,3900 2948,3900 2946,3899 2946,3898 2945,3897 2945,3896 2944,3896 2942,3895 2942,3874 2942,3873 2603,3873 2602,3872 2601,3872 2599,3871 2599,3870 2599,3869 2395,3869 2393,3871 2393,3872 2393,3872 2392,3872 2391,3873 2373,3873 2372,3872 2371,3872 2370,3872 2370,3871 2369,3869 2176,3869 2175,3870 2175,3876 2175,3876 2165,3876 2164,3876 2164,3875 2163,3873 2100,3873 2097,3871 2097,3870 2097,3869 1904,3869 1903,3870 1903,3922 1902,3923 1862,3923 1860,3922 1860,3921 1860,3920 1859,3920 1856,3918 1856,3870 1856,3869 1655,3869 1654,3870 1654,3871 1653,3872 1652,3872 1651,3873 1645,3873 1644,3872 1643,3872 1642,3872 1642,3871 1641,3869 1491,3869 1490,3870 1490,3915 1490,3915 1489,3915 1488,3916 1370,3916 1369,3917 1369,3919 1369,3919 1368,3919 1365,3922 1365,3923 1365,3923 1359,3923 1358,3923 1358,3922 1356,3919 1328,3919 1327,3919 1327,3918 1326,3917 1326,3877 1326,3876 1169,3876 1167,3878 1167,3879 1166,3880 1012,3880 1011,3881 1011,3887 1010,3888 1009,3888 1007,3890 1007,3895 1006,3896 1005,3896 1004,3897 1004,3898 1002,3900 1001,3900 1000,3901 1000,3902 998,3904 993,3904 992,3905 992,3906 990,3908 989,3908 988,3909 988,3914 987,3915 982,3915 980,3914 980,3909 980,3908 975,3908 972,3906 972,3881 972,3880 873,3880 871,3879 871,3878 871,3877 670,3877 669,3878 669,3879 668,3880 662,3880 661,3880 661,3879 659,3876 553,3876 552,3876 552,3875 551,3874 551,3873 550,3873 548,3872 548,3808 550,3806 551,3806 552,3805 552,3804 554,3802 559,3802 559,3802 559,3794 560,3793 560,3792 561,3791 562,3791 563,3790 563,3778 566,3775 567,3775 567,3775 567,3766 570,3763 571,3763 571,3763 571,3762 574,3759 575,3759 575,3759 575,3758 578,3755 579,3755 579,3755 579,3754 581,3752 582,3752 583,3751 583,3746 585,3744 590,3744 591,3743 591,3742 593,3740 594,3740 594,3740 594,3739 597,3736 609,3736 610,3738 610,3739 612,3740 617,3740 618,3742 618,3743 619,3743 620,3744 621,3744 622,3746 622,3795 623,3795 788,3795 789,3794 789,3793 791,3791 792,3791 793,3790 793,3789 795,3787 796,3787 797,3786 797,3785 799,3783 800,3783 801,3784 801,3785 801,3786 803,3787 804,3787 805,3789 805,3790 807,3791 878,3791 879,3793 879,3794 881,3795 890,3795 890,3796 890,3797 893,3799 894,3799 894,3800 894,3801 896,3802 897,3802 898,3804 898,3805 900,3806 901,3806 902,3808 902,3809 904,3810 905,3810 906,3812 906,3817 908,3818 909,3818 910,3820 910,3845 911,3845 1120,3845 1120,3845 1120,3832 1123,3829 1124,3829 1124,3829 1124,3828 1126,3826 1127,3826 1127,3826 1128,3825 1128,3824 1130,3822 1131,3822 1132,3821 1132,3777 1134,3775 1135,3775 1136,3774 1136,3769 1138,3767 1139,3767 1139,3767 1140,3766 1140,3765 1142,3763 1147,3763 1147,3763 1147,3762 1149,3760 1150,3760 1151,3759 1161,3759 1163,3762 1163,3763 1164,3763 1173,3763 1175,3766 1175,3767 1176,3767 1177,3767 1179,3770 1179,3771 1180,3771 1185,3771 1186,3773 1186,3778 1188,3779 1189,3779 1190,3781 1190,3787 1191,3787 1365,3787 1365,3787 1365,3762 1367,3760 1368,3760 1368,3760 1369,3759 1369,3758 1371,3756 1372,3756 1372,3756 1373,3755 1373,3754 1375,3752 1384,3752 1385,3754 1385,3755 1387,3756 1388,3756 1389,3758 1389,3787 1390,3787 1450,3787 1451,3789 1451,3790 1453,3791 1707,3791 1708,3790 1708,3789 1710,3787 2315,3787 2315,3787 2315,3743 2316,3742 2316,3741 2317,3740 2318,3740 2320,3738 2320,3737 2321,3736 2326,3736 2327,3735 2327,3734 2328,3733 2338,3733 2339,3735 2339,3736 2340,3736 2341,3736 2343,3739 2343,3787 2344,3787 2524,3787 2525,3786 2525,3778 2528,3775 2529,3775 2529,3775 2529,3766 2532,3763 2533,3763 2533,3763 2533,3754 2535,3752 2536,3752 2537,3751 2537,3750 2539,3748 2540,3748 2540,3748 2541,3747 2541,3746 2543,3744 2544,3744 2544,3744 2545,3743 2545,3742 2547,3740 2552,3740 2553,3739 2553,3738 2555,3736 2560,3736 2560,3736 2560,3735 2563,3732 2575,3732 2576,3734 2576,3735 2578,3736 2579,3736 2580,3738 2580,3739 2582,3740 2583,3740 2584,3742 2584,3747 2586,3748 2587,3748 2588,3750 2588,3791 2589,3791 2726,3791 2727,3790 2728,3790 2728,3790 2728,3789 2730,3787 2735,3787 2735,3787 2735,3786 2738,3783 2782,3783 2782,3783 2782,3747 2783,3746 2783,3745 2784,3744 2785,3744 2787,3742 2787,3741 2788,3740 2805,3740 2806,3742 2806,3743 2808,3744 2809,3744 2810,3746 2810,3791 2811,3791 2883,3791 2884,3793 2884,3794 2886,3795 2891,3795 2891,3796 2891,3797 2892,3798 2892,3845 2893,3845 3078,3845 3078,3845 3078,3805 3081,3802 3082,3802 3082,3802 3082,3801 3085,3798 3086,3798 3086,3798 3086,3797 3088,3795 3096,3795 3098,3793 3098,3792 3099,3791 3101,3791 3102,3793 3102,3794 3104,3795 3273,3795 3273,3795 3273,3746 3275,3744 3280,3744 3281,3746 3281,3795 3282,3795 3468,3795 3468,3795 3468,3749 3469,3748 3470,3748 3472,3746 3472,3745 3473,3744 3478,3744 3480,3742 3480,3741 3481,3740 3486,3740 3487,3742 3487,3743 3489,3744 3494,3744 3495,3746 3495,3798 3496,3798 3678,3798 3678,3798 3678,3796 3679,3795 3680,3795 3681,3794 3682,3793 3682,3792 3683,3791 3694,3791 3695,3790 3825,3790 3826,3789 3826,3788 3827,3787 3833,3787 3833,3788 3833,3789 3834,3790 3834,3793 3832,3795 3820,3795 3818,3797 3818,3798 3818,3798 3817,3798 3816,3799 3589,3799 3588,3800 3588,3876 3588,3876 3587,3876 3584,3879 3584,3880 3584,3880 3181,3880 3180,3881 3180,3882 3179,3883 3179,3884 3179,3884 3107,3884 3106,3885 3106,3921 3105,3922 3105,3923 3105,3923 3100,3923 3098,3925 3098,3926 3097,3927"/><TextEquiv index="1"><Unicode>faute, &amp; je ne pouvois ſortir, pour la</Unicode></TextEquiv></TextLine><TextLine id="r0_l017"><Coords points="3607,4126 3606,4125 3605,4125 3604,4125 3604,4119 3604,4118 1360,4118 1195,4118 1194,4119 1194,4121 1193,4122 1168,4122 1167,4123 1167,4124 1165,4126 1158,4126 1155,4124 1155,4123 1155,4122 1154,4122 1151,4120 1151,4103 1151,4102 1060,4102 1058,4101 1058,4080 1058,4079 818,4079 817,4079 817,4078 816,4077 816,4076 816,4075 628,4075 626,4074 626,4073 625,4071 554,4071 552,4070 552,4069 551,4067 550,4067 548,4066 548,3995 550,3993 559,3993 559,3993 559,3992 562,3989 567,3989 567,3989 567,3972 569,3970 570,3970 571,3969 571,3964 573,3962 574,3962 575,3961 575,3956 576,3955 577,3955 579,3953 579,3952 580,3951 581,3951 583,3949 583,3948 584,3947 585,3947 587,3945 587,3944 588,3943 589,3943 591,3941 591,3940 592,3939 593,3939 595,3937 595,3936 596,3935 1539,3935 1541,3933 1541,3932 1542,3931 1547,3931 1549,3929 1549,3928 1550,3927 2556,3927 2556,3928 2556,3929 2559,3931 2564,3931 2564,3932 2564,3933 2567,3935 3346,3935 3347,3937 3347,3938 3349,3939 3354,3939 3355,3941 3355,3989 3356,3989 3564,3989 3565,3991 3565,3992 3567,3993 3579,3993 3581,3996 3581,3997 3582,3997 3583,3997 3588,4003 3588,4008 3587,4009 3586,4009 3585,4010 3585,4057 3584,4058 3584,4059 3584,4059 3583,4059 3580,4062 3580,4063 3580,4063 3579,4063 3576,4066 3576,4067 3576,4067 3575,4067 3573,4069 3573,4070 3572,4071 3571,4071 3569,4073 3569,4074 3568,4075 3480,4075 3479,4076 3479,4114 3479,4114 2052,4114 2051,4115 2051,4116 2050,4117 2051,4117 3613,4117 3614,4118 3615,4118 3616,4120 3614,4122 3613,4122 3612,4123 3612,4124 3610,4126"/><TextEquiv index="1"><Unicode>ſauver, pour lui rendre juſtice. C'eſt alors</Unicode></TextEquiv></TextLine><TextLine id="r0_l018"><Coords points="951,4321 950,4321 950,4317 950,4316 612,4316 610,4315 610,4314 609,4312 604,4312 602,4311 602,4263 602,4262 585,4262 583,4261 583,4260 582,4258 569,4258 568,4258 568,4257 568,4256 562,4250 561,4250 560,4250 560,4245 558,4242 557,4242 556,4242 556,4237 554,4234 553,4234 552,4234 552,4221 554,4219 555,4219 556,4218 556,4209 558,4207 559,4207 560,4206 560,4201 562,4199 563,4199 563,4199 564,4198 564,4197 565,4196 570,4196 571,4195 571,4194 573,4192 574,4192 575,4191 575,4190 577,4188 586,4188 587,4187 587,4186 589,4184 773,4184 773,4184 773,4183 776,4180 1368,4180 1370,4178 1370,4177 1371,4176 1400,4176 1400,4176 1400,4128 1402,4126 1403,4126 1404,4125 1493,4125 1494,4124 1494,4123 1495,4122 2066,4122 2066,4123 2066,4124 2069,4126 2070,4126 2070,4127 2070,4129 2071,4129 3170,4129 3172,4132 3172,4133 3173,4133 3439,4133 3441,4136 3441,4184 3442,4184 3517,4184 3521,4188 3564,4188 3565,4190 3565,4191 3567,4192 3568,4192 3569,4194 3569,4195 3570,4195 3571,4195 3573,4198 3573,4249 3579,4254 3584,4254 3584,4255 3584,4256 3587,4258 3588,4258 3588,4259 3588,4261 3587,4262 3586,4262 3584,4264 3584,4265 3583,4266 3562,4266 3561,4267 3561,4320 3561,4320 1250,4320 1249,4320 1249,4319 1247,4316 953,4316 952,4317 952,4321 952,4321"/><TextEquiv index="1"><Unicode>que ma priſon devint, pour moi, un</Unicode></TextEquiv></TextLine><TextLine id="r0_l019"><Coords points="3554,4517 3553,4517 3553,4514 3553,4513 2527,4513 2526,4513 2526,4512 2526,4511 710,4511 706,4507 705,4507 704,4507 704,4466 704,4465 661,4465 660,4464 658,4464 657,4464 657,4462 657,4461 564,4461 563,4460 561,4460 560,4460 560,4459 558,4456 557,4456 556,4456 556,4407 556,4406 336,4406 334,4405 334,4403 335,4402 556,4402 556,4402 556,4384 558,4382 563,4382 563,4382 563,4381 565,4379 566,4379 567,4378 571,4378 571,4378 571,4373 573,4371 574,4371 575,4370 575,4357 577,4355 578,4355 579,4354 579,4349 580,4348 581,4348 583,4346 583,4342 601,4324 897,4324 899,4322 899,4321 900,4320 1626,4320 1626,4320 1626,4319 1629,4316 2781,4316 2783,4318 2899,4318 2899,4319 2899,4320 2900,4320 3007,4320 3008,4322 3008,4323 3010,4324 3326,4324 3330,4328 3331,4328 3331,4329 3331,4378 3332,4378 3524,4378 3530,4385 3530,4406 3531,4406 3588,4406 3588,4407 3588,4408 3591,4410 3592,4410 3592,4411 3592,4429 3592,4429 3587,4429 3584,4432 3584,4433 3584,4433 3562,4433 3561,4434 3561,4517 3561,4517"/><TextEquiv index="1"><Unicode>ſupplice; j'étois ſur un gril, ſur les char-</Unicode></TextEquiv></TextLine><TextLine id="r0_l020"><Coords points="2812,4698 2810,4697 2810,4696 2809,4694 2060,4694 2059,4694 2059,4693 2057,4690 2056,4690 2055,4690 2055,4689 2054,4688 2054,4687 2054,4686 1772,4686 1770,4685 1770,4671 1770,4670 1740,4670 1739,4670 1739,4669 1738,4667 791,4667 789,4666 789,4656 789,4655 690,4655 688,4654 688,4653 687,4651 565,4651 564,4651 564,4650 562,4647 561,4647 560,4647 560,4645 559,4644 559,4559 559,4558 188,4558 186,4557 186,4556 185,4555 185,4551 186,4550 186,4524 188,4522 555,4522 556,4521 556,4520 557,4519 558,4519 560,4517 560,4516 561,4515 1193,4515 1194,4514 1194,4513 1196,4511 1641,4511 1642,4510 1642,4509 1644,4507 1649,4507 1649,4508 1649,4509 1651,4510 2257,4510 2258,4511 2455,4511 2455,4512 2455,4513 2456,4513 2545,4513 2545,4514 2545,4515 2546,4515 3120,4515 3122,4517 3561,4517 3561,4518 3561,4577 3562,4577 3564,4577 3565,4579 3565,4580 3567,4581 3568,4581 3569,4583 3569,4584 3571,4585 3572,4585 3573,4587 3573,4592 3575,4593 3576,4593 3577,4595 3577,4600 3578,4600 3579,4600 3581,4603 3581,4606 3580,4607 3580,4608 3580,4608 3579,4608 3577,4610 3577,4638 3576,4639 3575,4639 3573,4641 3573,4642 3572,4643 3571,4643 3569,4645 3569,4646 3568,4647 3567,4647 3565,4649 3565,4650 3564,4651 3551,4651 3550,4652 3550,4653 3548,4655 3543,4655 3542,4656 3542,4657 3540,4659 3200,4659 3199,4660 3199,4682 3199,4682 3198,4682 3197,4683 3196,4683 3195,4684 3195,4685 3194,4686 2863,4686 2859,4690 2858,4690 2857,4691 2857,4692 2855,4694 2850,4694 2849,4695 2849,4696 2847,4698"/><TextEquiv index="1"><Unicode>bons ardens. Je voyois l'image déſolée</Unicode></TextEquiv></TextLine><TextLine id="r0_l021"><Coords points="2955,4904 2954,4904 2954,4899 2954,4898 1234,4898 1233,4898 1233,4870 1233,4869 667,4869 661,4864 661,4860 659,4857 658,4857 657,4857 657,4851 657,4850 628,4850 626,4849 626,4848 625,4846 624,4846 622,4845 622,4843 622,4842 581,4842 579,4841 579,4840 578,4838 577,4838 575,4837 575,4836 574,4834 573,4834 571,4833 571,4832 570,4830 569,4830 567,4829 567,4824 566,4822 565,4822 564,4822 564,4821 563,4820 563,4808 563,4807 196,4807 193,4805 193,4804 193,4803 192,4803 190,4802 190,4773 191,4772 192,4772 194,4770 194,4769 195,4768 200,4768 202,4766 202,4765 203,4764 606,4764 606,4764 606,4716 609,4713 614,4713 614,4713 614,4712 617,4709 1432,4709 1432,4709 1432,4707 1433,4706 1434,4706 1435,4705 1716,4705 1716,4705 1716,4703 1717,4702 1722,4702 1724,4700 1724,4699 1725,4698 2350,4698 2350,4699 2350,4700 2353,4702 2358,4702 2358,4703 2358,4704 2361,4706 3195,4706 3195,4707 3195,4708 3197,4709 3201,4709 3207,4716 3207,4764 3208,4764 3564,4764 3565,4766 3565,4767 3567,4768 3576,4768 3576,4769 3576,4770 3579,4772 3580,4772 3580,4773 3580,4774 3583,4776 3584,4776 3584,4777 3584,4778 3587,4780 3588,4780 3588,4781 3588,4782 3591,4784 3592,4784 3592,4785 3592,4786 3594,4787 3595,4787 3596,4789 3596,4802 3595,4803 3594,4803 3592,4805 3592,4833 3591,4834 3590,4834 3589,4835 3589,4836 3587,4838 3586,4838 3585,4839 3585,4840 3583,4842 3582,4842 3581,4843 3581,4844 3579,4846 3574,4846 3573,4847 3573,4848 3571,4850 3079,4850 3078,4851 3078,4884 3077,4885 3076,4885 3074,4887 3074,4888 3073,4889 3072,4889 3071,4890 3071,4891 3070,4892 3069,4892 3068,4893 3064,4893 3063,4894 3063,4895 3062,4896 2982,4896 2981,4897 2981,4904 2981,4904"/><TextEquiv index="1"><Unicode>de cette adorable perſonne, qui me</Unicode></TextEquiv></TextLine><TextLine id="r0_l022"><Coords points="2518,5106 2518,5094 2518,5093 2495,5093 2494,5093 2494,5034 2494,5033 2344,5033 2343,5034 2343,5035 2343,5035 2342,5036 2341,5036 2340,5037 2176,5037 2175,5038 2175,5047 2174,5048 2173,5048 2171,5050 2171,5055 2170,5056 2162,5056 2160,5055 2160,5054 2159,5053 2159,5034 2159,5033 1858,5033 1854,5037 1851,5037 1848,5035 1848,5034 1848,5033 1554,5033 1552,5035 1552,5036 1552,5036 1551,5036 1550,5037 1518,5037 1517,5038 1517,5040 1517,5040 1511,5040 1510,5041 1508,5041 1507,5041 1506,5040 1506,5038 1506,5037 759,5037 758,5038 758,5087 758,5087 757,5087 753,5091 733,5091 731,5093 731,5094 730,5095 729,5095 727,5094 727,5093 727,5092 726,5091 725,5091 723,5090 723,5061 723,5060 643,5060 642,5060 642,5059 641,5058 641,5045 641,5044 577,5044 575,5043 575,5042 575,5041 574,5041 571,5039 571,5038 571,5037 567,5037 566,5036 565,5036 563,5035 563,5032 564,5031 564,5030 565,5029 566,5029 567,5028 567,4965 570,4962 575,4962 575,4962 575,4961 576,4960 577,4959 578,4959 579,4958 586,4958 587,4957 587,4956 588,4955 1027,4955 1027,4955 1027,4948 1028,4947 1029,4947 1033,4943 1038,4943 1038,4943 1038,4911 1039,4910 1039,4909 1040,4908 1045,4908 1046,4907 1046,4906 1048,4904 1228,4904 1234,4898 1245,4898 1249,4903 1249,4947 1250,4947 1451,4947 1451,4947 1451,4906 1453,4904 1454,4904 1455,4903 1455,4902 1457,4900 1657,4900 1657,4900 1657,4899 1660,4896 1675,4896 1679,4900 1718,4900 1728,4911 1728,4951 1729,4951 2000,4951 2000,4951 2000,4902 2002,4900 2003,4900 2004,4899 2004,4895 2005,4894 2016,4894 2016,4895 2016,4896 2017,4896 2053,4896 2055,4899 2055,4943 2056,4943 2190,4943 2191,4945 2191,4951 2192,4951 2633,4951 2635,4949 2635,4940 2636,4939 2637,4939 2638,4938 2638,4930 2641,4927 2642,4927 2642,4927 2642,4918 2644,4916 2645,4916 2646,4915 2646,4906 2648,4904 2649,4904 2649,4904 2650,4903 2650,4902 2652,4900 2664,4900 2668,4904 2669,4904 2669,4905 2669,4906 2670,4907 2670,4951 2671,4951 2735,4951 2736,4953 2736,4954 2738,4955 2739,4955 2740,4957 2740,4958 2742,4959 2933,4959 2934,4958 2934,4957 2936,4955 2954,4955 2954,4955 2954,4905 2955,4904 3167,4904 3168,4906 3168,4908 3169,4908 3202,4908 3203,4910 3203,4911 3204,4911 3205,4912 3206,4912 3207,4914 3207,4915 3208,4915 3209,4916 3210,4916 3211,4918 3211,4958 3212,4958 3263,4958 3264,4959 3265,4959 3265,4960 3265,4961 3267,4962 3490,4962 3491,4961 3491,4914 3493,4912 3494,4912 3495,4911 3495,4910 3497,4908 3498,4908 3499,4907 3499,4906 3501,4904 3505,4904 3507,4907 3507,4908 3508,4908 3514,4908 3514,4909 3514,4958 3515,4958 3555,4958 3556,4959 3588,4959 3588,4960 3588,4961 3590,4962 3594,4962 3595,4963 3596,4963 3596,4964 3596,4965 3599,4967 3600,4967 3600,4968 3600,4973 3599,4974 3598,4974 3596,4976 3596,4977 3595,4978 3590,4978 3589,4979 3589,4980 3588,4981 3588,5036 3587,5037 3586,5037 3584,5039 3584,5040 3584,5040 3435,5040 3433,5042 3433,5043 3432,5044 3240,5044 3238,5043 3238,5042 3238,5041 3237,5041 3236,5040 3232,5040 3230,5039 3230,5038 3230,5037 3049,5037 3047,5039 3047,5040 3047,5040 3029,5040 3028,5040 3028,5039 3027,5037 2846,5037 2845,5038 2845,5047 2844,5048 2843,5048 2841,5050 2841,5055 2840,5056 2839,5056 2837,5058 2837,5063 2836,5064 2827,5064 2825,5066 2825,5067 2825,5067 2824,5068 2823,5068 2821,5070 2821,5075 2821,5075 2820,5075 2819,5076 2817,5076 2816,5075 2815,5075 2814,5075 2814,5074 2812,5071 2811,5071 2810,5071 2810,5070 2808,5067 2807,5067 2806,5067 2806,5066 2805,5064 2804,5064 2802,5063 2802,5038 2802,5037 2566,5037 2565,5038 2565,5089 2564,5090 2564,5091 2564,5091 2527,5091 2526,5092 2526,5101 2524,5103 2523,5103 2522,5104 2522,5105 2520,5107"/><TextEquiv index="1"><Unicode>reprochoit de l'avoir trompée, de l'avoir</Unicode></TextEquiv></TextLine><TextLine id="r0_l023"><Coords points="3319,5290 3318,5289 3317,5289 3316,5289 3316,5288 3316,5287 3314,5285 3313,5285 3312,5285 3312,5260 3312,5259 2101,5259 2100,5258 2099,5258 2097,5257 2097,5256 2097,5255 2093,5255 2092,5254 2091,5254 2090,5254 2090,5253 2089,5252 2089,5248 2089,5247 716,5247 715,5248 715,5289 715,5289 701,5289 700,5289 700,5236 700,5235 643,5235 641,5234 641,5232 641,5231 596,5231 595,5231 595,5230 593,5227 585,5227 583,5226 583,5225 583,5224 582,5224 581,5223 573,5223 571,5222 571,5221 571,5220 570,5220 567,5218 567,5185 567,5184 214,5184 213,5184 213,5178 214,5177 567,5177 567,5177 567,5155 567,5154 454,5154 453,5153 452,5153 451,5153 451,5151 453,5149 875,5149 875,5149 875,5104 876,5103 877,5103 879,5101 879,5100 880,5099 1021,5099 1025,5095 2261,5095 2261,5095 2261,5093 2263,5091 2420,5091 2420,5092 2420,5093 2421,5093 2506,5093 2506,5094 2506,5095 2507,5095 3120,5095 3121,5097 3121,5098 3123,5099 3432,5099 3433,5101 3433,5102 3435,5103 3436,5103 3436,5104 3436,5105 3437,5106 3437,5153 3438,5153 3583,5153 3585,5156 3585,5157 3586,5157 3591,5157 3592,5159 3592,5160 3594,5161 3595,5161 3596,5163 3596,5164 3598,5165 3599,5165 3600,5167 3600,5180 3600,5180 3599,5180 3596,5183 3596,5226 3587,5235 3582,5235 3581,5236 3581,5237 3579,5239 3485,5239 3484,5240 3484,5279 3483,5280 3483,5281 3482,5282 3360,5282 3359,5283 3359,5288 3357,5290"/><TextEquiv index="1"><Unicode>conduite à la mort, à la mort la plus</Unicode></TextEquiv></TextLine><TextLine id="r0_l024"><Coords points="1994,5481 1993,5481 1993,5427 1993,5426 1947,5426 1946,5427 1946,5431 1945,5432 1945,5433 1944,5434 1936,5434 1934,5433 1934,5423 1934,5422 1729,5422 1728,5423 1728,5424 1726,5426 1254,5426 1253,5427 1253,5428 1251,5430 1008,5430 1007,5431 1007,5476 1007,5476 1005,5476 1004,5477 1003,5476 1001,5476 1000,5476 1000,5475 999,5474 999,5431 999,5430 986,5430 984,5429 984,5428 983,5426 566,5426 563,5424 563,5417 564,5416 564,5355 563,5354 563,5351 564,5350 564,5349 565,5348 570,5348 571,5347 571,5346 573,5344 575,5344 575,5344 575,5299 576,5298 577,5298 579,5296 579,5295 580,5294 581,5294 582,5293 700,5293 700,5293 700,5290 701,5289 812,5289 812,5289 812,5288 814,5286 816,5286 817,5288 817,5289 819,5290 820,5290 820,5291 820,5292 821,5293 822,5293 823,5293 824,5295 824,5304 826,5305 827,5305 828,5307 828,5316 829,5316 830,5316 836,5323 836,5344 837,5344 1026,5344 1027,5343 1027,5342 1029,5340 1175,5340 1175,5340 1175,5338 1177,5336 1178,5336 1179,5335 1179,5330 1181,5328 1182,5328 1182,5328 1182,5327 1184,5325 1185,5325 1186,5324 1186,5319 1188,5317 1189,5317 1190,5316 1190,5307 1192,5305 1193,5305 1194,5304 1194,5303 1196,5301 1201,5301 1202,5300 1202,5299 1204,5297 1217,5297 1217,5297 1217,5296 1220,5293 1229,5293 1229,5293 1229,5292 1232,5289 1384,5289 1385,5288 1385,5287 1386,5286 1388,5286 1389,5285 1540,5285 1541,5284 1541,5283 1542,5282 1548,5282 1548,5283 1548,5284 1551,5286 1556,5286 1556,5287 1556,5288 1559,5290 1560,5290 1560,5291 1560,5336 1561,5336 1621,5336 1623,5339 1623,5340 1624,5340 1840,5340 1840,5340 1840,5292 1843,5289 1848,5289 1848,5289 1848,5288 1850,5286 1851,5286 1852,5285 1853,5286 1871,5286 1871,5287 1871,5288 1872,5289 1872,5340 1873,5340 2132,5340 2132,5340 2132,5292 2135,5289 2272,5289 2273,5288 2273,5287 2274,5286 2275,5286 2276,5285 2277,5286 2463,5286 2463,5287 2463,5288 2465,5289 2469,5289 2470,5290 2471,5290 2471,5291 2471,5293 2472,5293 2508,5293 2509,5294 2510,5294 2510,5295 2510,5296 2520,5305 2521,5305 2521,5306 2521,5307 2522,5308 2522,5340 2523,5340 2716,5340 2716,5340 2716,5331 2719,5328 2720,5328 2720,5328 2720,5323 2723,5320 2724,5320 2724,5320 2724,5315 2726,5313 2727,5313 2728,5312 2728,5307 2730,5305 2731,5305 2732,5304 2732,5303 2734,5301 2735,5301 2736,5300 2736,5299 2738,5297 2739,5297 2740,5296 2740,5295 2742,5293 2743,5293 2744,5292 2744,5291 2746,5289 2751,5289 2751,5289 2751,5288 2753,5286 2754,5286 2755,5285 2780,5285 2781,5286 2782,5286 2782,5287 2782,5288 2785,5290 2786,5290 2786,5291 2786,5292 2788,5293 2789,5293 2790,5295 2790,5340 2791,5340 2902,5340 2903,5342 2903,5343 2905,5344 2910,5344 2911,5346 2911,5356 2912,5356 3092,5356 3093,5355 3094,5355 3094,5355 3094,5354 3096,5352 3100,5352 3102,5350 3102,5349 3103,5348 3117,5348 3117,5348 3117,5296 3120,5293 3143,5293 3145,5296 3145,5297 3146,5297 3147,5297 3148,5299 3148,5300 3149,5301 3149,5344 3150,5344 3361,5344 3365,5340 3369,5340 3371,5343 3371,5344 3372,5344 3471,5344 3471,5344 3471,5300 3474,5297 3482,5297 3483,5299 3483,5347 3485,5348 3588,5348 3588,5349 3588,5350 3592,5354 3592,5414 3593,5414 3599,5414 3600,5416 3600,5417 3602,5418 3603,5418 3604,5420 3604,5433 3604,5433 3603,5433 3602,5434 3590,5434 3588,5436 3588,5437 3588,5437 3585,5437 3584,5438 3584,5445 3584,5445 3570,5445 3569,5445 3569,5435 3569,5434 3330,5434 3327,5432 3327,5431 3327,5430 3009,5430 3008,5431 3008,5441 3008,5441 3007,5441 3004,5444 3004,5445 3004,5445 3003,5445 3000,5448 3000,5449 3000,5449 2995,5449 2992,5452 2992,5453 2992,5453 2987,5453 2985,5455 2985,5456 2984,5457 2971,5457 2970,5458 2970,5459 2968,5461 2967,5461 2966,5461 2966,5460 2965,5459 2965,5458 2965,5457 2956,5457 2954,5456 2954,5455 2953,5453 2952,5453 2950,5452 2950,5431 2950,5430 2679,5430 2678,5431 2678,5434 2677,5435 2677,5437 2677,5437 2676,5437 2675,5438 2671,5438 2670,5439 2670,5440 2669,5441 2667,5441 2666,5441 2666,5440 2665,5438 2664,5438 2662,5437 2662,5431 2662,5430 2559,5430 2557,5429 2557,5428 2556,5426 2220,5426 2218,5428 2218,5429 2218,5429 2217,5429 2216,5430 2207,5430 2206,5431 2206,5452 2205,5453 2200,5453 2199,5453 2199,5452 2198,5451 2198,5427 2198,5426 2003,5426 2002,5427 2002,5481 2002,5481"/><TextEquiv index="1"><Unicode>infâme. O Dieu du ciel! l'enfer, dont tu</Unicode></TextEquiv></TextLine><TextLine id="r0_l025"><Coords points="3353,5683 3351,5682 3351,5681 3351,5680 2695,5680 2694,5679 2193,5679 2191,5678 2191,5677 2190,5675 1593,5675 1591,5674 1591,5665 1591,5664 630,5664 629,5663 627,5663 626,5663 626,5625 626,5624 573,5624 571,5623 571,5622 570,5620 569,5620 567,5619 567,5611 569,5609 570,5609 571,5608 571,5575 571,5574 204,5574 201,5572 201,5564 200,5563 200,5556 201,5555 571,5555 571,5555 571,5549 574,5546 579,5546 579,5546 579,5545 582,5542 594,5542 594,5542 594,5541 596,5539 1107,5539 1109,5537 1109,5536 1110,5535 1202,5535 1202,5535 1202,5529 1204,5527 1205,5527 1206,5526 1206,5525 1208,5523 1808,5523 1809,5522 1809,5514 1812,5511 1813,5511 1813,5511 1813,5506 1816,5503 1817,5503 1817,5503 1817,5498 1819,5496 1824,5496 1825,5495 1825,5494 1827,5492 1828,5492 1828,5492 1828,5491 1831,5488 1832,5488 1832,5488 1832,5487 1835,5484 1987,5484 1991,5480 2723,5480 2724,5482 2724,5483 2726,5484 2742,5484 2744,5487 2744,5488 2745,5488 3311,5488 3312,5490 3312,5491 3314,5492 3327,5492 3327,5493 3327,5494 3330,5496 3401,5496 3401,5497 3401,5498 3404,5500 3409,5500 3409,5501 3409,5510 3412,5512 3413,5512 3413,5513 3413,5523 3414,5523 3439,5523 3443,5527 3444,5527 3444,5528 3444,5542 3445,5542 3532,5542 3534,5545 3534,5546 3535,5546 3579,5546 3581,5549 3581,5550 3582,5550 3583,5550 3585,5553 3585,5554 3586,5554 3587,5554 3588,5556 3588,5561 3590,5562 3591,5562 3592,5564 3592,5613 3593,5613 3599,5613 3600,5615 3600,5616 3601,5616 3602,5616 3604,5619 3604,5623 3602,5625 3601,5625 3600,5626 3600,5627 3599,5628 3489,5628 3487,5630 3487,5631 3486,5632 3375,5632 3374,5633 3374,5682 3373,5683"/><TextEquiv index="1"><Unicode>nous menaces, eſt-il plus affreux? D'un</Unicode></TextEquiv></TextLine><TextLine id="r0_l026"><Coords points="2085,5874 2084,5873 2013,5873 2012,5873 2012,5867 2012,5866 1411,5866 1408,5864 1408,5863 1408,5862 1371,5862 1369,5861 1369,5836 1369,5835 1064,5835 1062,5834 1062,5820 1062,5819 636,5819 632,5815 585,5815 583,5814 583,5805 583,5804 582,5804 579,5802 579,5755 581,5753 582,5753 583,5752 583,5751 584,5750 584,5749 207,5749 206,5749 206,5746 207,5745 594,5745 594,5745 594,5744 597,5741 602,5741 602,5741 602,5740 605,5737 718,5737 722,5733 757,5733 761,5729 898,5729 898,5729 898,5708 900,5706 1108,5706 1108,5706 1108,5705 1111,5702 1112,5702 1112,5702 1112,5697 1115,5694 1116,5694 1116,5694 1116,5689 1119,5686 1120,5686 1120,5686 1120,5681 1122,5679 2353,5679 2354,5678 2354,5677 2356,5675 2365,5675 2366,5677 2366,5678 2368,5679 3128,5679 3129,5681 3129,5682 3131,5683 3510,5683 3510,5684 3510,5685 3512,5687 3513,5687 3514,5687 3514,5688 3514,5741 3515,5741 3579,5741 3581,5744 3581,5745 3582,5745 3587,5745 3600,5759 3600,5767 3603,5769 3604,5769 3604,5770 3604,5779 3603,5780 3602,5780 3600,5782 3600,5810 3599,5811 3598,5811 3596,5813 3596,5814 3595,5815 3594,5815 3592,5817 3592,5818 3591,5819 3586,5819 3585,5820 3585,5821 3583,5823 3578,5823 3577,5824 3577,5825 3575,5827 2885,5827 2884,5828 2884,5829 2882,5831 2881,5831 2880,5832 2880,5833 2878,5835 2118,5835 2117,5836 2117,5869 2116,5870 2107,5870 2105,5872 2105,5873 2105,5873 2104,5873 2103,5874"/><TextEquiv index="1"><Unicode>autre côté je me repréſentois le ſort de</Unicode></TextEquiv></TextLine><TextLine id="r0_l027"><Coords points="2309,6072 2308,6072 2308,6069 2308,6068 1642,6068 1641,6068 1641,6065 1641,6064 1188,6064 1186,6063 1186,6062 1186,6061 1185,6060 1184,6060 1183,6060 1183,6059 1182,6058 1182,6046 1182,6045 1072,6045 1069,6043 1069,6042 1069,6041 1068,6041 1066,6040 1066,6015 1066,6014 578,6014 577,6013 576,6013 575,6013 575,5983 575,5982 218,5982 217,5982 217,5969 216,5967 215,5967 213,5966 213,5957 215,5955 575,5955 575,5955 575,5883 577,5881 1567,5881 1568,5880 1568,5879 1570,5877 2013,5877 2013,5877 2013,5874 2014,5873 2022,5873 2022,5874 2022,5877 2023,5877 2201,5877 2202,5879 2202,5880 2204,5881 3498,5881 3498,5882 3498,5883 3503,5888 3503,5924 3504,5924 3619,5924 3619,5925 3619,5926 3620,5927 3620,5933 3619,5934 3619,5935 3618,5936 3617,5936 3616,5937 3616,5950 3615,5951 3609,5951 3608,5952 3608,6016 3606,6018 3605,6018 3604,6019 3604,6036 3603,6037 3602,6037 3600,6039 3600,6040 3599,6041 3594,6041 3592,6043 3592,6044 3591,6045 3590,6045 3589,6046 3588,6047 3588,6048 3587,6049 3586,6049 3585,6050 3584,6051 3584,6052 3583,6053 2523,6053 2522,6054 2522,6063 2521,6064 2316,6064 2315,6065 2315,6072 2315,6072"/><TextEquiv index="1"><Unicode>Laure, peut-être enterrée, comme moi,</Unicode></TextEquiv></TextLine><TextLine id="r0_l028"><Coords points="663,6263 661,6262 661,6257 660,6255 659,6255 657,6254 657,6209 657,6208 647,6208 645,6207 645,6206 644,6204 608,6204 606,6203 606,6202 606,6201 598,6201 597,6200 596,6200 595,6200 595,6199 593,6196 592,6196 591,6196 591,6191 590,6189 589,6189 587,6188 587,6187 586,6185 585,6185 583,6184 583,6171 583,6170 582,6170 579,6168 579,6164 582,6161 583,6161 583,6161 583,6152 585,6150 586,6150 587,6149 587,6144 588,6143 588,6142 211,6142 209,6141 209,6136 211,6134 602,6134 602,6134 602,6133 605,6130 614,6130 614,6130 614,6129 617,6126 626,6126 626,6126 626,6077 627,6076 628,6076 632,6072 987,6072 988,6071 988,6070 990,6068 2054,6068 2054,6069 2054,6070 2055,6071 2055,6072 2056,6072 2275,6072 2279,6076 3549,6076 3549,6077 3549,6078 3552,6080 3556,6080 3561,6086 3561,6161 3562,6161 3602,6161 3604,6164 3604,6165 3605,6165 3606,6165 3608,6168 3608,6172 3607,6173 3606,6173 3604,6175 3604,6176 3603,6177 3594,6177 3592,6179 3592,6180 3591,6181 3559,6181 3557,6183 3557,6184 3556,6185 3531,6185 3530,6186 3530,6211 3529,6212 3509,6212 3506,6215 3506,6216 3506,6216 3496,6216 3495,6217 3495,6230 3491,6234 3491,6235 3491,6235 2906,6235 2905,6236 2901,6236 2899,6238 2899,6239 2899,6239 2898,6239 2895,6242 2895,6243 2895,6243 1133,6243 1132,6244 1132,6258 1131,6259 670,6259 669,6260 669,6261 667,6263"/><TextEquiv index="1"><Unicode>dans les entrailles de la terre, ou deſ-</Unicode></TextEquiv></TextLine><TextLine id="r0_l029"><Coords points="2987,6466 2986,6466 2986,6464 2986,6463 2313,6463 2312,6462 2134,6462 2133,6462 2134,6461 2210,6461 2210,6461 2210,6455 2210,6454 1271,6454 1270,6453 1269,6453 1268,6453 1268,6451 1268,6450 819,6450 817,6449 817,6447 817,6446 671,6446 669,6445 669,6444 668,6443 668,6400 668,6399 600,6399 599,6399 599,6398 597,6395 593,6395 590,6393 590,6392 590,6391 585,6391 583,6390 583,6389 583,6388 582,6388 579,6386 579,6381 579,6380 578,6380 575,6378 575,6366 574,6364 234,6364 233,6364 233,6357 232,6356 232,6352 233,6351 233,6350 235,6348 329,6348 330,6347 330,6346 331,6345 332,6345 333,6344 575,6344 575,6344 575,6343 578,6340 579,6340 579,6340 579,6339 582,6336 583,6336 583,6336 583,6335 585,6333 586,6333 587,6332 587,6331 589,6329 594,6329 594,6329 594,6328 597,6325 598,6325 598,6325 598,6324 601,6321 606,6321 606,6321 606,6320 608,6318 608,6317 222,6317 221,6317 221,6315 221,6314 220,6314 219,6313 218,6313 217,6313 217,6304 216,6302 215,6302 213,6301 213,6299 214,6298 875,6298 875,6298 875,6268 876,6267 877,6267 879,6265 879,6264 880,6263 1762,6263 1762,6264 1762,6265 1765,6267 1766,6267 1766,6268 1766,6269 1768,6270 3514,6270 3514,6270 3514,6269 3516,6267 3541,6267 3542,6269 3542,6270 3544,6271 3545,6271 3545,6272 3545,6273 3547,6274 3610,6274 3612,6277 3612,6278 3613,6278 3614,6278 3616,6281 3615,6282 3601,6282 3600,6283 3600,6391 3600,6391 3599,6391 3598,6392 3597,6392 3596,6393 3596,6402 3595,6403 3590,6403 3588,6405 3588,6406 3587,6407 3302,6407 3300,6409 3300,6410 3299,6411 3282,6411 3281,6412 3281,6414 3281,6414 3280,6414 3279,6415 3165,6415 3164,6416 3164,6465 3164,6465 3014,6465 3013,6466"/><TextEquiv index="1"><Unicode>cendue au tombeau par l'excès de ſa</Unicode></TextEquiv></TextLine><TextLine id="r0_l030"><Coords points="3225,6660 3222,6658 3222,6657 3222,6656 3213,6656 3210,6654 3210,6653 3210,6652 3209,6652 3207,6651 3207,6606 3207,6605 2886,6605 2884,6607 2884,6608 2883,6609 2676,6609 2673,6612 2673,6613 2673,6613 2663,6613 2662,6613 2662,6610 2662,6609 2632,6609 2631,6609 2631,6608 2629,6605 2361,6605 2354,6612 2354,6613 2354,6613 2243,6613 2241,6612 2241,6611 2240,6609 2239,6609 2238,6609 2238,6608 2237,6607 2237,6606 2237,6605 1979,6605 1977,6607 1977,6608 1976,6609 1974,6609 1973,6609 1973,6608 1971,6605 1966,6605 1965,6605 1965,6603 1965,6602 1623,6602 1622,6603 1622,6652 1622,6652 1601,6652 1599,6654 1599,6655 1598,6656 1593,6656 1592,6657 1592,6658 1590,6660 1589,6660 1587,6659 1587,6658 1586,6656 1582,6656 1576,6651 1576,6603 1576,6602 1447,6602 1446,6601 1236,6601 1235,6602 1234,6602 1233,6603 1233,6612 1232,6613 1231,6613 1229,6615 1229,6616 1228,6617 1227,6617 1226,6618 1226,6619 1224,6621 1223,6621 1222,6622 1222,6623 1220,6625 1215,6625 1214,6626 1214,6627 1212,6629 1211,6629 1210,6630 1210,6631 1208,6633 1201,6633 1200,6632 1199,6632 1198,6632 1198,6631 1192,6624 1191,6624 1190,6624 1190,6606 1190,6605 1005,6605 1004,6606 1004,6645 1003,6646 1003,6648 1003,6648 997,6648 996,6648 996,6646 995,6645 995,6606 995,6605 697,6605 696,6606 696,6616 695,6617 694,6617 693,6618 692,6619 692,6620 691,6621 686,6621 684,6620 684,6619 683,6617 682,6617 680,6616 680,6606 680,6605 588,6605 587,6605 587,6600 585,6597 584,6597 583,6597 583,6560 584,6559 585,6559 586,6558 586,6466 586,6465 475,6465 474,6465 474,6463 476,6461 648,6461 652,6457 663,6457 665,6460 665,6512 666,6512 867,6512 867,6512 867,6463 869,6461 874,6461 875,6460 875,6459 877,6457 885,6457 887,6460 887,6461 888,6461 889,6461 891,6464 891,6465 892,6465 893,6465 894,6467 894,6512 895,6512 1127,6512 1128,6514 1128,6515 1129,6515 1130,6516 1131,6516 1132,6518 1132,6519 1134,6520 1135,6520 1136,6522 1136,6566 1137,6566 1334,6566 1334,6566 1334,6541 1336,6539 1337,6539 1342,6534 1342,6529 1343,6528 1344,6528 1350,6522 1350,6521 1351,6520 1356,6520 1358,6518 1358,6517 1359,6516 1485,6516 1486,6515 1486,6514 1488,6512 1493,6512 1494,6514 1494,6515 1496,6516 1757,6516 1759,6514 1759,6513 1760,6512 1903,6512 1903,6512 1903,6467 1905,6465 1906,6465 1906,6465 1906,6464 1909,6461 1925,6461 1926,6463 1926,6464 1927,6465 1928,6465 1929,6465 1930,6467 1930,6516 1931,6516 2132,6516 2132,6516 2132,6463 2133,6462 2261,6462 2262,6463 2319,6463 2321,6465 2322,6465 2323,6467 2323,6516 2324,6516 2462,6516 2463,6515 2463,6514 2465,6512 2470,6512 2471,6514 2471,6515 2473,6516 2650,6516 2650,6516 2650,6475 2652,6473 2653,6473 2653,6473 2654,6472 2654,6471 2656,6469 2665,6469 2665,6469 2665,6468 2668,6465 2680,6465 2681,6467 2681,6468 2683,6469 2684,6469 2685,6471 2685,6520 2686,6520 2886,6520 2888,6518 2888,6517 2889,6516 2890,6516 2891,6515 2891,6511 2892,6510 2892,6509 2893,6508 2894,6508 2895,6507 2895,6503 2898,6500 2899,6500 2899,6500 2899,6491 2902,6488 2903,6488 2903,6488 2903,6483 2905,6481 2906,6481 2907,6480 2907,6480 2907,6479 2909,6477 2910,6477 2910,6477 2911,6476 2911,6475 2913,6473 2914,6473 2914,6473 2915,6472 2915,6471 2917,6469 2918,6469 2918,6469 2919,6468 2919,6467 2921,6465 2926,6465 2926,6465 2926,6464 2929,6461 2952,6461 2957,6466 3154,6466 3155,6465 3164,6465 3164,6466 3164,6520 3165,6520 3229,6520 3230,6519 3230,6518 3232,6516 3316,6516 3316,6516 3316,6482 3317,6481 3318,6481 3320,6479 3320,6474 3321,6473 3334,6473 3339,6479 3339,6487 3342,6489 3343,6489 3343,6490 3343,6499 3345,6500 3346,6500 3347,6502 3347,6512 3348,6512 3486,6512 3487,6514 3487,6515 3489,6516 3576,6516 3577,6518 3577,6519 3579,6520 3580,6520 3580,6521 3580,6522 3582,6523 3586,6523 3587,6524 3588,6524 3588,6525 3588,6577 3590,6578 3591,6578 3592,6580 3592,6585 3594,6586 3595,6586 3596,6588 3596,6620 3595,6621 3594,6621 3592,6623 3592,6624 3591,6625 3590,6625 3589,6626 3588,6627 3588,6628 3587,6629 3586,6629 3584,6631 3584,6632 3583,6633 3582,6633 3581,6634 3581,6635 3581,6635 3580,6636 3579,6636 3577,6638 3577,6639 3576,6640 3575,6640 3573,6642 3573,6643 3572,6644 3571,6644 3569,6646 3569,6647 3568,6648 3563,6648 3561,6650 3561,6651 3560,6652 3555,6652 3553,6651 3553,6650 3552,6648 3551,6648 3549,6647 3549,6606 3549,6605 3349,6605 3347,6607 3347,6608 3346,6609 3255,6609 3254,6610 3254,6650 3253,6651 3253,6652 3253,6652 3252,6652 3251,6653 3249,6655 3249,6656 3249,6656 3232,6656 3230,6658 3230,6659 3229,6660"/><TextEquiv index="1"><Unicode>douleur, ou par le crime de ſon père;</Unicode></TextEquiv></TextLine></TextRegion></Page></PcGts>