4266 8141
1519 764 2087 936 s
10 972 3433 1189 forte; &, malgré tous mes efforts, je
10 1186 3272 1400 fus chargé de chaînes, & précipité dans
10 1380 3287 1569 un cachot. Là, me trouvant au comble
10 1568 3287 1760 du malheur, je pris le ciel à témoin,
10 1660 3303 1987 que je ne pouvois rien faire pour ſauver
10 1956 3372 2156 mes amantes infortunées; que je ne pou-
314 2148 3375 2347 vois plus ſupporter mon effroyable vie,
310 2343 3299 2531 & que j'étois en droit de dépoſer un ſi
53 2531 3406 2732 horrible fardeau. Je me proſternai ſur la
41 2731 3303 2923 terre, & j'implorai, de toute mon ame,
310 2919 3295 3115 le Dieu redoutable qui me puniſſoit;
49 3111 3345 3303 je le conjurai de me pardonner ſi j'allois
45 3295 3303 3491 paroître aux pieds de ſon tribunal, avant
302 3487 3640 3671 qu'il m'y appelât. Je crus ſentir dans
58 3676 3323 3864 mon ame un rayon de conſolation, qui
302 3867 3379 4071 ſembloit émaner de ſon cœur paternel;
291 4057 3387 4257 &, me confiant dans ſa bonté, je ſongeai
68 4250 3387 4444 aux moyens de me délivrer de la vie;
306 4431 3395 4627 mais comment faire? Je n'avois aucun
75 4626 3395 4822 inſtrument pour me donner la mort. Je
83 4821 3303 5019 voulus avaler ma langue, comme les
302 5014 3395 5210 Negres, pour m'étouffer. Je fus mal-
298 5198 3295 5399 adroit & n'en pus venir à bout. Il me
291 5394 3510 5621 vint dans l'idée de me ſervir de mes deux
294 5589 3360 5793 jarretières pour m'étrangler. Garotté,
298 5785 3390 5990 comme j'étois, je ne pouvois lever
99 5969 3391 6182 les bras, pour les attacher à quelque clou
104 6169 3375 6374 ou crochet, & me ſuſpendre à ce lien
102 6323 3272 6569 fatal. Je les paſſois déjà autour de mon
