4266 7918
2315 767 2863 969 .
1095 965 3973 1172 cou, tout-à-coup, j'entends ouvrir ma
818 1169 3947 1355 porte ſépulcrale, le Geolier paroît, un
1088 1354 4040 1539 flambeau à la main, & m'amene un
1084 1539 4040 1729 Ange, une Divinité, qui ſe précipite
1088 1725 4044 1914 dans mes bras. C'étoit ma chère Le-
947 1910 4036 2081 vrette. „Tu es libre, mon cher ami,
932 2091 3962 2283 “me diſoit - elle, d'une voix entre-
851 2280 4066 2466 “coupée.“ Elle étoit hors d'elle-même,
1074 2467 4033 2652 ivre de joie & de douleur; elle manqua
1077 2651 4032 2842 de s'évanouir dans mes bras. Elle ſe ra-
1069 2837 4040 3026 nima pour crier: „Qu'on le délivre de
784 3021 3958 3204 “ſes fers odieux; tombez chaînes mor-
1058 3203 3988 3387 “telles, & que le juſte reſpire.“ Je fus
1058 3384 3951 3572 ſaiſi d'un doux enthouſiaſme, en voyant
1062 3569 3255 3757 celui dont elle étoit animée.
1251 3754 3958 3936 On me délivra de mes fers; toutes
747 3943 4099 4133 les portes s'ouvrirent; me voilà hors de
1047 4125 4114 4310 cette abominable priſon; je ſuis libre à
921 4310 4036 4495 l'aſpect du ciel, & je monte en voiture
1062 4488 2988 4678 avec ma chère Levrette.
1240 4659 4058 4861 Je ne pouvois me laſſer de contem-
825 4859 4103 5055 pler cette Divinité tutélaire, qui m'a-
814 5047 3958 5232 voit toujours délivré des priſons où j'a-
1054 5229 3999 5424 vois été renfermé; Ange de l'Eternel à
1051 5421 3936 5611 mon égard, qui avoit eu le malheur d'être
947 5606 4058 5798 égarée par l'impérieuſe néceſſité, dans
899 5791 4036 5983 les ſentiers du vice; mais dont le cœur
1043 5980 4003 6171 avoit toujours été pur, & qui, placée
1043 6166 3936 6383 dans de plus heureuſes circonſtances, &
3293 6355 3926 6541 dans
