4266 7952
1661 640 2009 816 .
63 863 3312 1069 dans une poſition plus avantageuſe, au-
439 1050 3312 1259 roit déployé la vertu la plus ſublime.
424 1240 3316 1462 Je m'épuiſois en actions de graces vis-
405 1423 3328 1635 à-vis de cette perſonne céleſte, qui pa-
394 1609 3327 1813 roiſſoit goûter un ſi grand plaiſir à m'obli-
76 1799 3323 2008 ger. Ah! Belle ame, ce ſera toi qui me
78 1983 3338 2187 rameneras à la vertu; oui, je deviendrai
100 2179 3328 2377 vertueux. Le Crime, juſqu'ici, m'a trop
156 2373 1266 2538 fait ſouffrir.
420 2548 3614 2798 Au milieu de ces penſées preſque re-
85 2735 3368 2941 ligieuſes; nous arrivâmes à l'auberge de
85 2924 3416 3130 ma Levrette, nous montâmes dans ſon
401 3122 3338 3309 appartement; là, elle ſe jetta de nouveau
398 3297 3334 3488 dans mes bras. Je la preſſai contre mon
424 3483 3342 3674 cœur, avec un attendriſſement inexpri-
383 3670 3331 3834 mable, & nous tombâmes enſemble ſur
398 3870 1495 4050 un canapé.
383 4046 3327 4233 Enfin nous revînmes à nous-mêmes;
394 4232 3338 4423 nous parlâmes avec plus de calme &
413 4415 3643 4611 non moins de délices. Je remerciois tou-
428 4608 3345 4800 jours Levrette des peines qu'elles s'étoit
401 4791 3330 4994 données. „Hélas! oui, me dit-elle, ta
155 4977 3431 5196 “délivrance m'a cauſé bien des peines,
420 5171 3345 5368 “mon cher ami; mais il y a des mé-
163 5354 3342 5551 “chans qui ne ſe ſont pas moins donné
394 5536 3342 5735 “de fatigue pour te tourmenter. Je te
398 5723 3345 5920 “ferai voir, dans tout ſon jour, leur
409 5905 3405 6140 “ſcélérateſſe atteſtée par leurs propres
424 6091 1560 6282 “lettres.“
383 6229 1668 6444 Tome IV.
2477 6243 3123 6459 t
