4266 8062
10 432 3217 1117 pour moi. „Avant de commencer ce
10 1055 3213 1260 “narré, me dit-elle, il faut t'apprendre
10 1251 3270 1442 “la cauſe & l'origine de tes malheurs,
10 1439 3217 1644 “te faire connoître les ennemis, qui
181 1629 3365 1823 “ont toujours veillé pour ton ſupplice,
33 1819 3213 2013 “& qui t'ont puni ſi cruellement des
29 2009 3210 2210 “fautes qu'ils ſe ſont amuſés à te faire
216 2203 3422 2381 “commettre.“ Alors elle me montra,
49 2397 3214 2568 d'abord, des lettres du Chevalier Mar-
238 2583 3210 2780 qué à mon père & à M. de Lyſange,
227 2772 3422 2982 qui leur dénonçoient toutes mes fautes
234 2966 3420 3158 vis-à-vis de Laure & d'Aurore, & les
242 3156 3210 3346 lieux où ſe trouvoient ces deux Beautés.
234 3339 3206 3535 C'étoient ces deux lettres fatales qui nous
60 3525 3259 3724 avoient fait ſaiſir, ma Laure & moi, par
227 3722 3206 3910 nos rigoureux pères (1). Enſuite Levrette
67 3908 3525 4102 me fit voir une correſpondance du couple
75 4098 3198 4297 abominable, dont je vais mettre pluſieurs
79 4285 3198 4482 lettres ſous tes yeux, & elle me dit qu'il
189 4471 3198 4665 ſeroit trop long de me détailler comment
197 4666 3199 4879 elle s'étoit procuré ces déteſtables miſſives.
213 4916 862 5103 “--“--
106 5159 3302 5427 (1) Ces deux Lettres ont été placées ci-deſſus.
1203 5607 2214 5767 c
2242 6334 3036 6600 ii
