4266 8088
2169 730 3020 911 s
1111 1096 4127 1277 L:
1231 1457 4026 1680 Le Chevalier Marqué, à Frédégonde.
1144 1739 4074 2099 Nos avis ont opéré, ma Générale. Les
1023 2096 4074 2287 deux pères ſe ſont rendus dans l'endroit
1087 2281 4081 2474 qui renfermoit la divine Laure. Ils ont
974 2469 4085 2662 ſurpris enſemble les deux tendres amans.
1084 2657 4062 2854 Chacun s'eſt emparé de ſa progéniture.
1129 2842 4059 3039 M. de Lyſange a amené la ſienne dans
918 3030 4055 3226 ſa cave, où elle paſſe aſſez mal ſon
1121 3222 4047 3412 temps. Elle auroit mieux fait d'écouter
907 3407 4047 3592 le Chevalier Marqué, il l'auroit rendue
1068 3595 4047 3788 plus heureuſe; mais la bégueule n'a pas
1091 3783 4040 3980 voulu. Monſieur de Perlencour a ra-
1091 3976 4040 4170 mené pareillement ſon petit Céſar dans
978 4160 4040 4358 ſa cave, où je voudrois bien voir la
812 4352 4032 4541 figure qu'il fait. Je vais me rendre à
1061 4537 4021 4729 Lyon, pour profiter de la captivité de
1046 4725 4017 4916 notre Rodomont, & pour reprendre tout
1046 4915 4025 5111 mon aſcendant ſur l'eſprit du père, qui
756 5098 4002 5297 n'eſt guères moins imbécille que ſon fils
1083 5290 4006 5482 Ne s'eſt-il pas aviſé de vouloir tuer ce
760 5478 3995 5671 fils unique, pour le corriger? Il a tiré
1008 5666 3991 5863 ſi adroitement, qu'il a tué ſa femme au
1057 5855 3987 6039 lieu de ſon héritier; adorable inſtinct de
1057 6051 3987 6244 l'amour conjugal! La bonne Dame, en-
1065 6231 3968 6456 core plus imbécille que ſon mari & ſon
