4266 7952
2379 585 2894 755 o
1150 798 4196 995 J'ai repris merveilleuſement bien auprès
1150 987 4188 1180 du couple ſuranné; c'eſt moi qui ſuis
1046 1172 4044 1364 à préſent le fils de la maiſon, ou plutôt
1009 1357 4058 1543 j'en ſuis le maître. J'ai toute la confiance
1139 1542 4036 1736 de ces bonnes-gens. Il faut tâcher de les
1131 1723 4033 1921 faire arrêter, comme tu dis fort bien.
1128 1912 4073 2109 Ils me laiſſeront à la tête de leur mai-
824 2101 4055 2296 ſon, & je nagerai en pleine eau. Je
1124 2292 4029 2473 t'envoie, ci-joints, douze chefs d'accu-
891 2456 4021 2668 ſations, que j'ai recueillies contr'eux, &
1109 2660 4018 2855 qui ont un aſſez grand air de vraiſem-
917 2841 4014 3041 blance. Il te ſera facile, avec cette pièce
872 3033 4014 3222 authentique préſentée par quelque per-
1094 3215 3999 3404 ſonnage conſidérable, d'obtenir une lettre
1094 3403 4003 3596 de cachet pour les faire enfermer. Cou-
1091 3592 4003 3781 rage ma Générale; fais uſage de ton eſprit
1088 3782 4000 3963 pour en venir à bout, & donne - nous
1084 3970 3208 4174 un trait à la Frédégonde.
751 4303 3989 4504 “a
1573 4685 3231 4892 Le même à la même.
798 4950 3966 5267 Levrertn eſt ici. Elle travaille
1072 5261 3973 5454 avec autant de ſagacité pour le petit
1072 5450 3966 5642 Céſar, que moi contre lui. Elle a pré-
832 5642 4036 5828 ſenté requête aux Magiſtrats; on a or-
1072 5823 3948 6023 donné une viſite dans la maiſon de
1068 6005 3948 6201 Monſieur de Perlencour. Le vieux couple
