4266 8154
1574 675 2082 909 .
304 891 3332 1120 La Demoiſelle Levrette a ſu découvrir
19 1099 3339 1300 où il étoit; elle y a volé ſoudain. Elle a
327 1292 3501 1513 parlé au petit bon-homme, par le ſoupirail
11 1489 3354 1691 de la cave. J'ai fait entraîner la Petite; je
10 1572 3335 1883 me ſuis préſenté chez le Petit, à temps
65 1872 3335 2276 ouii,, qeil l leieoioit jed pair le ſonn
42 2262 3343 2467 pirail de la cave, avec une brioche &
316 2455 3344 2651 une bouteille d'excellent vin. J'ai joui
323 2650 3555 2846 des libéralités de ſa Levrette. Si tu avois
41 2833 3370 3049 vu ſa figure, dans ce ſouterrein.... Ah!
37 3038 3343 3243 le pauvre diable! Il n'avoit plus ſa mine
53 3227 3351 3422 avantageuſe; mais il enrageoit. Il n'au-
41 3412 3347 3613 roit pas fait bon de ſe trouver à ſa
53 3598 3482 3810 portée. On auroit paſſé mal ſon temps;
323 3798 3343 3998 c'eſt un tigre enchaîné. S'il étoit délivré
327 3991 3347 4196 de ſa chaîne, gare à qui ſe trouveroit
49 4181 1632 4378 ſur ſon paſſage.
327 4566 3362 4738 i
1103 4929 2560 5133 Le même à la même.
57 5227 3520 5549 Ah! malédiction ſur le déteſtable
157 5536 3339 5741 Priſonnier! Le tigre eſt déchaîné; il s'eſt
327 5737 3680 5942 échappé; il m'a roué de coups. Je ſuis
76 5922 3344 6134 preſque mort. Il a ſu arracher la chaîne
323 6123 3344 6327 qui l'attachoit à la muraille. Il s'étoit
146 6318 3351 6522 mis en embuſcade auprès de la porte;
2420 6501 2772 6674 Bv
