4266 8068
467 867 3443 1075 ſement le cou, tu t'es laiſſé ſaiſir au
483 1066 3447 1274 collet par la bête déchaînée! que tu dois
486 1264 3549 1458 être drôle avec ta tête empaquetée,
479 1446 3713 1658 bouffie, pleine de contuſions? Qu'il a
483 1626 3458 1841 bien fait le petit jeune - homme! Ah!
468 1835 3462 2037 ce trait mérite que je lui pardonne ſon
471 2029 3462 2228 évaſion, d'autant plus qu'il n'eſt pas tout-
456 2220 3637 2419 à-fait libre. Comment, coquin! tu oſois
483 2410 3466 2609 deſirer que je fuſſe - là! Suis - je faite,
475 2608 3530 2807 comme toi, pour être rouée de coups?
475 2795 3470 2993 Tu mériterois bien que je te traitaſſe de la
475 2989 3512 3184 même façon, quand je ſerai arrivée à
475 3160 3466 3367 Lyon; car je pars demain. Il faut nous
471 3367 3470 3576 hâter. Il ſe forme, peut-être, un orage
476 3566 1695 3764 contre nous.
491 3939 1349 4174 &
1935 3950 3596 4130 e
491 4324 3444 4572 Céſar de Perlencour, à Dumoulin.
494 4841 3515 5079 u dois être indigné de ces lettres,
494 5058 3668 5269 mon cher ami; juge combien je dois
315 5222 3641 5455 l'être moi-même, d'avoir été ſi cruelle-
441 5443 3470 5645 ment joué, par le couple le plus vil &
483 5633 3812 5846 le plus odieux qui ſoit ſur la terre. Je
498 5820 3466 6044 frémis de rage d'avoir tant ſouffert, de
494 6010 3458 6227 la part de ces malheureux! Enfin tâchons
506 6205 3508 6422 de mettre de côté ces funeſtes idées,
2370 6405 2898 6606 Bv
