4266 8090
1519 626 2290 882 .
384 896 3335 1096 “cave Céſar; ſuis l'oiſeau, ſuis l'oiſeau.“
41 1090 3357 1289 Il n'étoit pas poſſible de le ſuivre; mais
38 1281 3357 1476 il m'apprenoit, à n'en pouvoir douter,
396 1468 3365 1667 que Céſar étoit dans une cave, où il me
392 1663 3373 2048 e oiiſme le li iinrnaia a neſ a oi
396 2041 3396 2242 pas quelque cour de cette priſon, qui
60 2235 3377 2435 donnât ſur la maiſon de M. de Perlen-
400 2430 3380 2625 cour. J'appris qu'il y avoit une cour
400 2613 3384 2816 ſecrette, appartenant à notre homme, &
403 2808 3384 3012 qu'il y avoit une Priſonnière logée ſur
52 2998 3376 3235 cette cour. Je demandai à lui parler.
362 3189 3396 3382 „Madame, lui dis-je, ne connoîtriez-
400 3380 3399 3572 “vous point une cave ſecrette, dont
403 3563 3659 3757 “le ſoupirail donneroit dans une cour?“
407 3735 3765 3954 -- „Oui, me répondit-elle, & qui plus
79 3941 3686 4144 “eſt, j'entends des gémiſſemens ſortir
304 4136 3399 4327 “de cette cave. Il y a un jeune-homme
75 4326 3728 4520 “qu'on y tient renfermé.“ Cela n'étoit
411 4514 3411 4709 pas douteux. J'allai chez le Comman-
83 4701 2659 4899 dant; je lui fis mon rapport.
438 4895 3659 5096 “On donna ordre de viſiter la cave de
94 5086 3632 5287 M. de Perlencour; mais on n'y trouva rien.
94 5277 3411 5479 Je conſultai de nouveau ma Priſonnière.
94 5472 3426 5666 „Il n'y a plus rien dans la cave, me dit-
99 5667 3725 5862 “elle; j'ai entendu du bruit. Je ſoup-
427 5862 3454 6053 “çonne qu'on a enlevé le Priſonnier.
136 6048 3652 6258 “On l'aura transféré dans quelqu'autre
430 6242 1243 6433 “priſon.“
