<PcGts xmlns="http://schema.primaresearch.org/PAGE/gts/pagecontent/2017-07-15" xmlns:xsi="http://www.w3.org/2001/XMLSchema-instance" xsi:schemaLocation="http://schema.primaresearch.org/PAGE/gts/pagecontent/2017-07-15 http://schema.primaresearch.org/PAGE/gts/pagecontent/2017-07-15/pagecontent.xsd"><Metadata><Creator>User123</Creator><Created>2020-10-15T18:12:27</Created><LastChange>2020-10-15T18:12:27</LastChange></Metadata><Page imageFilename="0049.png" imageHeight="7851" imageWidth="4266"><TextRegion id="r0" type="paragraph" orientation="0.125"><Coords points="1,1 4264,1 4264,7849 1,7849"/><TextLine id="r0_l001"><Coords points="2013,741 2674,739 2674,916 2013,918"/><TextEquiv index="1"><Unicode></Unicode></TextEquiv></TextLine><TextLine id="r0_l002"><Coords points="4263,1142 4263,1142 4263,1139 4262,1138 2979,1141 2977,1139 2951,1139 2948,1136 1411,1140 1411,1140 1411,1145 1410,1146 1409,1146 1407,1148 1404,1148 1403,1147 1397,1147 1397,1146 1397,1083 1396,1083 1371,1083 1371,1082 1371,1081 1368,1079 1367,1079 1367,1078 1367,969 1366,969 1350,969 1349,967 1349,962 1349,962 1350,962 1351,961 1731,960 1733,958 2664,956 2666,954 2852,953 2855,950 3860,948 3861,947 3869,947 3871,946 3871,945 3872,943 3998,943 4003,938 4004,938 4004,937 4004,936 4005,936 4006,936 4007,934 4007,933 4009,932 4262,931 4262,931 4262,914 4262,913 4058,914 4055,911 4057,910 4262,909 4262,909 4262,877 4262,876 4143,877 4139,873 4138,873 4137,872 4137,871 4138,871 4265,870 4265,871 4266,1142 4265,1142"/><TextEquiv index="1"><Unicode>“Je frémiſſois d'indignation: „Où</Unicode></TextEquiv></TextLine><TextLine id="r0_l003"><Coords points="1512,1332 1511,1332 1511,1280 1511,1279 1454,1279 1453,1278 1388,1279 1385,1276 1385,1275 1385,1275 1384,1275 1382,1273 1382,1272 1381,1271 1380,1271 1378,1269 1378,1268 1378,1268 1377,1268 1374,1265 1374,1264 1374,1264 1185,1264 1183,1263 1183,1259 1181,1256 1180,1256 1179,1256 1179,1211 1183,1207 1183,1206 1184,1205 1189,1205 1190,1204 1190,1203 1192,1201 1290,1201 1290,1200 1290,1194 1290,1194 1041,1194 1039,1193 1039,1188 1040,1187 1041,1187 1042,1186 1290,1186 1290,1185 1290,1183 1291,1183 1292,1183 1292,1182 1293,1181 1293,1180 1295,1179 1316,1179 1316,1178 1316,1150 1317,1149 1396,1149 1397,1148 1397,1147 1397,1147 2927,1143 2928,1142 2978,1142 2979,1141 3901,1139 3902,1138 3903,1138 3904,1138 3904,1137 3905,1135 3921,1135 3923,1137 3923,1138 3923,1138 3971,1138 3972,1139 3973,1139 3974,1139 3974,1140 3975,1142 3976,1142 3977,1143 4265,1142 4266,1143 4266,1308 4266,1308 3130,1311 3129,1311 3129,1323 3129,1324 1526,1327 1525,1328 1525,1332 1525,1332"/><TextEquiv index="1"><Unicode>“trouver mon cher Perlencour, me di-</Unicode></TextEquiv></TextLine><TextLine id="r0_l004"><Coords points="3810,1552 3808,1550 3808,1549 3807,1548 3806,1548 3805,1547 3805,1543 3802,1540 3801,1540 3801,1540 3801,1531 3800,1530 3799,1530 3797,1528 3797,1524 3791,1518 3790,1518 3790,1518 3790,1506 3789,1505 3410,1506 3410,1506 3410,1502 3409,1501 1688,1505 1686,1507 1677,1507 1677,1506 1677,1501 1675,1500 1674,1500 1673,1498 1673,1467 1672,1467 1571,1467 1570,1466 1570,1465 1568,1463 1556,1463 1555,1462 1555,1461 1553,1459 1400,1460 1399,1459 1360,1459 1360,1458 1360,1457 1357,1455 1356,1455 1356,1454 1356,1445 1355,1445 1173,1445 1172,1444 1172,1412 1171,1411 1168,1411 1168,1411 1167,1403 1168,1402 1168,1399 1178,1389 1182,1389 1183,1388 1183,1387 1184,1386 1185,1386 1186,1385 1301,1385 1301,1384 1301,1364 1303,1363 1374,1363 1375,1361 1375,1360 1376,1360 1377,1360 1378,1358 1378,1354 1382,1350 1382,1346 1384,1345 1385,1345 1385,1344 1385,1343 1386,1342 1386,1338 1387,1338 1388,1338 1389,1336 1389,1335 1391,1334 1392,1334 1393,1332 1393,1331 1395,1330 1400,1330 1400,1329 1400,1328 1402,1327 1406,1327 1408,1324 1408,1323 1409,1323 1414,1323 1415,1324 1415,1325 1416,1326 1427,1326 1428,1327 1429,1327 1431,1329 2724,1326 2724,1325 2724,1324 2726,1323 2745,1323 2746,1321 2746,1320 2748,1319 2749,1319 2751,1321 4263,1317 4263,1317 4263,1309 4264,1308 4266,1308 4266,1309 4267,1503 4266,1503 4042,1504 4041,1505 3820,1505 3820,1506 3820,1549 3819,1550 3819,1551 3817,1552"/><TextEquiv index="1"><Unicode>“ſois-je?“ Je m'informai ſi ſon père</Unicode></TextEquiv></TextLine><TextLine id="r0_l005"><Coords points="4264,1694 4263,1694 4263,1688 4263,1687 2587,1691 2586,1692 2279,1693 2277,1695 2276,1695 2275,1696 2274,1696 2273,1695 2272,1695 2271,1694 1745,1695 1743,1693 1743,1692 1743,1692 1742,1692 1740,1690 1740,1689 1739,1688 1739,1687 1739,1687 1384,1688 1382,1686 1382,1655 1382,1655 1299,1655 1297,1653 1297,1640 1297,1640 1170,1640 1168,1639 1168,1638 1167,1636 1166,1636 1164,1635 1164,1628 1168,1624 1168,1572 1169,1570 1170,1570 1172,1569 1172,1564 1172,1563 1173,1563 1175,1562 1175,1513 1176,1511 1344,1511 1345,1511 1345,1513 1345,1514 3406,1509 3409,1506 3494,1506 3495,1506 3495,1505 3495,1504 3496,1504 3497,1503 3937,1502 3938,1502 3938,1501 3938,1500 3954,1500 3956,1502 3956,1504 3956,1504 4266,1503 4267,1504 4267,1694 4267,1694"/><TextEquiv index="1"><Unicode>n'avoit point quelqu'autre maiſon à la</Unicode></TextEquiv></TextLine><TextLine id="r0_l006"><Coords points="2725,1881 2724,1880 2445,1880 2444,1879 2444,1878 2442,1876 2441,1876 2440,1875 2439,1832 2439,1831 2188,1832 2186,1830 1428,1832 1426,1830 1426,1829 1425,1828 1203,1828 1201,1827 1201,1826 1200,1824 1199,1824 1197,1823 1197,1821 1197,1820 831,1821 829,1819 829,1814 831,1813 839,1813 840,1811 840,1810 841,1810 851,1810 852,1809 1194,1808 1194,1808 1194,1801 1192,1798 1191,1798 1190,1798 1190,1789 1190,1788 1189,1788 1186,1786 1186,1782 1185,1780 1184,1780 1183,1780 1183,1775 1182,1773 1181,1773 1179,1772 1179,1767 1179,1766 1178,1766 1175,1764 1175,1763 1175,1762 1174,1762 1172,1761 1172,1760 1171,1758 1170,1758 1168,1757 1168,1749 1170,1747 1171,1747 1172,1746 1172,1745 1174,1743 1175,1743 1175,1743 1175,1742 1177,1740 1264,1740 1264,1739 1264,1700 1266,1699 1267,1699 1267,1698 1267,1697 1270,1695 1333,1695 1335,1697 1982,1695 1983,1697 1983,1698 1985,1699 2148,1699 2150,1701 3417,1698 3420,1695 3694,1695 3694,1694 3694,1693 3699,1689 3889,1688 3889,1688 3889,1687 3892,1684 3896,1684 3897,1686 3897,1687 3899,1688 3951,1688 3952,1690 3952,1694 3954,1695 4267,1694 4267,1695 4267,1859 4267,1859 3609,1861 3609,1861 3609,1867 3607,1869 3606,1869 3606,1869 3606,1870 3604,1872 3603,1872 3602,1873 2742,1875 2742,1875 2742,1880 2741,1881"/><TextEquiv index="1"><Unicode>ville ou à la campagne. On m'en indi-</Unicode></TextEquiv></TextLine><TextLine id="r0_l007"><Coords points="2381,2066 2381,2066 2381,2063 2380,2062 1504,2064 1504,2064 1504,2063 1501,2060 1306,2061 1304,2058 1304,2057 1303,2057 1206,2057 1205,2056 1205,2055 1204,2054 1203,2053 1202,2053 1201,2052 1201,2021 1200,2020 1154,2020 1153,2019 1153,2015 1155,2012 1167,2012 1168,2012 1168,1952 1169,1950 1170,1950 1172,1949 1172,1944 1173,1942 1174,1942 1175,1942 1175,1941 1176,1939 1181,1939 1182,1939 1182,1938 1183,1937 1183,1922 1184,1920 1584,1919 1585,1919 1585,1889 1586,1887 1587,1887 1588,1887 1588,1886 1590,1883 1594,1883 1596,1882 1596,1881 1596,1880 1767,1880 1769,1878 1769,1877 1770,1876 1778,1876 1780,1877 1780,1878 1781,1880 1790,1880 1791,1880 1791,1881 1792,1883 3413,1879 3414,1879 3414,1878 3415,1876 4262,1874 4263,1874 4263,1860 4263,1859 4267,1859 4268,1860 4268,2053 4267,2053 4263,2053 4263,2053 4263,2013 4262,2012 4053,2013 4052,2011 4052,2009 4052,2009 4262,2008 4263,2008 4262,2007 2628,2011 2627,2012 2626,2012 2625,2013 2388,2013 2388,2014 2388,2066 2387,2066"/><TextEquiv index="1"><Unicode>qua pluſieurs. Je rôdai autour des caves</Unicode></TextEquiv></TextLine><TextLine id="r0_l008"><Coords points="4264,2265 4263,2265 4263,2239 4263,2238 3109,2241 3108,2240 3108,2218 3108,2218 2763,2219 2761,2217 2761,2216 2760,2215 2759,2215 2757,2213 2757,2201 2757,2201 2565,2201 2564,2200 1934,2201 1933,2200 1620,2201 1618,2200 1618,2199 1617,2197 1447,2197 1444,2195 1444,2194 1443,2192 1232,2193 1231,2192 1231,2191 1229,2189 1228,2189 1227,2188 1227,2187 1226,2186 1192,2186 1190,2185 1190,2184 1189,2182 1184,2182 1183,2182 1183,2181 1182,2179 1181,2178 1180,2178 1179,2178 1179,2173 1178,2171 1177,2171 1176,2171 1176,2170 1174,2167 1173,2167 1172,2167 1172,2088 1171,2087 1111,2087 1110,2086 1109,2086 1109,2086 1109,2084 1110,2082 1215,2082 1216,2081 1216,2065 1217,2064 1247,2064 1249,2065 1249,2066 1249,2067 3623,2062 3624,2061 3625,2061 3626,2060 3630,2060 3631,2059 3631,2058 3632,2057 4262,2055 4263,2055 4263,2054 4263,2053 4267,2053 4268,2054 4268,2265 4268,2265"/><TextEquiv index="1"><Unicode>de toutes ces maiſons, &amp; je ne décou-</Unicode></TextEquiv></TextLine><TextLine id="r0_l009"><Coords points="1076,2249 1961,2247 1961,2417 1076,2419"/><TextEquiv index="1"><Unicode>vrois rien.</Unicode></TextEquiv></TextLine><TextLine id="r0_l010"><Coords points="1955,2617 1954,2617 1954,2616 1953,2614 1952,2614 1950,2613 1950,2610 1950,2609 1299,2611 1298,2610 1298,2496 1297,2496 1291,2496 1290,2494 1290,2466 1289,2466 1257,2466 1257,2465 1257,2464 1255,2463 1229,2463 1228,2462 1227,2462 1227,2461 1227,2459 1227,2459 1228,2459 1229,2458 1532,2457 1533,2457 1533,2442 1534,2440 1539,2440 1540,2440 1540,2439 1541,2437 1542,2437 1543,2436 1768,2436 1769,2435 1769,2434 1770,2433 1771,2433 1773,2434 1773,2435 1773,2436 1780,2436 1781,2437 3659,2433 3661,2431 3661,2430 3662,2429 3667,2429 3668,2428 3668,2427 3670,2425 4262,2423 4263,2423 4263,2421 4263,2420 4268,2420 4269,2421 4269,2600 4269,2600 3481,2602 3480,2603 3480,2609 3479,2610 3478,2610 3477,2611 3477,2612 3475,2614"/><TextEquiv index="1"><Unicode>“Enfin je vis un jour mon petit ſe-</Unicode></TextEquiv></TextLine><TextLine id="r0_l011"><Coords points="2574,2805 2569,2800 2568,2759 2568,2758 1538,2760 1537,2761 1537,2771 1536,2772 1535,2772 1533,2774 1533,2776 1532,2777 1532,2779 1532,2779 1531,2779 1529,2782 1529,2786 1523,2791 1519,2791 1518,2793 1518,2794 1517,2794 1512,2794 1507,2789 1506,2750 1506,2749 1387,2750 1386,2749 1386,2748 1384,2746 1250,2746 1249,2745 1249,2744 1248,2743 1159,2743 1157,2742 1157,2741 1156,2739 1155,2739 1153,2738 1153,2671 1155,2669 1156,2669 1157,2668 1157,2667 1159,2665 1164,2665 1164,2665 1164,2664 1167,2661 1175,2661 1175,2661 1175,2660 1177,2658 1290,2658 1290,2657 1290,2618 1292,2617 1293,2617 1293,2616 1293,2615 1296,2613 1297,2613 1297,2612 1297,2611 1298,2611 1312,2611 1312,2611 1312,2612 1314,2614 1315,2614 1315,2614 1316,2615 1316,2616 1317,2617 1318,2617 1319,2618 1319,2623 1320,2624 1321,2624 1323,2626 1323,2632 1324,2633 1543,2632 1544,2634 1544,2635 1545,2635 1546,2635 1548,2638 1548,2669 1549,2669 1768,2669 1769,2670 2787,2668 2787,2667 2787,2629 2789,2628 2790,2628 2791,2626 2791,2625 2792,2625 3159,2624 3160,2622 3160,2621 3161,2621 3937,2619 3937,2619 3937,2616 3939,2614 3943,2614 3947,2610 4263,2609 4263,2609 4263,2600 4264,2599 4265,2600 4269,2600 4269,2601 4270,2793 4269,2793 4266,2793 4265,2794 4263,2794 4262,2793 3791,2794 3790,2793 3702,2794 3701,2792 3700,2753 3700,2753 3686,2753 3685,2753 3686,2798 3685,2799 3679,2799 3678,2800 3672,2800 3672,2799 3671,2753 3671,2753 2614,2755 2613,2755 2614,2799 2608,2805"/><TextEquiv index="1"><Unicode>rein jouer avec un petit moineau appri-</Unicode></TextEquiv></TextLine><TextLine id="r0_l012"><Coords points="2218,2994 2217,2993 2216,2993 2216,2992 2215,2991 2215,2990 2214,2990 2209,2990 2208,2989 2208,2988 2208,2983 2207,2983 1422,2985 1422,2984 1422,2931 1421,2931 1158,2931 1157,2930 1157,2929 1156,2928 1155,2927 1154,2927 1153,2926 1153,2859 1147,2853 1146,2853 1146,2853 1146,2851 1147,2849 1152,2849 1153,2849 1153,2848 1154,2846 1311,2846 1312,2845 1312,2828 1313,2827 1314,2827 1316,2825 1316,2824 1316,2824 1317,2824 1319,2822 1319,2821 1320,2820 1337,2820 1338,2819 1338,2802 1338,2802 1427,2802 1428,2801 1429,2801 1430,2800 1430,2799 1431,2798 1439,2798 1441,2799 1441,2800 1442,2802 1445,2801 1446,2802 1447,2802 1448,2803 1448,2804 1449,2805 3671,2801 3672,2800 3678,2800 3679,2799 4262,2797 4263,2797 4263,2795 4263,2794 4265,2794 4266,2793 4269,2793 4270,2794 4270,2980 4269,2980 3646,2982 3646,2982 3646,2984 3645,2985 3516,2985 3516,2985 3516,2986 3515,2987 2323,2990 2322,2991 2322,2992 2321,2993 2239,2993 2238,2994"/><TextEquiv index="1"><Unicode>voiſé. Je m'apperçus que ce moineau</Unicode></TextEquiv></TextLine><TextLine id="r0_l013"><Coords points="2417,3167 2416,3166 2251,3167 2250,3166 1860,3167 1857,3164 1857,3163 1857,3163 1845,3163 1843,3161 1843,3119 1843,3119 1620,3119 1618,3118 1618,3117 1617,3115 1465,3115 1464,3114 1258,3115 1257,3114 1257,3113 1256,3112 1168,3112 1167,3111 1166,3111 1164,3110 1164,3109 1164,3108 1159,3108 1157,3107 1157,3106 1157,3105 1156,3104 1155,3104 1153,3103 1153,3098 1153,3097 1152,3097 1151,3096 1150,3096 1150,3095 1149,3094 1149,3061 1149,3060 1148,3060 1146,3059 1146,3047 1148,3045 1149,3045 1149,3045 1149,3044 1152,3041 1153,3041 1153,3041 1153,3040 1155,3038 1167,3038 1168,3037 1168,3036 1170,3034 1175,3034 1175,3034 1175,3033 1178,3030 1329,3030 1332,3027 1404,3027 1404,3026 1404,2991 1409,2986 1421,2986 1422,2985 1430,2985 1431,2986 1432,2986 1433,2986 1433,2987 1434,2988 1434,2993 1434,2994 1538,2993 1539,2994 3082,2991 3083,2990 3091,2990 3093,2988 3093,2987 3094,2986 3324,2985 3325,2984 3476,2984 3478,2982 4269,2980 4270,2981 4270,3161 4270,3161 4268,3161 4267,3162 2436,3166 2435,3167"/><TextEquiv index="1"><Unicode>avoit un petit papier attaché à l'aîle. Je</Unicode></TextEquiv></TextLine><TextLine id="r0_l014"><Coords points="2339,3355 2339,3354 2339,3347 2338,3347 1768,3348 1767,3347 1766,3347 1765,3345 1765,3344 1764,3344 1752,3344 1747,3338 1747,3325 1746,3325 1214,3326 1212,3324 1212,3293 1211,3292 1158,3292 1157,3291 1157,3290 1156,3289 1155,3289 1153,3287 1153,3276 1154,3274 1157,3274 1158,3274 1157,3220 1159,3218 1160,3218 1161,3217 1161,3216 1162,3215 1170,3215 1174,3211 1178,3211 1179,3210 1179,3209 1181,3207 1297,3207 1297,3206 1297,3175 1299,3174 2046,3172 2048,3170 2639,3169 2641,3167 3407,3165 3407,3165 3407,3164 3408,3163 4270,3161 4270,3162 4271,3344 4270,3344 4269,3344 4268,3345 4263,3345 4263,3345 4263,3299 4262,3298 2957,3301 2957,3302 2957,3342 2954,3344 2950,3344 2949,3346 2949,3347 2948,3347 2947,3347 2946,3348 2916,3348 2916,3349 2916,3351 2915,3351 2349,3353 2349,3353 2349,3354 2348,3355"/><TextEquiv index="1"><Unicode>m'en emparai, &amp; j'y lus que tu étois dans</Unicode></TextEquiv></TextLine><TextLine id="r0_l015"><Coords points="2518,3539 2517,3539 2517,3516 2517,3515 1501,3517 1500,3517 1500,3485 1500,3484 1498,3484 1496,3483 1496,3482 1495,3480 1448,3480 1447,3479 1350,3480 1349,3479 1349,3478 1348,3477 1156,3477 1153,3475 1153,3474 1153,3473 1152,3473 1149,3471 1149,3461 1150,3460 1150,3459 1150,3458 1163,3458 1164,3458 1164,3364 1162,3362 1161,3362 1161,3362 1161,3361 1158,3358 1157,3358 1157,3358 1157,3357 1155,3355 1147,3355 1146,3354 1146,3353 1147,3351 1151,3351 1155,3347 1159,3347 1161,3346 1161,3345 1161,3344 1185,3344 1186,3345 1186,3346 1188,3348 1189,3348 1190,3349 1190,3352 1190,3352 1760,3351 1762,3353 2741,3351 2742,3351 2742,3352 2743,3354 4262,3350 4263,3350 4263,3346 4263,3345 4268,3345 4269,3344 4270,3344 4271,3345 4271,3531 4271,3531 4267,3531 4266,3530 4264,3530 4263,3529 2523,3533 2522,3534 2522,3539 2522,3539"/><TextEquiv index="1"><Unicode>la cave d'une maiſon de campagne, hors</Unicode></TextEquiv></TextLine><TextLine id="r0_l016"><Coords points="3274,3721 3274,3720 3273,3668 3273,3668 2870,3668 2868,3670 2868,3671 2867,3672 2859,3672 2857,3671 2857,3670 2856,3668 2844,3668 2843,3667 2803,3668 2802,3667 2802,3666 2801,3665 2615,3665 2614,3665 2614,3666 2613,3668 2316,3669 2315,3669 2315,3670 2314,3672 2298,3672 2297,3672 2297,3673 2295,3676 2291,3676 2289,3674 2289,3673 2288,3672 2114,3672 2112,3671 2112,3670 2112,3669 1940,3669 1939,3670 1939,3671 1938,3672 1926,3672 1924,3671 1924,3670 1923,3668 1915,3668 1911,3664 1686,3665 1684,3666 1684,3667 1684,3668 1393,3669 1392,3669 1393,3718 1391,3720 1387,3720 1383,3716 1353,3716 1352,3714 1352,3713 1351,3713 1350,3713 1349,3711 1348,3672 1348,3672 1343,3672 1341,3670 1341,3661 1341,3661 1148,3661 1146,3660 1146,3659 1145,3657 1144,3657 1142,3656 1142,3645 1145,3642 1146,3642 1146,3642 1146,3537 1147,3536 1148,3536 1148,3536 1150,3534 1150,3533 1151,3532 1156,3532 1157,3531 1157,3530 1159,3528 1167,3528 1168,3527 1168,3526 1169,3525 1170,3525 1171,3524 1177,3524 1178,3525 1179,3525 1179,3526 1179,3527 1181,3528 1182,3528 1183,3530 1183,3531 1185,3532 1186,3532 1186,3533 1186,3539 1187,3539 1278,3539 1278,3539 1278,3540 1279,3541 1279,3586 1280,3587 1537,3586 1537,3586 1537,3585 1539,3583 1686,3583 1687,3584 1688,3584 1688,3584 1688,3585 1690,3587 1854,3587 1854,3586 1854,3547 1855,3547 1856,3547 1858,3544 1858,3543 1859,3543 1860,3543 1865,3537 1865,3536 1866,3536 1867,3536 1868,3535 1874,3535 1875,3536 1876,3536 1876,3536 1876,3537 1878,3539 1882,3539 1883,3540 1883,3541 1884,3542 1884,3583 1885,3584 2060,3583 2060,3583 2060,3549 2063,3546 2064,3546 2064,3546 2064,3545 2066,3543 2071,3543 2071,3543 2071,3542 2074,3539 2078,3539 2079,3538 2079,3537 2080,3536 2081,3536 2082,3535 2084,3535 2085,3536 2086,3536 2086,3537 2086,3538 2087,3538 2088,3539 2089,3539 2090,3541 2090,3550 2091,3550 2266,3550 2267,3548 2267,3547 2268,3547 2269,3547 2270,3546 2296,3546 2297,3544 2297,3543 2298,3543 2307,3543 2307,3543 2307,3544 2309,3546 2331,3546 2332,3547 2333,3547 2333,3547 2333,3548 2335,3550 2507,3549 2507,3549 2507,3548 2508,3547 2509,3547 2510,3546 2510,3541 2512,3539 2528,3539 2529,3541 2529,3542 2531,3543 2532,3543 2532,3544 2532,3545 2533,3546 2533,3591 2534,3591 2761,3591 2761,3590 2761,3547 2762,3547 2767,3547 2769,3544 2769,3543 2770,3543 2822,3542 2823,3543 2830,3543 2835,3549 2835,3550 2836,3550 2841,3550 2842,3552 2842,3553 2844,3554 2845,3554 2846,3556 2846,3557 2848,3558 2849,3558 2850,3560 2850,3565 2851,3565 2852,3565 2853,3567 2853,3587 2854,3587 3067,3587 3067,3586 3067,3581 3069,3580 3070,3580 3071,3578 3071,3569 3072,3569 3073,3569 3074,3567 3074,3563 3077,3561 3078,3561 3078,3560 3078,3555 3080,3554 3081,3554 3082,3552 3082,3551 3084,3550 3089,3550 3089,3549 3089,3548 3091,3547 3095,3547 3097,3544 3097,3543 3098,3543 3151,3543 3152,3541 3152,3540 3154,3539 3166,3539 3167,3540 3167,3541 3169,3543 3173,3543 3178,3548 3178,3586 3179,3587 3203,3587 3203,3587 3203,3588 3206,3591 3362,3590 3362,3590 3362,3541 3364,3539 3369,3539 3370,3538 3370,3537 3372,3535 3419,3535 3420,3536 3421,3536 3421,3537 3421,3580 3422,3580 3472,3580 3473,3582 3473,3583 3474,3583 3700,3583 3701,3584 3951,3583 3952,3585 3952,3586 3954,3587 3955,3587 3955,3588 3956,3589 3956,3590 3958,3591 3959,3591 3960,3593 3960,3609 3961,3609 4025,3609 4026,3610 4026,3623 4027,3624 4263,3623 4263,3623 4263,3531 4264,3530 4266,3530 4267,3531 4271,3531 4271,3532 4272,3714 4271,3714 4266,3714 4265,3715 4263,3715 4263,3715 4262,3628 4262,3627 4075,3628 4074,3628 4074,3645 4074,3646 3972,3646 3971,3646 3971,3659 3970,3661 3961,3661 3960,3662 3960,3663 3958,3665 3956,3664 3956,3663 3955,3661 3699,3662 3696,3665 3674,3665 3672,3663 3672,3662 3671,3661 3475,3661 3471,3665 3386,3665 3384,3667 3384,3668 3384,3668 3383,3668 3380,3671 3380,3672 3380,3672 3371,3672 3370,3673 3370,3674 3368,3676 3361,3676 3358,3674 3358,3673 3358,3672 3353,3672 3351,3671 3351,3670 3350,3669 3350,3668 3349,3668 3348,3667 3280,3667 3279,3668 3280,3720 3279,3720"/><TextEquiv index="1"><Unicode>la porte de la Croix - Rouſſe. Je recon-</Unicode></TextEquiv></TextLine><TextLine id="r0_l017"><Coords points="2574,3909 2574,3909 2574,3903 2573,3902 1710,3904 1710,3903 1710,3853 1709,3853 1490,3853 1489,3852 1346,3853 1345,3851 1345,3850 1343,3849 1272,3849 1271,3847 1271,3846 1269,3845 1150,3845 1150,3845 1150,3844 1147,3841 1146,3841 1146,3841 1146,3836 1147,3834 1148,3834 1150,3833 1150,3832 1150,3831 1151,3831 1153,3830 1153,3774 1155,3771 1159,3771 1161,3770 1161,3769 1161,3768 1170,3768 1171,3768 1171,3767 1173,3764 1244,3764 1245,3763 1245,3721 1246,3720 1262,3720 1264,3721 1264,3722 1264,3723 1272,3723 1273,3724 1274,3724 1275,3725 2679,3722 2681,3720 3373,3718 3374,3718 3374,3717 3374,3716 3571,3716 3572,3715 3572,3714 3574,3712 3595,3712 3596,3713 3597,3713 3598,3713 3598,3715 3598,3716 4271,3714 4272,3715 4272,3877 4271,3877 4263,3877 4263,3877 4263,3858 4262,3857 2587,3861 2587,3862 2587,3909 2586,3909"/><TextEquiv index="1"><Unicode>nus ton écriture. Je baiſai mille fois ce</Unicode></TextEquiv></TextLine><TextLine id="r0_l018"><Coords points="3894,4088 3893,4088 3893,4081 3893,4080 3622,4081 3620,4079 3620,4065 3620,4065 2653,4067 2652,4066 2052,4067 2049,4065 2049,4053 2049,4052 2029,4052 2027,4051 2027,4050 2026,4048 2018,4048 2016,4047 2016,4041 2016,4040 1793,4041 1791,4039 1791,4038 1790,4037 1557,4037 1556,4036 1328,4037 1327,4036 1327,4035 1325,4033 1321,4033 1319,4031 1319,4030 1319,4030 1218,4030 1216,4028 1216,4027 1215,4026 1159,4026 1157,4025 1157,4024 1156,4022 1151,4022 1150,4022 1150,4021 1148,4018 1147,4018 1146,4018 1146,4017 1145,4015 1144,4015 1142,4014 1142,4013 1141,4011 1140,4011 1139,4011 1139,4010 1138,4009 1138,4002 1137,4000 1136,4000 1135,4000 1135,3987 1137,3985 1138,3985 1138,3985 1138,3974 1139,3973 1139,3972 1140,3971 1141,3971 1142,3970 1142,3965 1143,3964 1144,3964 1146,3962 1146,3961 1147,3960 1148,3960 1150,3958 1150,3957 1151,3956 1152,3956 1154,3954 1154,3953 1155,3952 1164,3952 1164,3952 1164,3951 1167,3948 1175,3948 1175,3948 1175,3947 1177,3945 1212,3945 1212,3945 1212,3910 1213,3908 1214,3908 1216,3906 1216,3905 1217,3904 1229,3904 1231,3902 1231,3901 1231,3901 1232,3901 1233,3900 1235,3900 1236,3901 1237,3901 1238,3901 1238,3902 1240,3905 1745,3904 1747,3906 2464,3904 2465,3905 3977,3902 3978,3901 3979,3901 3982,3898 3982,3897 3982,3897 4133,3897 4134,3896 4133,3895 4133,3894 4134,3893 4262,3892 4263,3892 4263,3878 4263,3877 4271,3877 4272,3878 4272,4085 4272,4085 3909,4086 3908,4087 3908,4088 3908,4088"/><TextEquiv index="1"><Unicode>cher billet. Je volai, ſur-le-champ, à</Unicode></TextEquiv></TextLine><TextLine id="r0_l019"><Coords points="4263,4290 4263,4290 4263,4220 4262,4219 2816,4223 2816,4223 2816,4224 2815,4225 2120,4226 2120,4227 2120,4234 2119,4235 2119,4236 2118,4236 2117,4236 2116,4238 2116,4242 2113,4244 2109,4244 2108,4246 2108,4247 2107,4247 2106,4247 2104,4250 2104,4251 2103,4251 1906,4251 1906,4252 1906,4275 1905,4275 1898,4276 1898,4275 1898,4266 1897,4266 1035,4267 1034,4266 1028,4266 1028,4266 1028,4264 1029,4262 1030,4262 1031,4262 1031,4258 1032,4257 1032,4256 1032,4255 1033,4255 1035,4254 1035,4249 1036,4247 1037,4247 1039,4246 1039,4238 1040,4236 1882,4235 1883,4234 1883,4225 1882,4225 1747,4225 1747,4224 1747,4223 1745,4222 1449,4222 1448,4221 1240,4222 1232,4214 1165,4214 1164,4213 1164,4212 1162,4210 1154,4210 1153,4209 1153,4208 1152,4207 1151,4207 1149,4205 1149,4204 1148,4203 1147,4203 1146,4202 1146,4201 1145,4200 1144,4200 1142,4198 1142,4194 1140,4192 1139,4192 1139,4192 1139,4191 1138,4190 1138,4165 1140,4162 1141,4162 1142,4162 1142,4157 1143,4155 1144,4155 1144,4155 1145,4154 1145,4153 1146,4152 1147,4152 1148,4151 1149,4151 1149,4151 1149,4147 1150,4146 1150,4145 1151,4144 1152,4144 1153,4143 1157,4139 1157,4138 1158,4137 1167,4137 1168,4136 1168,4135 1170,4133 1220,4133 1220,4132 1220,4089 1221,4089 1222,4089 1223,4088 1225,4088 1226,4089 1873,4088 1874,4089 1876,4089 1876,4089 1876,4090 1878,4092 1893,4092 1896,4095 3314,4091 3316,4089 4263,4087 4263,4087 4263,4086 4264,4085 4272,4085 4272,4086 4273,4290 4272,4290"/><TextEquiv index="1"><Unicode>cette maiſon, avec une bouteille de vin</Unicode></TextEquiv></TextLine><TextLine id="r0_l020"><Coords points="4264,4466 4263,4466 4263,4443 4263,4442 3980,4443 3978,4441 3978,4404 3978,4404 2663,4407 2662,4407 2662,4451 2660,4454 2641,4454 2639,4455 2639,4456 2639,4457 2638,4457 2637,4458 2628,4458 2627,4457 2626,4457 2625,4456 2625,4455 2624,4454 1796,4456 1795,4455 1795,4450 1795,4450 1188,4451 1187,4451 1188,4450 1189,4450 1190,4449 1190,4396 1190,4395 1163,4395 1160,4393 1160,4392 1160,4391 1151,4391 1150,4391 1150,4390 1148,4387 1144,4387 1142,4386 1142,4385 1142,4384 1141,4384 1138,4382 1138,4378 1136,4376 1135,4376 1135,4376 1135,4359 1134,4358 1121,4358 1120,4357 1120,4341 1119,4340 1104,4340 1103,4339 1102,4339 1102,4339 1102,4338 1100,4336 1099,4336 1098,4335 1098,4282 1097,4281 1052,4281 1051,4280 1050,4280 1050,4280 1050,4279 1048,4277 1040,4277 1039,4276 1039,4275 1038,4274 1037,4273 1036,4273 1035,4272 1035,4271 1033,4269 1028,4269 1028,4269 1028,4267 1028,4266 1065,4266 1066,4267 1067,4267 1068,4268 1068,4272 1069,4273 1069,4276 1069,4276 1113,4276 1114,4277 1905,4275 1906,4276 1906,4277 1906,4277 2059,4277 2061,4279 3291,4276 3292,4276 3292,4275 3293,4273 3294,4273 3295,4273 3296,4272 3296,4271 3297,4269 3486,4269 3488,4268 3488,4267 3488,4266 3512,4266 3513,4266 3513,4267 3514,4269 3515,4269 3517,4270 3517,4273 3517,4274 3836,4273 3838,4275 3838,4276 3838,4276 4096,4276 4097,4277 4098,4277 4100,4278 4100,4279 4099,4280 4098,4280 4097,4281 3838,4281 3838,4282 3838,4298 3838,4298 4272,4297 4273,4298 4273,4466 4273,4466"/><TextEquiv index="1"><Unicode>&amp; une brioche. La porte étoit fermée;</Unicode></TextEquiv></TextLine><TextLine id="r0_l021"><Coords points="3348,4824 3348,4824 3348,4823 3347,4822 2866,4823 2864,4821 2864,4815 2863,4814 1388,4818 1387,4819 1368,4819 1367,4817 1367,4816 1365,4815 1364,4815 1364,4814 1364,4813 1363,4812 1363,4767 1362,4767 1298,4767 1297,4765 1297,4764 1296,4764 1129,4764 1127,4762 1127,4751 1128,4749 1129,4749 1131,4748 1131,4692 1132,4690 1133,4690 1135,4689 1135,4688 1136,4686 1137,4686 1138,4686 1138,4685 1140,4682 1144,4682 1146,4681 1146,4666 1147,4664 1148,4664 1149,4664 1149,4663 1150,4662 1150,4658 1150,4657 1151,4657 1152,4657 1153,4656 1153,4655 1154,4653 1155,4653 1157,4652 1157,4651 1158,4649 1163,4649 1164,4649 1164,4644 1165,4642 1166,4642 1168,4641 1168,4640 1169,4638 1174,4638 1175,4638 1175,4637 1177,4634 1178,4634 1179,4634 1179,4633 1180,4631 1200,4631 1201,4632 1201,4633 1202,4634 1206,4634 1209,4637 1209,4638 1209,4638 1210,4638 1211,4639 1904,4637 1906,4639 1906,4640 1908,4642 3314,4639 3315,4638 3327,4638 3328,4639 3446,4639 3447,4640 4273,4638 4274,4639 4274,4822 4273,4822"/><TextEquiv index="1"><Unicode>ſoupirail de la cave; je parlai à mon</Unicode></TextEquiv></TextLine><TextLine id="r0_l022"><Coords points="3569,4640 3568,4639 3426,4639 3426,4639 3426,4638 3425,4637 2887,4638 2887,4638 2887,4637 2886,4636 1747,4639 1747,4638 1747,4626 1746,4626 1136,4627 1131,4622 1130,4488 1130,4487 1125,4487 1124,4487 1124,4485 1126,4483 1127,4483 1127,4483 1127,4482 1129,4480 1130,4480 1131,4479 1146,4479 1146,4479 1146,4474 1148,4472 1149,4472 1150,4471 1150,4470 1152,4468 1153,4468 1153,4468 1153,4467 1155,4465 1186,4465 1186,4465 1186,4453 1188,4451 1339,4451 1340,4450 1363,4450 1363,4450 1363,4451 1366,4454 1370,4454 1371,4455 1680,4454 1682,4456 1799,4456 1800,4457 1808,4457 1810,4459 1810,4473 1811,4474 3192,4471 3192,4470 3192,4467 3193,4466 3193,4465 3194,4465 3195,4465 3196,4463 3196,4462 3198,4461 3199,4461 3200,4459 3200,4458 3201,4458 3202,4458 3203,4457 3646,4456 3648,4454 3668,4454 3668,4454 3668,4455 3671,4458 3844,4457 3845,4459 3845,4460 3847,4461 3848,4461 3849,4463 3849,4464 3851,4465 3852,4465 3854,4467 4273,4466 4273,4467 4274,4638 4273,4638"/><TextEquiv index="1"><Unicode>j'eſcaladai un mur; je parvins juſqu'au</Unicode></TextEquiv></TextLine><TextLine id="r0_l023"><Coords points="3270,5011 3269,5010 3269,5006 3269,5006 2697,5007 2695,5005 2695,4959 2695,4959 1368,4962 1367,4962 1367,5005 1367,5006 1366,5005 1365,5005 1364,5004 1364,5000 1364,5000 1086,5000 1083,4998 1083,4934 1083,4933 1059,4933 1057,4932 1060,4929 1102,4929 1102,4929 1102,4875 1103,4874 1104,4874 1108,4870 1197,4870 1197,4870 1197,4825 1198,4823 1199,4823 1200,4822 1203,4822 1206,4819 1222,4819 1223,4819 1223,4822 1223,4823 1781,4822 1783,4824 2511,4822 2512,4823 2513,4823 2514,4824 2514,4825 2514,4825 3590,4823 3591,4824 4273,4822 4274,4823 4274,5008 4274,5008"/><TextEquiv index="1"><Unicode>cher Céſar. O ciel! je croyois déjà te</Unicode></TextEquiv></TextLine><TextLine id="r0_l024"><Coords points="3644,5199 3642,5196 3642,5195 3641,5195 3632,5195 3632,5194 3632,5193 3629,5191 3628,5191 3628,5190 3628,5147 3627,5147 3562,5147 3560,5145 2578,5147 2574,5143 2408,5143 2407,5142 2127,5143 2126,5142 1818,5143 1817,5141 1817,5140 1816,5140 1612,5140 1611,5139 1203,5140 1199,5136 1132,5136 1131,5135 1131,5134 1129,5132 1128,5132 1127,5131 1127,5123 1125,5121 1124,5121 1124,5121 1124,5076 1120,5072 1119,5070 1120,5069 1120,5060 1121,5059 1122,5059 1123,5058 1124,5057 1124,5056 1125,5055 1134,5055 1134,5055 1134,5054 820,5055 818,5053 818,5048 820,5047 828,5047 829,5045 829,5044 830,5044 847,5044 847,5043 847,5041 849,5040 1352,5039 1352,5038 1352,5012 1355,5010 1356,5010 1356,5009 1356,5008 1358,5007 1362,5007 1364,5005 1366,5005 1367,5006 1368,5006 1369,5007 1374,5007 1374,5007 1374,5008 1375,5009 1375,5010 1376,5011 1607,5010 1608,5011 1625,5011 1626,5012 2396,5010 2397,5011 2407,5011 2408,5012 4274,5008 4274,5009 4275,5191 4274,5191 3668,5193 3666,5195 3658,5195 3657,5196 3657,5197 3655,5199"/><TextEquiv index="1"><Unicode>tenir dans mes bras. Tout-à-coup, je</Unicode></TextEquiv></TextLine><TextLine id="r0_l025"><Coords points="3250,5383 3248,5381 3248,5380 3248,5380 3247,5380 3246,5379 3043,5379 3041,5378 3041,5377 3041,5376 3040,5376 3038,5375 3038,5332 3038,5331 2451,5332 2450,5331 1957,5332 1956,5331 1955,5331 1953,5330 1953,5329 1953,5328 1948,5328 1947,5327 1568,5328 1567,5328 1567,5327 1565,5324 1469,5324 1468,5323 1210,5324 1209,5324 1209,5323 1207,5320 1195,5320 1194,5320 1194,5319 1193,5317 1119,5317 1116,5315 1116,5312 1120,5308 1120,5284 1119,5283 896,5284 895,5282 895,5280 895,5280 1119,5279 1120,5279 1120,5252 1121,5250 1122,5250 1124,5249 1124,5248 1124,5247 1129,5247 1131,5246 1131,5223 1132,5221 1133,5221 1135,5220 1135,5219 1136,5217 1137,5217 1138,5217 1138,5216 1140,5213 1141,5213 1142,5213 1142,5208 1143,5206 1144,5206 1145,5205 1146,5205 1146,5204 1147,5202 1148,5202 1150,5201 1150,5200 1150,5199 1151,5199 1153,5198 1153,5197 1154,5195 1155,5195 1157,5194 1157,5193 1158,5191 1163,5191 1164,5191 1164,5190 1165,5188 1192,5188 1194,5190 1194,5191 1194,5191 1195,5191 1198,5194 1198,5195 1198,5195 1199,5195 1201,5197 2155,5195 2156,5195 2156,5196 2159,5200 2642,5199 2643,5200 4262,5196 4263,5196 4263,5192 4263,5191 4274,5191 4275,5192 4275,5378 4275,5378 3267,5381 3266,5381 3266,5382 3266,5383"/><TextEquiv index="1"><Unicode>fus arrachée de ce doux ſoupirail, par</Unicode></TextEquiv></TextLine><TextLine id="r0_l026"><Coords points="3143,5575 3143,5574 3143,5567 3142,5567 2990,5567 2990,5567 2990,5566 2988,5564 2984,5564 2980,5560 2979,5560 2979,5560 2979,5545 2978,5544 2548,5545 2547,5544 2547,5543 2546,5542 2545,5542 2544,5541 2543,5520 2543,5519 2336,5520 2333,5517 2333,5516 2333,5516 1910,5516 1909,5515 1908,5515 1904,5512 1668,5512 1665,5509 1555,5509 1554,5508 1182,5509 1181,5508 1180,5508 1179,5508 1179,5506 1179,5505 1152,5505 1149,5503 1149,5502 1149,5501 1140,5501 1139,5501 1139,5500 1137,5497 1133,5497 1131,5496 1131,5495 1131,5494 1130,5494 1124,5489 1124,5485 1122,5482 1121,5482 1120,5482 1120,5417 1120,5416 1092,5416 1091,5416 1091,5411 1090,5409 1089,5409 1087,5408 1087,5403 1088,5402 1089,5402 1091,5400 1091,5399 1092,5398 1164,5398 1164,5398 1164,5385 1166,5383 1167,5383 1168,5382 1168,5381 1169,5380 1170,5380 1172,5378 1172,5377 1173,5376 1185,5376 1186,5375 1186,5374 1188,5372 1190,5372 1190,5373 1190,5374 1191,5375 1191,5376 1192,5376 1227,5376 1227,5376 1227,5379 1228,5380 1469,5379 1470,5381 1470,5385 1471,5385 2417,5383 2418,5385 2418,5388 2419,5388 2949,5387 2950,5388 4263,5385 4263,5385 4263,5379 4264,5378 4275,5378 4275,5379 4276,5564 4275,5564 3157,5567 3157,5567 3157,5574 3156,5575"/><TextEquiv index="1"><Unicode>des hommes cruels, maſqués, conduits</Unicode></TextEquiv></TextLine><TextLine id="r0_l027"><Coords points="3158,5940 3156,5938 3156,5892 3156,5892 2888,5892 2887,5891 2652,5892 2651,5891 2651,5890 2649,5888 2405,5888 2404,5887 1977,5888 1976,5888 1976,5887 1975,5885 1919,5885 1918,5884 1753,5885 1751,5883 1751,5882 1750,5881 1469,5881 1468,5880 1395,5881 1393,5879 1393,5878 1392,5877 1229,5877 1227,5875 1227,5874 1227,5874 1115,5874 1113,5873 1113,5816 1113,5815 1104,5815 1102,5814 1102,5812 1103,5811 1105,5811 1105,5811 1105,5735 1105,5734 1106,5734 1109,5732 1109,5628 1110,5626 1111,5626 1113,5625 1113,5621 1114,5619 1115,5619 1116,5619 1116,5618 1118,5615 1126,5615 1127,5615 1127,5614 1128,5612 1132,5612 1135,5610 1135,5609 1135,5608 1561,5607 1562,5607 1562,5585 1563,5584 1563,5583 1563,5582 1720,5582 1721,5581 1721,5576 1722,5575 1723,5575 1725,5573 1725,5572 1726,5571 1923,5570 1924,5570 1924,5569 1924,5568 1925,5568 1926,5567 1947,5567 1955,5575 4262,5570 4263,5570 4263,5565 4263,5564 4275,5564 4276,5565 4276,5896 4276,5896 3205,5899 3204,5899 3204,5930 3202,5933 3201,5933 3200,5933 3200,5934 3199,5936 3191,5936 3189,5937 3189,5938 3188,5940"/><TextEquiv index="1"><Unicode>eenolure du oeavlar ſarqué levo-</Unicode></TextEquiv></TextLine><TextLine id="r0_l028"><Coords points="4263,6123 4263,6123 4263,6014 4262,6013 4067,6014 4067,6014 4067,6096 4064,6099 4063,6099 4063,6099 4063,6108 4062,6109 4059,6109 4059,6108 4059,6014 4058,6014 4000,6014 4000,6014 4000,6064 3999,6065 3953,6065 3953,6066 3953,6067 3950,6069 3758,6069 3754,6073 3744,6073 3743,6072 3458,6073 3458,6074 3458,6120 3457,6120 3456,6120 3454,6123 3454,6124 3453,6124 3429,6124 3429,6124 3429,6123 3427,6121 3423,6121 3422,6120 3421,6120 3421,6120 3421,6074 3420,6073 3290,6073 3289,6072 3090,6073 3089,6074 3089,6075 3088,6076 3076,6076 3074,6078 3074,6079 3073,6080 3005,6080 3005,6080 3005,6079 3002,6076 3001,6076 3001,6076 3001,6075 2999,6073 2768,6074 2768,6074 2768,6075 2767,6076 2689,6076 2687,6078 2687,6079 2686,6080 2681,6080 2680,6081 2680,6082 2678,6084 2669,6084 2669,6084 2669,6085 2667,6087 2666,6087 2665,6088 2657,6088 2656,6087 2655,6087 2655,6086 2654,6085 2654,6084 2653,6084 2648,6084 2647,6082 2647,6081 2646,6080 2645,6080 2644,6080 2643,6078 2643,6076 2642,6076 2351,6077 2350,6076 2349,6076 2348,6074 2348,6073 2347,6073 2276,6073 2272,6069 2005,6069 2005,6070 2005,6072 2003,6073 1995,6073 1994,6072 1994,6071 1992,6069 1928,6069 1927,6068 1703,6069 1703,6068 1703,6067 1700,6065 1512,6065 1511,6067 1511,6068 1509,6069 1501,6069 1500,6068 1500,6067 1498,6065 1453,6065 1452,6064 1338,6065 1338,6064 1338,6063 1336,6062 1125,6062 1124,6061 1124,6060 1122,6058 1121,6058 1120,6057 1120,6056 1119,6055 1118,6054 1117,6054 1116,6053 1118,6050 1119,6050 1120,6050 1120,6045 1121,6044 1120,5938 1122,5936 1123,5936 1124,5935 1124,5934 1125,5933 1126,5933 1127,5932 1138,5932 1139,5931 1139,5930 1140,5929 1153,5929 1153,5930 1153,5931 1156,5933 1157,5933 1157,5934 1157,5980 1158,5980 1389,5980 1389,5979 1389,5941 1391,5940 1396,5940 1397,5941 1397,5980 1398,5981 1494,5980 1495,5981 1496,5981 1496,5982 1497,5988 1497,5988 1697,5988 1699,5989 1699,5990 1699,5991 1813,5991 1814,5990 1813,5949 1819,5944 1820,5944 1821,5943 1826,5943 1827,5944 1828,5944 1829,5945 2004,5944 2005,5943 2005,5942 2007,5940 2038,5940 2038,5941 2038,5942 2040,5943 2202,5943 2203,5944 2204,5944 2204,5944 2204,5945 2206,5947 2207,5947 2208,5948 2208,5949 2210,5951 2211,5951 2212,5952 2213,5994 2213,5995 2353,5995 2354,5996 2438,5995 2440,5997 2440,5998 2441,5999 2446,5999 2448,6001 2448,6043 2448,6043 2471,6043 2481,6053 2481,6065 2481,6065 2658,6065 2659,6064 2658,5952 2660,5951 2716,5951 2717,5952 2718,5994 2718,5995 2766,5995 2769,5997 2769,5998 2769,5999 2934,5998 2935,5998 2934,5957 2937,5954 2938,5954 2938,5954 2938,5953 2940,5951 2941,5951 2942,5950 2942,5949 2944,5947 2959,5947 2960,5949 2960,5950 2962,5951 2963,5951 2964,5953 2965,5999 2965,5999 3240,5999 3241,5998 3240,5949 3243,5947 3258,5947 3259,5948 3259,5949 3261,5951 3262,5951 3263,5952 3264,5999 3264,6000 3434,5999 3436,5998 3436,5997 3437,5995 3506,5995 3507,5995 3506,5953 3508,5951 3509,5951 3510,5949 3510,5948 3512,5947 3520,5947 3521,5945 3521,5944 3522,5944 3523,5944 3524,5943 3529,5943 3530,5944 3531,5944 3532,5945 3532,5957 3533,5958 3534,5958 3536,5960 3537,5990 3537,5991 3779,5990 3780,5990 3779,5952 3780,5951 3781,5951 3783,5949 3783,5945 3784,5944 3785,5944 3786,5943 3786,5943 3786,5942 3788,5940 3959,5940 3959,5940 3959,5939 3962,5936 3970,5936 3971,5934 3971,5933 3972,5933 3973,5933 3974,5932 3980,5932 3982,5934 3982,5935 3983,5936 3995,5936 4000,5941 4001,5987 4001,5988 4072,5988 4074,5989 4074,5990 4074,5991 4075,5991 4078,5993 4078,5997 4079,5999 4080,5999 4081,5999 4081,6005 4081,6006 4262,6005 4263,6005 4262,5979 4263,5978 4263,5897 4264,5896 4276,5896 4276,5897 4277,6123 4276,6123"/><TextEquiv index="1"><Unicode>lurent m'aſſaſſiner. Je les implorai ſi</Unicode></TextEquiv></TextLine><TextLine id="r0_l029"><Coords points="4264,6325 4263,6325 4263,6270 4263,6269 2847,6272 2846,6273 2846,6282 2845,6283 2844,6283 2842,6285 2842,6293 2841,6294 2840,6294 2839,6295 2839,6300 2838,6301 2837,6301 2835,6303 2835,6304 2834,6305 2833,6305 2831,6307 2831,6308 2830,6309 2825,6309 2823,6311 2819,6312 2816,6314 2816,6315 2816,6316 2785,6316 2783,6314 2783,6313 2782,6312 2777,6312 2776,6311 2143,6312 2142,6311 2142,6310 2141,6309 2140,6309 2138,6307 2138,6298 2138,6298 1978,6298 1976,6297 1976,6265 1976,6264 1525,6265 1516,6256 1391,6257 1389,6255 1389,6254 1389,6254 1301,6254 1300,6253 1276,6253 1275,6252 1275,6251 1274,6250 1137,6250 1135,6249 1135,6248 1134,6246 1129,6246 1128,6246 1128,6245 1126,6242 1125,6242 1124,6242 1124,6230 1122,6227 1121,6227 1120,6227 1120,6222 1119,6220 1118,6220 1116,6219 1116,6203 1115,6202 1110,6202 1109,6201 1109,6174 1107,6172 1102,6172 1102,6172 1102,6170 1103,6168 1115,6168 1116,6168 1116,6167 1117,6165 1129,6165 1131,6164 1131,6163 1132,6161 1133,6161 1135,6160 1135,6159 1136,6157 1385,6157 1386,6156 1386,6125 1387,6124 1388,6124 1389,6123 1389,6122 1390,6121 1391,6121 1392,6120 1399,6120 1400,6119 1400,6118 1401,6117 1406,6117 1408,6118 1408,6119 1409,6121 1410,6121 1411,6121 1411,6122 1412,6123 1412,6130 1412,6131 3890,6125 3891,6124 3895,6124 3897,6123 3897,6122 3897,6121 3906,6121 3909,6124 4276,6123 4277,6124 4277,6325 4277,6325"/><TextEquiv index="1"><Unicode>tendrement, que, malgré les ordres de</Unicode></TextEquiv></TextLine><TextLine id="r0_l030"><Coords points="3691,7669 4281,7668 4281,7849 3691,7850"/><TextEquiv index="1"><Unicode></Unicode></TextEquiv></TextLine></TextRegion></Page></PcGts>