4266 8220
1539 503 2168 692 .
404 724 3429 940 leur indigne chef, ils furent touchés de
192 932 3544 1133 compaſſion, & me laiſsèrent la vie. Le
180 1128 3425 1326 ſcélérat, m'a joué mille autres tours in-
172 1318 3459 1527 dignes, de cette eſpèce. C'eſt un miracle
188 1515 3548 1715 que j'aie pu échapper à tant de dangers.
582 1708 3432 1905 “Bientôt j'appris que tu avois été
176 1901 3544 2102 tranſporté dans les priſons de l'Arche-
242 2094 3429 2296 vêché. Je fus extrêmement effrayée, parce
169 2290 3533 2493 qu'on diſoit que tu avois tué un homme,
165 2483 3390 2684 & qu'on te pourſuivoit au Criminel. „O
145 2672 3672 2882 “Dieu! me diſois - je, pour fruit de
146 2865 3398 3082 “mes peines, aurois-je la douleur de
369 3062 3425 3267 “voir mon ami périr ſur l'échafaud,
369 3252 3417 3456 “& périr pour le Chevalier Marqué?“
373 3448 3463 3647 car le bruit couroit que c'étoit ce mal-
373 3637 3409 3834 heureux que tu avois puni comme il le
134 3832 3421 4033 méritoit. Je vis tous les Magiſtrats. Je
365 4023 3754 4220 leur expliquai les tours indignes que le
119 4215 3699 4418 ſcélérat t'avoit joués, & je te juſtifiai
111 4408 3514 4606 à leurs yeux: „Mais, me diſoit-on, il
107 4601 3402 4799 “n'eſt pas permis de ſe faire juſtice
126 4798 3394 4995 “ſoi-même.“ On me promettoit cepen-
369 4987 3382 5190 dant de s'intéreſſer en ta faveur. L'affaire
365 5182 3664 5389 a traîné en longueur, comme tu le ſais,
369 5377 3610 5582 mon bon ami; j'en ai ſouffert autant que
92 5570 3494 5776 toi. Je vivois ſouvent dans les plaiſirs;
88 5766 3506 6170 le paiſomees oui me faiien poieſſ-
389 6152 3467 6384 ſous les plaiſirs m'étoient amers, tant
