4266 8129
1649 469 2110 654 a
134 706 3443 906 ce nom de Levrette ne la choque pas.
437 902 3743 1095 Il ſuffit que ce ſoit l'emblême de la
101 1092 973 1249 fidélité.
88 1453 3733 1665 io
1722 1841 2130 2059 Suite.
111 2251 3439 2459 e lendemain matin, je pris congé de
422 2448 3443 2648 ma chère Levrette, qui partit pour Paris,
426 2640 3443 2840 en me promettant de s'informer, à ſon
426 2832 3639 3039 arrivée, du ſort de Laure, & de faire
418 3030 3439 3228 ſes efforts pour la délivrer de ſes peines;
426 3216 3455 3414 & moi, de mon côté, je me hâtai de
418 3408 3678 3605 partir pour la ville qui renfermoit le plus
91 3601 3436 3789 tendre objet de mes amours. J'étois prêt
418 3793 3451 3988 d'y arriver, quand je rencontrai un
414 3985 3439 4178 homme, qui avoit été quelque temps à
410 4177 3451 4358 mon ſervice. „Ah! mon cher maître,
406 4366 3420 4546 “me dit-il tout effrayé, où allez-vous?“
76 4558 2928 4753 -- „Je vais, lui répondis je, à
2789 4535 3727 4692 *„
91 4750 3439 4949 -- „Ah! de grace, reprit-il, n'y allez
71 4942 3435 5135 “pas; fuyez ce lieu cruel.“ -- „Et
85 5143 3752 5328 “pourquoi donc, lui dis-je? je te vois
383 5330 3436 5535 “conſterné, tu m'effraies à ton tour. Quel
418 5526 3581 5719 “malheur ai - je à y redouter?“ Mon
418 5715 3462 5918 homme trembloit de tous ſes membres.
410 5907 3566 6096 Je tremblai moi-même. „Aurore, lui dis-
100 6108 3417 6304 “je en frémiſſant?....“ -- „Aurore!..
