4266 8170
89 830 3456 1004 connoiſſance. La Garde fond ſur moi.
300 1026 3447 1222 J'arrache le fuſil à un Soldat; je me
466 1219 3447 1414 défends comme un lion; trois fois je
462 1412 3451 1613 reſaiſis mon amante; trois fois on me
119 1605 3447 1811 la reprend. Il falloit renoncer à elle ou
462 1798 3467 1992 à mon fuſil. Après des prodiges de cou-
454 1991 3467 2187 rage, je me vois privé de l'un & de
231 2186 3470 2383 l'autre, & je ſuis entraîné dans la pri-
99 2377 3478 2571 ſon, que venoit de quitter mon amante.
427 2571 3474 2764 Je fus jeté dans un cachot; j'écumois
455 2763 3478 2966 de rage; je mordois la terre. „O Dieu!
293 2949 3486 3161 “me diſois-je, elle meurt dans cet inſ-
180 3146 3494 3343 “tant; je ſuis arrivé pour aſſiſter preſ-
466 3339 3490 3534 “que à ſon ſupplice, & je ne puis
169 3532 3505 3717 “l'empêcher. Dieu juſte! Dieu des mi-
425 3718 3514 3892 “ſéricordes! ô ſauve mon amante in-
474 3918 3490 4109 “nocente! épargne ce crime à la terre,
435 4103 3621 4293 “à moi, à moi l'auteur de ſes maux;
432 4300 3501 4494 “que je n'aie pas cet horrible reproche
424 4486 3501 4683 “à me faire. Mon Dieu! prends pitié
424 4675 3501 4872 “du plus coupable, mais du plus mal-
416 4876 3501 5070 “heureux des hommes.“ O! comme je
304 5065 3505 5262 priois Dieu avec ardeur, proſterné la
431 5258 3764 5460 face contre terre! O! comme mon cœur
443 5451 3505 5656 s'élançoit hors de ma poitrine! comme
443 5644 3501 5854 le malheur rend pieux, & nous jette
455 5836 3501 6051 aux pieds de l'Etre-Suprême. Je ne l'avois
246 6030 3525 6269 jamais ſi bien ſenti qu'en ce moment
462 6217 1235 6420 terrible.
