4266 8343
981 787 4242 1014 On me fit ſubir un interrogatoire.
985 1008 4230 1214 „Ah! Meſſieurs, m'écriai - je, ſauvez
973 1210 4243 1405 “une innocente, s'il en eſt temps en-
972 1404 4243 1619 “core. Je l'ai trompée par un faux ma-
972 1623 1908 1819 “riage.“
1012 1776 4243 2006 Tout-à-coup une femme accourt avec
945 1996 4242 2204 un enfant dans ſes bras, en s'écriant:
969 2191 4243 2410 „Sauvez l'innocente; je ſuis ſeule cou-
957 2394 4243 2607 “pable. J'avois eu le malheur de voir
964 2595 4243 2810 “mourir mon enfant. Je lui ai volé le
957 2791 4243 3019 “ſien vivant. Je lui ai mis le mien mort
953 3000 2228 3209 “en ſa place.“
1004 3171 4242 3396 On l'écoute, on lui commande de
866 3361 4243 3593 s'expliquer. „Hélas! oui, dit - elle, il
949 3587 4243 3793 “en ſera ce qu'il pourra; prenez ma
949 3785 4243 3990 “vie, ſi vous le voulez; mais je ne
830 3980 4243 4187 “laiſſerai pas périr une innocente, pour
704 4179 4243 4383 “ma faute. J'avois eu le malheur de
909 4380 4243 4586 “ſuccomber ſous les ſéductions d'un
719 4574 4243 4786 “homme; il s'étoit formé, dans mon
901 4772 4243 4976 “ſein, un fruit malheureux de la ſé-
901 4974 4242 5175 “duction. Je n'ai oſé déclarer juridi-
909 5168 4243 5374 “quement mon opprobre à un Magiſ-
897 5365 4243 5578 “trat. J'ai eu le malheur de mettre au
877 5572 4243 5777 “monde un enfant privé de la vie en
917 5769 4243 5985 “naiſſant. J'ai appris qu'il exiſtoit une
913 5975 4243 6174 “loi, que je ne pouvois me réſoudre à
878 6173 4243 6374 “croire exiſtante, une loi par laquelle
913 6366 4243 6577 “je ſerois condamnée à la mort, pour
