4266 8281
1476 552 2039 773 .
54 781 3268 990 “celle de mon enfant, parce que je
50 981 3260 1194 “n'avois pas fait ma déclaration, &
46 1179 3268 1388 “que je ne pouvois prouver qu'il étoit
42 1378 3272 1586 “mort naturellement. Je croyois ma
42 1578 3287 1787 “voiſine mariée; je penſois donc qu'elle
42 1773 3358 1982 “n'étoit pas expoſée au même danger.
54 1971 3264 2179 „Allons, me ſuis-je dit, ſauvons notre
50 2168 3268 2377 “vie; permettons - nous un petit vol
54 2360 3283 2569 “paſſager, pour un but ſi indiſpenſable.
122 2561 3281 2771 “Je m'engage devant Dieu à lui re-
188 2765 3280 2973 “mettre, le plutôt que je pourrai, ſon
50 2957 3586 3171 “enfant; je le ferai auſſi-tôt que je le
50 3158 3405 3360 “pourrai, ſans danger.“ Alors j'ai en-
46 3342 3292 3557 “levé l'enfant, vivant & charmant, de
38 3539 3288 3747 “ma voiſine, & j'ai mis, à ſa place,
215 3731 3291 3945 “dans le berceau, mon infortunée pro-
219 3936 3374 4148 “géniture, morte en naiſſant. Je me ſuis
172 4128 3543 4342 “ſauvée avec mon vol; mais ô Dieu!
172 4328 3441 4529 “j'ai appris, avec horreur, que mon
38 4517 3291 4731 “infortunée voiſine ne pouvoit prou-
42 4717 3284 4924 “ver ſon mariage; qu'elle étoit tombée
46 4918 3578 5123 “entre les mains de la Juſtice, & qu'elle
223 5112 3284 5323 “étoit expoſée à périr du dernier ſup-
38 5307 3515 5529 “plice, quoiqu'innocente. Alors je ſuis
42 5503 3285 5720 “accourue, au riſque de périr, moi-
62 5698 3276 5940 “même. Voilà ſon enfant, Meſſieurs.
60 5900 3288 6125 “Faites venir la mère. Confrontez - là
58 6089 3315 6326 “avec ſon fils; vous verrez qu'il lui
42 6289 3295 6545 “reſſemble. Rendez juſtice à l'inno-
