4266 8146
2559 599 3011 793 .
929 822 4224 1032 “cence, & faites de moi ce que vous
1250 1028 2603 1175 “voudrez.“
1197 1197 4216 1415 Les Juges regardoient, avec étonne-
1189 1403 4228 1591 ment & admiration, cette jeune per-
1202 1590 4202 1791 ſonne, qui étoit d'une figure charmante.
1227 1786 4205 1981 Je ne pouvois m'empêcher, moi-même,
1266 1976 4197 2172 de la contempler avec attendriſſement.
1281 2169 4197 2364 „O belle perſonne! m'écriai-je, hon-
1185 2360 4212 2557 “nête & digne perſonne, qui me
1250 2547 4197 2739 “rendez mon fils, ce que j'ai de plus
1246 2739 4193 2922 “cher au monde. Je vous remercie à
1239 2934 4193 3133 “genoux de votre bonté, de votre
1227 3121 4182 3305 “vertu, de votre magnanimité. Puiſſent
1078 3309 4174 3510 “les Juges penſer comme moi, & ſen-
1170 3500 4174 3700 “tir que les loix ne ſont pas faites pour
1220 3699 3152 3895 “outrager la vertu!“
1170 3898 4162 4086 Tout-à-coup nous voyons entrer un
1021 4078 4185 4278 nouveau perſonnage, frénétique de dou-
1158 4273 4159 4465 leur. C'étoit un Juge; c'étoit le Rappor-
1154 4462 4189 4656 teur du procès de mon amante. „Ah!
1155 4648 4189 4846 “malheur à moi, diſoit-il! j'ai fait con-
1166 4840 4186 5039 “damner une innocente. Elle avoit beau
1200 5035 4140 5226 “me faire voir clairement qu'elle avoit
1197 5230 4128 5425 “été abuſée par un faux mariage. Je
1155 5421 4182 5618 “repouſſois la lumière. Je n'oſois exa-
994 5590 4186 5815 “miner mon cœur. Il étoit criminel,
1124 5800 4120 6003 “ce cœur perfide. Il étoit malheureuſe-
1124 5988 4182 6199 “ment atteint d'une paſſioh funeſte
1181 6196 4174 6397 “pour l'accuſée. J'ai été entraîné par
3795 6397 4175 6587 “un
