4266 7797
1575 770 2124 977 (..
60 978 3325 1173 “un penchant inſurmontable. Je n'ai
135 1162 3286 1356 “pu lui cacher l'impreſſion qu'elle fai-
387 1341 3189 1521 “ſoit ſur moi; je n'ai vu, chez elle,
153 1528 3232 1707 “que de la répugnance, & peut - être
153 1701 3236 1891 “de l'averſion pour moi. Mon amour
157 1883 3229 2072 “s'eſt tourné en-haine. Voilà ce qui m'a
171 2062 3225 2231 “rendu ſourd à ſes raiſons. J'ai ſouhaité
225 2245 3290 2436 “de la trouver coupable; & mon eſprit
383 2428 3182 2618 “a été la dupe de mon cœur dépravé.
386 2615 3404 2799 “Craignant tout ce qui pouvoit m'é-
379 2781 3408 2982 “clairer, j'ai négligé de lire une lettre
214 2971 3221 3151 “que j'avois reçue, parce que celui qui
207 3150 3196 3329 “me l'avoit apportée m'avoit dit, que
207 3329 3182 3506 “cette lettre prouvoit l'innocence de
361 3501 3225 3869 ele mmqpnond enn aaut dépe,
229 3864 3232 4052 “l'infortunée, ſon enfant vivant, &
250 4043 3211 4228 “qu'on lui en avoit laiſſé un mort à la
254 4226 3186 4406 “place. Je ſuis un monſtre. J'ai fait
368 4402 3225 4589 “périr l'innocence, la beauté, la vertu.
361 4568 3229 4770 “Je vous ai engagés tous, Meſſieurs,
365 4764 3214 4951 “dans une erreur cruelle, dont vous
289 4940 3175 5140 “deve tous gémir. L'enfer eſt dans
300 5130 3153 5314 “mon cœur; délivrez moi de la vie.“
304 5310 3232 5497 „Quoi! monſtre, me ſuis - je écrié,
365 5489 3239 5683 “c'eſt toi qui as fait périr mon amante;
322 5668 3494 5863 “mais, ô Dieu! a-t-elle ſubi le ſupplice?
329 5848 3196 6038 “ne ſeroit-il pas temps de la ſauver?“
340 6028 3193 6225 Pour toute réponſe, on donna l'ordre
358 6196 1395 6390 Tome lr.
