4266 8046
240 1083 3471 1278 “en ſortant, on a laiſſé approcher d'elle
44 1276 3245 1466 “un Chirurgien, qui lui a préſenté un
355 1462 3434 1656 “cordial, pour la ranimer. Pluſieurs
107 1648 3497 1837 “autres Chirurgiens ſont accourus; ils
188 1833 3274 2030 “ont enlevé la belle perſonne, qui pa-
348 2019 3248 2214 “roiſſoit toujours évanouie. La Garde
344 2212 3270 2403 “a voulu fondre ſur eux; mais une
344 2394 3245 2591 “foule de jeunes-gens a mis l'épée à la
192 2587 3556 2777 “main, a ſoutenu, pendant quelque
333 2776 3259 2962 “temps, l'effort des Archers, qui, plai-
330 2963 3253 3149 “gnant eux - mêmes la victime, n'ont
327 3153 3260 3327 “pas combattu avec beaucoup d'achar-
281 3330 3252 3520 “nement pour la ravoir. De cette ma-
326 3508 3274 3702 “nière, on a laiſſé le temps, aux Chirur-
322 3700 3256 3891 “giens, de diſparoître, avec leur cap-
322 3887 3430 4073 “ture. Comme on a découvert enſuite
326 4069 3441 4251 “l'innocence de cette infortunée, on
312 4255 3257 4444 “n'a pas jugé à propos de faire des re-
322 4443 3260 4633 “cherches, pour la ravir à ceux qui
329 4626 3523 4814 “l'ont ſauvée. On s'eſt contenté de ré-
326 4811 3252 4982 “habiliter ſon innocence. Quant à vous
326 5001 3564 5194 “qui avez trompé cette belle, par un
333 5186 3516 5380 “faux mariage, on va vous faire votre
337 5377 3252 5569 “procès, auſſi bien qu'à celle qui a
341 5565 3252 5755 “mis ſon enfant mort à la place de
337 5751 2283 5937 “celui de votre amante.“
511 5929 3252 6134 Ces nouvelles ne ſuffiſoient pas pour
344 6122 3534 6323 me conſoler. C'étoit un grand plaiſir
318 6315 3267 6528 pour moi de ſavoir que l'innocente Au-
2446 6505 2751 6694 Cii
