4266 8280
193 978 3485 1197 porte de mon cachot. Un Magiſtrat
183 1171 3478 1377 s'offre à mes yeux, avec une femme
190 1361 3494 1578 qu'il tient par la main, & qu'il m'a-
183 1553 3481 1770 mène. Je trouvois cette fonction ſin-
194 1744 3642 2131 e eeomnoii le nſaieenrent aeproreai,
205 2129 3485 2300 avec la femme à l'enfant mort. Je voulus
198 2325 3485 2528 d'abord, dans mon indignation, me
474 2509 3478 2743 précipiter ſur l'indigne Juge, pour le
206 2712 3489 2930 punir de ſon crime; mais la jeune Dame
221 2903 3715 3106 me pria de me modérer, & de l'écouter.
232 3091 3485 3290 „Il eſt bien coupable, dit-elle; mais
332 3282 3642 3431 “il eſt bien malheureux. Il a de la for-
275 3470 3523 3662 “tune; il veut réparer ſon crime, au-
225 3661 3826 3853 “tant qu'il eſt en lui. Je crois, mon
228 3848 3500 4040 “bon ami, qu'il faut accepter tous les
225 4040 3780 4236 “gages de ſon repentir. Pour commen-
236 4231 3666 4424 “cer, je vous prie, ayez la complai-
259 4422 3497 4614 “ſance de l'écouter....“ -- „Ma belle
236 4614 3493 4807 “Dame, répondis-je, votre voix a un
258 4805 3726 4999 “charme qui me pénètre. Elle eſt bien
251 4993 3485 5192 “puiſſante ſur moi, puiſqu'elle me donne
259 5184 3489 5379 “la force d'écouter ce malheureux que
282 5375 3485 5578 “je dois abhorrer, pour le mal épou-
489 5567 3726 5808 “vantable qu'il m'a fait. Parle donc,
489 5758 3722 5953 “malheureux, que me veux - tu?“ --
500 5945 3730 6152 „Infortuné jeune-homme, dit-il, j'ai
263 6137 3493 6347 “des fautes à me reprocher; tu en as
267 6341 3485 6539 „comme moi. Nous devons nous ſup-
2624 6550 2989 6736 C ii
