4266 8537
729 837 4206 1062 “porter l'un l'autre, & nous aider mu-
1034 1049 4173 1254 “tuellement, puiſque nous ſommes de la
689 1254 4250 1460 “claſſe des coupables. Tu es pourſuivi,
909 1451 4193 1664 “pour un crime réel, pour une profa-
685 1655 4170 1867 “nation jointe à une inſigne tromperie,
1033 1860 4170 2056 “d'où il eſt réſulté les ſuites les plus
789 2060 4170 2265 “affreuſes. On peut te reprocher d'avoir
901 2264 4174 2413 “offenſé Dieu & les hommes. On te
1029 2461 4177 2670 “puniroit d'une conduite ſi imprudente;
1018 2669 4230 2877 “mais tu paroîs bien né. Il y a appa-
1010 2866 4174 3079 “rence qu'un âge plus mûr te rendra
1014 3071 4174 3281 “plus ſage, & ce n'eſt pas à moi, cou-
769 3271 4174 3472 “pable, à me montrer rigoureux vis-
825 3468 4214 3668 “à-vis de mon ſemblable. Je viens donc
821 3668 4170 3869 “t'offrir les moyens d'échapper au ſup-
660 3873 4154 4082 “plice, dont tu es peut - être menacé.
997 4069 4154 4274 “Fuis avec cette belle perſonne, qui
1005 4270 4158 4474 “eſt moins coupable que toi. Elle eſt
1001 4470 4150 4680 “pourſuivie par une loi cruelle, qui la
1001 4671 4154 4883 “puniroit de ce que ſon enfant eſt
681 4871 4149 5087 “mort, ſans qu'elle en eût fait la dé-
857 5072 4142 5289 “claration. Elle a commis, de plus, le
1006 5276 4137 5445 “crime d'avoir volé l'enfant d'une autre
669 5477 4133 5695 “infortunée, & d'avoir cauſé ſa mort;
664 5685 4129 5874 “mais elle a une belle ame, & je
1005 5888 4125 6098 “dois la ſauver. Mes enfans, acceptez
817 6094 4174 6302 “ma bourſe. Il n'y a que trois cents
997 6290 4174 6501 “louis, je voudrois pouvoir faire mieux.
1001 6500 4158 6712 “Vous partagerez enſemble. Toi, jeune-
