4266 8348
2130 695 2697 930 (
706 972 4093 1179 arrivâmes le lendemain matin. Quand
1012 1176 4097 1373 je me trouvai ſi près des parens de ma
1012 1368 4082 1569 victime, le cœur me battit avec une
717 1569 4089 1769 force étonnante. Mes genoux ſe déro-
733 1769 4089 1972 boient ſous moi. Comment oſer entrer
1019 1961 4124 2171 dans la cabane qui renfermoit deux in-
866 2152 4124 2370 fortunés, que j'avois contribué à rendre
1012 2366 4085 2570 ſi malheureux? Quels reproches amers
827 2558 4187 2767 n'avoient-ils pas à me faire! Ne devois-
780 2754 4215 2959 je pas être un monſtre à leurs yeux? Je
651 2955 4093 3159 n'oſois me préſenter chez eux; je ſen-
1020 3147 4160 3345 tois une main qui me repouſſoit; je
1016 3345 4119 3557 croyois voir l'Ange exterminateur qui
1012 3543 4121 3749 m'écartoit avec ſon épée flamboyante.
1024 3737 4156 3901 Je me rendis chez le Curé. Je vis
1008 3936 4074 4144 un vénérable vieillard à cheveux blancs,
859 4140 4085 4344 dont la figure étoit en même temps ca-
1008 4332 4140 4537 pable d'en impoſer & de raſſurer. „O!
788 4524 4085 4731 “noble Paſteur, lui dis -je, apprenez-
894 4729 4077 4925 “moi le ſort des parens de ma chère
1000 4921 4168 5130 “Aurore. Daignez me conduire à leurs
1000 5121 4070 5318 “pieds. J'ai entendu dire que vous êtes
1000 5317 4066 5526 “l'ami particulier du Confeſſeur, qui
996 5522 4073 5714 “a dû aſſiſter dernièrement, à la mort,
882 5718 4167 5918 “une victime innocente, la plus belle
988 5910 4168 6121 “& la plus vertueuſe fille du monde.
902 6110 4054 6316 Vit-elle? n'eſt-elle point plutôt réfu-
996 6314 4046 6511 “giée auprès des auteurs de ſes jours?
670 6507 4042 6708 “Vous voyez le malheureux qui l'a
