4266 8189
237 976 3648 1183 “ſéduite, qui l'a indignement trompée
575 1178 3537 1392 “par un faux mariage. Hélas! il ne
571 1373 3537 1564 “demanderoit qu'à réparer ſes torts;
583 1564 3552 1771 “mais en eſt-il temps encore? N'y a-t-il
571 1755 3594 1961 “point lieu de ſe flatter que l'infortunée
575 1949 3533 2148 “reſpire, & voit encore la lumière?“
556 2140 3548 2341 -- „Mon cher enfant, me répondit
556 2334 3865 2529 “le Curé, vous me paroiſſez repen-
564 2526 3556 2720 “tant. Hélas! la faute eſt grande; mais,
561 2722 3553 2923 “ſi Dieu la pardonne, elle eſt peut-
217 2918 3876 3110 “être réparable. Je ſais de quoi vous
468 3105 3877 3300 “me parlez. J'ai reçu, en effet, une
560 3296 3556 3472 “lettre de mon ami ſur ce ſujet inté-
552 3480 3560 3680 “réſſant. Il m'apprend que votre amante
556 3674 3567 3861 “a été condamnée injuſtement; mais
514 3865 3548 4064 “il ne me dit point qu'elle ait péri;
556 4057 3560 4273 “au contraire, il m'apprend qu'elle a
552 4246 3705 4441 “été dérobée au ſupplice, par des Chi-
548 4440 3873 4628 “rurgiens qui l'ont enlevée; que les
541 4620 3560 4831 “Magiſtrats, ayant découvert ſon inno-
354 4820 3567 5020 “cence, l'ont réhabilitée; mais il ne
438 5013 3697 5208 “m'apprend point ce qu'elle eſt devenue
579 5208 3564 5415 “depuis. Il m'écrira peut-être quelque
579 5399 3827 5636 “choſe ſur ce touchant objet, dans ſa
293 5597 3708 5805 “prochaine lettre; &, s'il y manquoit,
230 5785 3648 6021 “je ne manquerois pas, de mon côté,
220 5979 3560 6190 “de lui demander des informations là-
568 6170 3556 6381 “deſſus. Je vous communiquerai, ſi
560 6368 3560 6582 “vous voulez, la lettre de mon ami;
2594 6573 3182 6804 Cv
