4266 8116
1687 675 2284 886 i
87 916 3406 1118 beaucoup. Nous avouâmes, Fatime &
461 1109 3659 1306 moi, nos fautes à l'égard de notre vic-
461 1301 3621 1518 time. Le vénérable Eccléſiaſtique eut,
450 1492 3628 1699 pluſieurs fois, les yeux humides, pen-
94 1683 3410 1880 dant nos récits. Nous l'intéreſsâmes l'un
278 1874 3418 2069 & l'autre. Il nous le témoigna de la ma-
438 2069 3422 2264 nière la plus honnête, &, à notre prière,
90 2263 3719 2456 il nous lut la lettre qu'il avoit reçue
408 2451 2489 2676 du Confeſſeur ſon ami.
545 2743 3128 2999 Lettre du R. P. Prudhomme,
905 3068 2865 3266 au Curé de ***
412 3399 3425 3618 „Mon bon ami, je ſuis navré d'un
140 3609 3429 3998 eeſe eiriv dile a o les luges
442 3990 3437 4182 ont prononcé la plus injuſte condamna-
175 4178 3674 4373 tion, dont ſans doute ils ſe repentiront
438 4369 3628 4564 par la ſuite; car je les connois la plu-
167 4556 3429 4753 part perſonnellement, & je ſais qu'ils
415 4750 3704 4961 ont les intentions les plus droites & les
159 4934 1539 5163 plus honnêtes.
431 5129 3777 5340 “Une jeune perſonne d'environ dix-
155 5316 3482 5534 huit ans, d'une figure angélique; je puis
155 5507 3418 5732 lui reconnoître cet avantage, parce que
159 5705 3418 5921 toute la ville a paru la voir avec admi-
163 5893 3590 6115 ration; une jeune perſonne, dis-je, de
171 6080 3418 6287 la plus rare beauté, avoit une ame auſſi
182 6267 3410 6508 belle, pour le moins, que ſon corps.
