4266 8237
482 941 3472 1158 tant; mais, une heure après, on n'a
131 1151 3728 1549 nlr mo,t dun ee reomnaſois pa
240 1548 3487 1944 a avui s eertde d, di, d l memnni-
244 1938 3483 2136 ſon, une femme qui paroiſſoit avoir auſſi
81 2136 3483 2337 accouché, & emporter un enfant dans
454 2333 3608 2487 ſes bras. Je ne ſais comment l'hiſtoire
96 2529 3468 2729 eſt parvenue aux oreilles de la Juſtice,
92 2728 3487 2927 qui a fait arrêter, ſur-le-champ, la jeune
81 2922 2891 3126 accouchée, non la fugitive....
633 3117 3631 3311 “Je vous confeſſe ici un ſecret, que
450 3308 3495 3504 ne révèle qu'à vous, & que les Juges
302 3499 3491 3694 s'efforcent juſtement d'enſevelir dans
147 3693 3826 3892 l'oubli. Le Rapporteur a conçu, pour
451 3888 3491 4091 l'accuſée, une paſſion criminelle; il a
443 4083 3495 4274 oſé la lui dévoiler. Il a été rebuté; il
96 4277 3859 4477 en eſt devenu furieux. Son reſſentiment
108 4472 3690 4672 l'a rendu ſourd aux cris de l'innocence,
108 4643 3491 4886 & il a fait condamner celle qu'il ne
143 4861 1646 5063 pouvoit ſéduire.
505 5056 3655 5259 “Enfin la malheureuſe, qui avoit
119 5250 3483 5458 diſparu en laiſſant un enfant mort, &
112 5449 3623 5652 en dérobant l'enfant vivant de l'accuſée,
100 5644 3503 5852 eſt revenue avouer ſon crime. Le Rap-
466 5846 3503 6054 porteur alors, convaincu de l'innocence
112 6032 3732 6247 de ſa victime, a ſenti des remords, &
121 6227 3771 6447 a fait un aveu terrible de ſa paſſion cri-
459 6428 1129 6587 minelle.
