4266 8343
2042 665 2648 919 .
1162 938 4139 1155 “Cependant l'infortunée alloit périr.
838 1147 4186 1353 Je venois d'être appellé auprès d'elle,
953 1349 4119 1551 pour lui donner mes ſoins. Jamais je
953 1545 4242 1752 n'ai ſenti des poignards ſi aigus déchirer
751 1744 4198 1948 mon cœur, à la vue des malheureux
822 1942 4203 2144 patiens, qu'à l'aſpect de cette jeune
632 2140 4210 2344 perſonne. L'horreur d'une mort pro-
945 2338 4135 2540 chaine n'avoit pu effacer les graces inex-
933 2536 4199 2741 primables que la nature lui a prodiguées.
933 2734 4226 2939 Je voyois ſe réunir, aux fleurs de la
933 2928 4143 3138 beauté, le plus grand air de candeur
929 3134 4159 3327 & d'innocence; & la douleur la plus
921 3320 4210 3541 noble ajoutoit tant d'intérêt à ces charmes
925 3518 4056 3725 puiſſans, que j'ai manqué de tomber,
917 3719 4238 3924 moi-même, en foibleſſe, aux pieds de
889 3909 4242 4124 l'infortunée. J'ai eu le glaive dans le
917 4115 4242 4322 ſein, pendant tout le récit qu'elle m'a
917 4299 4242 4519 fait de ſa vie, trop tôt terminée. O
822 4511 4242 4720 Dieu! la plus belle ame, la plus pure
771 4709 4242 4924 innocence! Tout en elle étoit céleſte.
921 4902 4242 5105 C'étoit un ange enchaîné par des bour-
909 5101 4242 5311 reaux. Comment des hommes ont - ils
917 5299 4242 5514 eu la force cruelle de condamner une
917 5496 4242 5714 ſi belle perſonne, eût-elle été coupable?
1115 5698 4242 5915 “On eſt venu l'enlever, pour la
917 5898 4242 6111 conduire au lieu du ſupplice; elle me
620 6100 4242 6316 tendoit, comme elle pouvoit, ſes mains
921 6301 4242 6501 enchaînées. Je fondois en larmes. J'ai-
913 6497 4242 6712 dois à la ſoutenir; fardeau ſacré, que
