4266 8226
1078 849 4208 1047 fille innocente, uniquement parce qu'elle
1055 1043 4091 1253 n'a pas déclaré ſa honte au Magiſtrat,
752 1241 4133 1439 & que ſon enfant ſe trouve mort, ſans
1040 1431 4134 1637 qu'elle puiſſe prouver qu'elle n'eſt point
1032 1629 4188 1832 coupable de ſa mort, cette loi, dis-je,
1074 1826 4107 2026 étant ſi rigoureuſe, les Juges devoient-
737 2018 4103 2223 ils ſe tant preſſer de l'exécuter, ſans
744 2219 4126 2420 avoir fait des informations avec un re-
946 2414 4083 2615 doublement de ſoins & de ſcrupules?
1067 2584 4204 2806 “Voilà, mon bon ami, tout ce que
1070 2798 4107 3004 je puis vous dire, pour le préſent, ſur
973 3000 4107 3199 ce ſujet déchirant. Je ſouhaite vivement,
748 3190 4107 3388 comme tout le monde, qu'on puiſſe
1059 3380 4103 3576 retrouver cette intéreſſante perſonne, &
1051 3576 4204 3773 réparer, autant qu'on le pourra, tous
741 3769 4192 3970 les tourmens qu'on lui a fait ſouffrir.
892 3963 4095 4169 Dès que je ſaurai quelque choſe de plus,
861 4161 3978 4385 je vous le manderai ſur-le-champ.“
718 4534 4115 4768 : E
2116 4907 2803 5055 Suite.
1059 5303 4087 5528 u vois, mon cher ami, que cette
1067 5504 4122 5722 lettre ne m'apprenoit rien. J'en gémis
880 5710 4181 5920 du fond de mon cœur, & je priai le
1063 5904 4076 6118 Curé d'envoyer, ſur-le-champ, un exprès,
1067 6114 4157 6317 que je paierois, pour ſavoir, du Con-
1074 6288 4079 6513 feſſeur, les nouvelles qu'il auroit pu
3789 8028 4100 8169 --
