<PcGts xmlns="http://schema.primaresearch.org/PAGE/gts/pagecontent/2017-07-15" xmlns:xsi="http://www.w3.org/2001/XMLSchema-instance" xsi:schemaLocation="http://schema.primaresearch.org/PAGE/gts/pagecontent/2017-07-15 http://schema.primaresearch.org/PAGE/gts/pagecontent/2017-07-15/pagecontent.xsd"><Metadata><Creator>User123</Creator><Created>2020-10-15T18:12:25</Created><LastChange>2020-10-15T18:12:25</LastChange></Metadata><Page imageFilename="0076.png" imageHeight="8194" imageWidth="4266"><TextRegion id="r0" type="paragraph" orientation="-0.0"><Coords points="1,1 4264,1 4264,8192 1,8192"/><TextLine id="r0_l001"><Coords points="1519,578 2174,578 2174,817 1519,817"/><TextEquiv index="1"><Unicode></Unicode></TextEquiv></TextLine><TextLine id="r0_l002"><Coords points="637,1074 631,1069 631,1025 631,1024 529,1024 527,1023 527,1018 528,1017 529,1017 530,1016 550,1016 550,1016 550,961 552,959 553,959 554,958 554,953 556,951 557,951 558,950 558,949 560,947 565,947 565,947 565,946 568,943 584,943 585,942 585,941 586,940 587,940 588,939 646,939 647,938 647,937 648,936 649,936 650,935 735,935 735,935 735,934 737,932 1070,932 1070,932 1070,881 1071,880 1071,879 1072,878 1085,878 1085,878 1085,877 1086,876 1086,875 1087,874 1351,874 1352,873 1352,872 1354,870 1363,870 1363,870 1363,869 1364,868 1364,867 1364,866 340,866 338,865 338,864 339,863 1858,863 1859,862 2573,862 2574,861 2574,860 2575,859 2576,859 2577,858 2577,857 2579,855 2581,855 2582,857 2582,862 2583,862 3112,862 3113,864 3113,865 3115,866 3363,866 3364,868 3364,901 3365,901 3498,901 3499,903 3499,904 3501,905 3533,905 3533,906 3533,950 3534,951 3534,982 3535,982 3853,982 3853,983 3853,989 3853,989 3852,989 3849,992 3849,993 3849,993 3848,993 3847,994 3527,994 3526,995 3526,1011 3524,1013 3523,1013 3522,1014 3522,1015 3520,1017 3519,1017 3518,1018 3518,1019 3509,1028 3505,1028 3497,1036 3493,1036 3491,1038 3491,1039 3490,1040 2964,1040 2963,1041 2963,1061 2963,1061 1557,1061 1556,1062 1556,1065 1556,1065 759,1065 758,1066 758,1070 758,1070 757,1070 754,1073 754,1074 754,1074"/><TextEquiv index="1"><Unicode>apprendre depuis ſa lettre. Il y conſentit,</Unicode></TextEquiv></TextLine><TextLine id="r0_l003"><Coords points="1330,1259 1329,1259 1329,1258 1329,1257 1328,1256 1327,1256 1325,1255 1325,1237 1325,1236 498,1236 496,1235 496,1231 499,1228 1325,1228 1325,1228 1325,1214 1325,1213 579,1213 577,1212 577,1211 576,1209 567,1209 566,1209 566,1208 564,1205 563,1205 562,1205 562,1204 560,1201 559,1201 558,1201 558,1200 556,1197 555,1197 554,1197 554,1196 553,1194 552,1194 550,1193 550,1188 549,1186 548,1186 546,1185 546,1181 549,1178 550,1178 550,1178 550,1161 552,1159 553,1159 554,1158 554,1157 555,1156 556,1156 558,1154 558,1153 559,1152 560,1152 562,1150 562,1149 563,1148 564,1148 566,1146 566,1145 567,1144 569,1144 569,1144 569,1108 580,1097 584,1097 585,1096 585,1095 586,1094 1444,1094 1444,1094 1444,1092 1446,1090 1447,1090 1448,1089 1448,1080 1450,1078 1455,1078 1456,1077 1456,1076 1458,1074 1533,1074 1533,1074 1533,1068 1534,1067 1543,1067 1545,1065 1664,1065 1666,1063 2954,1063 2956,1061 2963,1061 2965,1063 2970,1063 2971,1065 2971,1066 2972,1066 3326,1066 3327,1067 3359,1067 3360,1069 3360,1070 3361,1070 3362,1070 3364,1073 3364,1074 3365,1074 3366,1074 3368,1077 3368,1117 3369,1117 3402,1117 3402,1118 3402,1119 3404,1120 3442,1120 3443,1121 3444,1121 3445,1123 3445,1124 3446,1124 3447,1124 3449,1127 3449,1128 3450,1128 3451,1128 3452,1130 3452,1131 3453,1132 3453,1144 3454,1144 3525,1144 3526,1146 3526,1147 3528,1148 3529,1148 3530,1150 3530,1157 3529,1158 3529,1159 3529,1159 3528,1159 3526,1161 3526,1165 3525,1166 3525,1167 3525,1167 3504,1167 3503,1168 3503,1169 3501,1171 3469,1171 3468,1172 3468,1200 3466,1202 2676,1202 2675,1203 2675,1259 2675,1259"/><TextEquiv index="1"><Unicode>&amp; nous expédiâmes notre Courier. En-</Unicode></TextEquiv></TextLine><TextLine id="r0_l004"><Coords points="482,1463 481,1463 481,1458 483,1456 488,1456 488,1456 488,1443 491,1440 1529,1440 1529,1440 1529,1407 1529,1406 545,1406 542,1404 542,1393 545,1390 546,1390 546,1390 546,1327 548,1325 561,1325 562,1324 562,1300 587,1275 591,1275 593,1273 593,1272 594,1271 595,1271 597,1269 597,1268 598,1267 719,1267 720,1269 720,1274 722,1275 723,1275 724,1277 724,1309 725,1309 2165,1309 2165,1309 2165,1265 2167,1263 2168,1263 2169,1262 2169,1261 2171,1259 2226,1259 2228,1257 2809,1257 2810,1256 2811,1256 2812,1255 2816,1255 2817,1254 2817,1253 2818,1252 2819,1252 2820,1251 2821,1251 2822,1252 3363,1252 3364,1254 3364,1255 3365,1255 3370,1255 3372,1258 3372,1259 3373,1259 3374,1259 3375,1261 3375,1306 3376,1306 3464,1306 3464,1307 3464,1308 3466,1309 3501,1309 3503,1312 3503,1313 3504,1313 3509,1313 3510,1315 3510,1316 3512,1317 3513,1317 3514,1319 3514,1320 3516,1321 3517,1321 3518,1323 3518,1328 3520,1329 3521,1329 3522,1331 3522,1355 3524,1356 3533,1356 3533,1357 3533,1362 3535,1363 3536,1363 3537,1365 3537,1370 3532,1375 3531,1375 3530,1376 3530,1389 3529,1390 3528,1390 3526,1392 3526,1393 3525,1394 3180,1394 3179,1395 3179,1428 3178,1429 3177,1429 3175,1431 3175,1432 3174,1433 3169,1433 3167,1432 3167,1411 3167,1410 3089,1410 3086,1408 3086,1399 3086,1398 1534,1398 1533,1399 1533,1454 1533,1454 490,1454 489,1455 489,1462 488,1463"/><TextEquiv index="1"><Unicode>ſuite nous nous rendîmes à la maiſon</Unicode></TextEquiv></TextLine><TextLine id="r0_l005"><Coords points="591,1649 589,1648 589,1647 588,1645 583,1645 581,1644 581,1596 581,1595 572,1595 569,1593 569,1592 569,1591 564,1591 562,1590 562,1589 561,1587 556,1587 554,1586 554,1585 553,1583 552,1583 551,1583 550,1582 550,1581 549,1579 544,1579 542,1578 542,1573 542,1572 541,1572 539,1571 539,1570 538,1569 538,1558 537,1556 536,1556 535,1556 535,1554 537,1552 538,1552 539,1551 539,1546 540,1545 541,1545 543,1543 543,1542 544,1541 545,1541 546,1540 546,1535 548,1533 549,1533 550,1532 550,1527 551,1526 552,1526 554,1524 554,1523 555,1522 556,1522 557,1521 565,1521 566,1520 566,1519 567,1518 568,1518 569,1517 577,1517 577,1517 577,1516 579,1514 731,1514 731,1514 731,1480 731,1479 475,1479 473,1478 473,1477 475,1475 731,1475 731,1475 731,1474 734,1471 735,1471 735,1471 735,1468 735,1467 482,1467 481,1467 481,1464 482,1463 487,1463 488,1464 754,1464 754,1465 754,1466 756,1467 1112,1467 1117,1462 1117,1461 1118,1460 1123,1460 1125,1458 1125,1457 1126,1456 1151,1456 1151,1457 1151,1458 1154,1460 1155,1460 1155,1461 1155,1510 1156,1510 1514,1510 1514,1510 1514,1465 1515,1464 1516,1464 1518,1462 1518,1457 1519,1456 1528,1456 1530,1454 1726,1454 1728,1452 1736,1452 1738,1455 1738,1456 1739,1456 1740,1456 1741,1458 1741,1506 1742,1506 2238,1506 2238,1506 2238,1462 2240,1460 2241,1460 2241,1460 2242,1459 2242,1458 2244,1456 2249,1456 2250,1455 2250,1454 2252,1452 2264,1452 2265,1454 2265,1506 2266,1506 2658,1506 2658,1506 2658,1459 2659,1458 2659,1457 2660,1456 2665,1456 2666,1455 2666,1454 2668,1452 2673,1452 2674,1451 2674,1450 2676,1448 2681,1448 2681,1448 2681,1447 2684,1444 2686,1447 2686,1448 2687,1448 2738,1448 2739,1450 2739,1454 2740,1455 2740,1456 2741,1456 2742,1456 2743,1458 2743,1498 2744,1498 3398,1498 3398,1498 3398,1482 3399,1481 3399,1480 3400,1479 3401,1479 3402,1478 3402,1474 3405,1471 3406,1471 3406,1471 3406,1470 3409,1467 3413,1467 3414,1466 3414,1465 3415,1464 3440,1464 3441,1466 3441,1467 3442,1467 3447,1467 3449,1470 3449,1471 3450,1471 3451,1471 3452,1473 3452,1474 3453,1475 3453,1487 3454,1487 3498,1487 3499,1489 3499,1490 3501,1491 3776,1491 3776,1492 3776,1493 3778,1494 3782,1494 3798,1510 3799,1510 3799,1511 3799,1517 3798,1518 3511,1518 3510,1519 3510,1566 3513,1568 3514,1568 3514,1569 3514,1571 3513,1572 3512,1572 3510,1574 3510,1579 3510,1579 3509,1579 3506,1582 3506,1583 3506,1583 3501,1583 3498,1586 3498,1587 3498,1587 2845,1587 2844,1588 2844,1589 2842,1591 2563,1591 2562,1592 2562,1632 2561,1633 2304,1633 2303,1634 2303,1646 2303,1646 2294,1646 2293,1646 2293,1642 2293,1641 2156,1641 2153,1639 2153,1638 2153,1637 2148,1637 2146,1636 2146,1615 2146,1614 1730,1614 1729,1615 1729,1647 1729,1647 1719,1647 1718,1647 1718,1592 1718,1591 1188,1591 1186,1593 1186,1594 1185,1595 949,1595 947,1597 947,1598 947,1598 946,1598 945,1599 628,1599 627,1600 627,1640 626,1641 625,1641 624,1642 624,1643 622,1645 598,1645 597,1646 597,1647 595,1649"/><TextEquiv index="1"><Unicode>qui renfermoit le couple malheureux &amp;</Unicode></TextEquiv></TextLine><TextLine id="r0_l006"><Coords points="1826,1841 1825,1841 1825,1796 1825,1795 1369,1795 1367,1794 1367,1793 1366,1791 567,1791 565,1790 565,1789 564,1788 564,1787 563,1787 562,1787 562,1774 561,1772 560,1772 558,1771 558,1770 557,1768 556,1768 554,1767 554,1758 554,1757 553,1757 550,1755 550,1743 549,1741 548,1741 546,1740 546,1739 545,1737 544,1737 543,1737 543,1736 541,1733 540,1733 539,1733 539,1728 538,1726 533,1726 531,1725 531,1673 531,1672 213,1672 211,1671 211,1669 212,1668 666,1668 666,1668 666,1666 668,1664 669,1664 669,1664 669,1663 672,1660 677,1660 677,1660 677,1659 680,1656 846,1656 847,1655 847,1654 848,1653 1018,1653 1019,1652 1112,1652 1113,1651 1113,1650 1114,1649 1116,1649 1117,1648 1718,1648 1719,1647 2007,1647 2009,1645 2211,1645 2212,1646 2304,1646 2304,1647 2304,1648 2306,1649 2307,1649 2307,1650 2308,1651 2308,1652 2309,1652 2456,1652 2457,1653 2458,1653 2458,1654 2458,1656 2459,1656 3551,1656 3552,1657 3553,1657 3553,1658 3553,1663 3552,1664 2459,1664 2458,1665 2458,1691 2459,1691 3436,1691 3437,1693 3437,1694 3439,1695 3440,1695 3441,1697 3441,1698 3443,1699 3444,1699 3445,1701 3445,1702 3447,1703 3448,1703 3449,1705 3449,1706 3450,1706 3451,1706 3452,1708 3452,1709 3453,1710 3453,1722 3454,1722 3533,1722 3533,1723 3533,1737 3533,1737 3532,1737 3530,1739 3530,1743 3529,1744 3529,1745 3529,1745 3520,1745 3518,1747 3518,1748 3517,1749 3454,1749 3453,1750 3453,1758 3452,1759 3452,1760 3452,1760 3451,1760 3449,1762 3449,1766 3448,1767 3448,1768 3448,1768 3447,1768 3445,1770 3445,1775 3444,1776 3439,1776 3437,1778 3437,1779 3436,1780 3123,1780 3121,1782 3121,1783 3121,1783 3120,1783 3119,1784 2706,1784 2705,1785 2705,1786 2704,1787 2640,1787 2639,1788 2639,1833 2638,1834 2637,1834 2636,1835 2635,1836 2635,1837 2635,1837 2634,1837 2633,1838 1843,1838 1842,1839 1842,1841 1842,1841"/><TextEquiv index="1"><Unicode>vénérable. J'étois déchiré par mes re-</Unicode></TextEquiv></TextLine><TextLine id="r0_l007"><Coords points="1357,2039 1356,2039 1356,2028 1356,2027 1075,2027 1074,2026 1072,2026 1071,2026 1071,2025 1070,2024 1070,1981 1070,1980 525,1980 523,1979 523,1975 527,1971 527,1901 529,1899 553,1899 554,1898 554,1897 556,1895 773,1895 774,1894 774,1893 776,1891 870,1891 870,1891 870,1847 872,1845 877,1845 878,1844 878,1843 880,1841 1486,1841 1487,1840 1487,1839 1488,1838 1489,1838 1490,1837 3317,1837 3318,1836 3318,1835 3319,1834 3324,1834 3325,1833 3325,1832 3327,1830 3336,1830 3337,1832 3337,1837 3338,1837 3339,1837 3341,1840 3341,1884 3342,1884 3498,1884 3499,1886 3499,1887 3500,1887 3531,1887 3532,1888 3533,1888 3533,1889 3533,1890 3536,1892 3537,1892 3537,1893 3537,1902 3536,1903 3535,1903 3534,1904 3534,1905 3532,1907 3527,1907 3526,1908 3526,1963 3524,1965 3523,1965 3522,1966 3522,1967 3520,1969 3519,1969 3518,1970 3518,1971 3517,1972 3516,1972 3515,1973 3119,1973 3117,1975 3117,1976 3117,1976 2576,1976 2574,1978 2574,1979 2573,1980 2348,1980 2347,1981 2347,1982 2346,1983 2346,1984 2347,1984 3868,1984 3869,1986 3869,1987 3871,1988 3876,1988 3876,1989 3876,1992 3877,1992 3895,1992 3896,1994 3896,1999 3897,1999 3917,1999 3919,2002 3919,2006 3918,2007 3917,2007 3915,2009 3915,2010 3914,2011 3913,2011 3911,2013 3911,2014 3910,2015 3905,2015 3903,2017 3903,2018 3902,2019 1630,2019 1629,2020 1629,2037 1629,2037 1371,2037 1370,2038 1370,2039 1370,2039"/><TextEquiv index="1"><Unicode>mords; je ſentois la terre ſe dérober</Unicode></TextEquiv></TextLine><TextLine id="r0_l008"><Coords points="1297,2231 1296,2230 1295,2230 1294,2230 1294,2229 1293,2227 355,2227 354,2227 354,2147 354,2146 148,2146 147,2146 147,2143 150,2140 150,2139 151,2138 523,2138 523,2138 523,2094 525,2092 534,2092 535,2091 535,2090 537,2088 546,2088 546,2088 546,2071 548,2069 549,2069 550,2068 550,2059 552,2057 553,2057 554,2056 554,2051 555,2050 556,2050 557,2049 561,2049 562,2048 562,2047 563,2046 568,2046 570,2044 570,2043 571,2042 572,2042 573,2041 573,2040 575,2038 584,2038 585,2037 585,2036 587,2034 2889,2034 2890,2033 2890,2032 2892,2030 3193,2030 3197,2026 3524,2026 3530,2033 3530,2091 3536,2096 3537,2096 3537,2097 3537,2149 3536,2150 3535,2150 3533,2152 3533,2161 3533,2161 3532,2161 3529,2164 3529,2165 3529,2165 3516,2165 3514,2167 3514,2168 3513,2169 3508,2169 3507,2170 3507,2171 3505,2173 3465,2173 3464,2174 3464,2176 3463,2177 3462,2177 3460,2179 3460,2199 3459,2200 3458,2200 3456,2202 3456,2203 3455,2204 3450,2204 3449,2205 3449,2206 3447,2208 3446,2208 3445,2209 3445,2210 3444,2211 3436,2211 3432,2215 1553,2215 1552,2216 1552,2228 1552,2228 1303,2228 1300,2231"/><TextEquiv index="1"><Unicode>ſous mes pieds. Le Paſteur étoit obligé</Unicode></TextEquiv></TextLine><TextLine id="r0_l009"><Coords points="1130,2424 1129,2424 1129,2378 1129,2377 282,2377 280,2376 280,2297 280,2296 140,2296 138,2295 138,2289 139,2288 557,2288 558,2287 558,2286 559,2285 560,2285 562,2283 562,2282 563,2281 566,2281 566,2281 566,2232 567,2231 579,2231 580,2230 581,2230 581,2230 581,2229 583,2227 2758,2227 2759,2229 2759,2230 2760,2230 2761,2231 2762,2231 2762,2232 2762,2233 2763,2234 2763,2242 2764,2242 2765,2242 2766,2244 2766,2252 2773,2258 2774,2258 2774,2259 2774,2269 2775,2269 2973,2269 2975,2272 2975,2273 2976,2273 3001,2273 3001,2274 3001,2275 3002,2275 3008,2281 3009,2281 3009,2282 3009,2323 3010,2323 3039,2323 3040,2325 3040,2326 3042,2327 3047,2327 3048,2329 3048,2330 3050,2331 3051,2331 3051,2332 3051,2333 3052,2334 3052,2348 3051,2349 3051,2350 3051,2350 3050,2350 3049,2351 3048,2352 3048,2353 3047,2354 3046,2354 3045,2355 3044,2356 3044,2357 3043,2358 2918,2358 2917,2359 2917,2360 2915,2362 2821,2362 2820,2363 2820,2365 2819,2366 2818,2366 2817,2367 2817,2368 2816,2369 2544,2369 2543,2370 2543,2412 2544,2412 3221,2412 3221,2413 3221,2414 3221,2414 2544,2414 2543,2415 2543,2421 2543,2421 1132,2421 1131,2422 1131,2424 1131,2424"/><TextEquiv index="1"><Unicode>de me ſoutenir &amp; de me traîner.</Unicode></TextEquiv></TextLine><TextLine id="r0_l010"><Coords points="2733,2612 2732,2612 2732,2611 2730,2608 2729,2608 2728,2608 2728,2590 2728,2589 359,2589 358,2589 358,2588 357,2587 357,2584 360,2581 2728,2581 2728,2581 2728,2571 2728,2570 1666,2570 1664,2569 1664,2563 1664,2562 864,2562 862,2561 862,2560 861,2558 714,2558 712,2557 712,2549 715,2546 716,2546 716,2546 716,2545 718,2543 720,2543 720,2543 720,2429 722,2427 1128,2427 1128,2427 1128,2425 1129,2424 1307,2424 1308,2423 2531,2423 2531,2423 2531,2422 2532,2421 3195,2421 3197,2419 3198,2419 3198,2419 3198,2418 3200,2416 3208,2416 3210,2414 3414,2414 3416,2412 3432,2412 3433,2411 3433,2410 3435,2408 3444,2408 3445,2410 3445,2411 3446,2412 3447,2412 3448,2412 3449,2414 3449,2458 3450,2458 3505,2458 3507,2461 3507,2462 3508,2462 3513,2462 3514,2464 3514,2465 3516,2466 3521,2466 3522,2468 3522,2469 3523,2469 3524,2469 3526,2472 3526,2473 3527,2473 3528,2473 3530,2476 3530,2481 3531,2481 3532,2481 3533,2483 3533,2523 3534,2524 3534,2525 3533,2526 3533,2527 3533,2527 3532,2527 3530,2529 3530,2537 3529,2538 3529,2539 3529,2539 3528,2539 3524,2543 3520,2543 3518,2545 3518,2546 3518,2546 3517,2546 3514,2549 3514,2550 3514,2550 3513,2550 3512,2551 3435,2551 3433,2553 3433,2554 3433,2554 3305,2554 3304,2555 3283,2555 3282,2556 3282,2606 3282,2606 2779,2606 2778,2607 2778,2608 2778,2608 2777,2608 2773,2612"/><TextEquiv index="1"><Unicode>Les infortunés avoient éprouvé de</Unicode></TextEquiv></TextLine><TextLine id="r0_l011"><Coords points="1083,2812 1082,2812 1082,2756 1082,2755 849,2755 847,2757 847,2758 847,2758 846,2758 845,2759 838,2759 835,2757 835,2756 835,2755 834,2755 831,2753 831,2752 831,2751 610,2751 608,2753 608,2754 607,2755 559,2755 558,2756 558,2807 558,2807 540,2807 539,2807 539,2756 539,2755 521,2755 520,2755 520,2754 519,2753 519,2676 521,2674 522,2674 523,2673 523,2672 525,2670 538,2670 538,2670 538,2669 541,2666 553,2666 554,2668 554,2669 556,2670 919,2670 920,2669 920,2668 922,2666 927,2666 928,2668 928,2669 930,2670 1274,2670 1275,2672 1275,2673 1277,2674 1475,2674 1475,2674 1475,2630 1478,2627 1479,2627 1479,2627 1479,2626 1482,2623 1483,2623 1483,2623 1483,2622 1485,2620 1493,2620 1495,2618 1495,2617 1496,2616 1547,2616 1551,2620 1552,2620 1552,2621 1552,2670 1553,2670 2015,2670 2015,2670 2015,2622 2017,2620 2103,2620 2103,2621 2103,2622 2106,2624 2118,2624 2119,2626 2119,2627 2120,2627 2121,2627 2123,2630 2123,2631 2124,2631 2129,2631 2130,2633 2130,2634 2132,2635 2133,2635 2133,2636 2134,2637 2134,2638 2136,2639 2137,2639 2138,2641 2138,2642 2140,2643 2141,2643 2142,2645 2142,2646 2144,2647 2145,2647 2146,2649 2146,2654 2147,2654 2148,2654 2150,2657 2150,2658 2151,2658 2152,2658 2154,2661 2154,2670 2155,2670 2214,2670 2215,2672 2215,2673 2217,2674 2484,2674 2485,2673 2485,2672 2487,2670 2543,2670 2543,2670 2543,2622 2545,2620 2549,2620 2551,2618 2551,2617 2552,2616 2557,2616 2559,2614 2559,2613 2560,2612 2569,2612 2569,2613 2569,2614 2572,2616 2573,2616 2573,2617 2573,2618 2574,2619 2574,2666 2575,2666 2986,2666 2986,2666 2986,2618 2988,2616 3260,2616 3260,2616 3260,2610 3262,2608 3263,2608 3265,2606 3283,2606 3283,2607 3283,2608 3284,2608 3285,2608 3287,2611 3287,2612 3288,2612 3289,2612 3291,2615 3291,2658 3292,2658 3490,2658 3495,2653 3495,2652 3496,2651 3501,2651 3502,2650 3502,2649 3504,2647 3506,2647 3506,2648 3506,2649 3509,2651 3510,2651 3510,2652 3510,2653 3516,2658 3532,2658 3533,2660 3533,2661 3535,2662 3536,2662 3537,2664 3537,2731 3536,2732 3535,2732 3533,2734 3533,2735 3532,2736 3531,2736 3530,2737 3530,2738 3529,2739 3528,2739 3527,2740 3519,2740 3518,2741 3518,2742 3517,2743 3358,2743 3356,2745 3356,2746 3355,2747 2961,2747 2959,2749 2959,2750 2958,2751 2741,2751 2740,2752 2740,2753 2738,2755 2402,2755 2400,2757 2400,2758 2399,2759 2060,2759 2056,2755 1795,2755 1770,2755 1768,2757 1768,2758 1767,2759 1759,2759 1756,2757 1756,2756 1756,2755 1563,2755 1419,2755 1417,2757 1417,2758 1416,2759 1408,2759 1406,2758 1406,2757 1405,2755 1188,2755 1186,2757 1186,2758 1185,2759 1095,2759 1094,2760 1094,2812 1094,2812"/><TextEquiv index="1"><Unicode>nouveaux malheurs. Des voleurs s'étoient</Unicode></TextEquiv></TextLine><TextLine id="r0_l012"><Coords points="2140,3007 2139,3007 2139,2983 2139,2982 1273,2982 1267,2977 1267,2956 1267,2955 282,2955 280,2954 280,2946 282,2944 525,2944 525,2944 519,2938 519,2918 519,2917 460,2917 458,2916 458,2914 459,2913 523,2913 523,2913 523,2865 525,2863 530,2863 531,2862 531,2814 532,2813 533,2813 535,2811 535,2810 536,2809 537,2809 539,2807 558,2807 560,2809 565,2809 566,2811 566,2812 567,2812 1095,2812 1096,2813 2880,2813 2881,2812 2882,2812 2882,2812 2882,2811 2884,2809 3100,2809 3104,2805 3112,2805 3113,2804 3113,2803 3115,2801 3128,2801 3128,2802 3128,2803 3131,2805 3132,2805 3132,2806 3132,2807 3133,2808 3133,2847 3134,2847 3351,2847 3352,2849 3352,2850 3354,2851 3521,2851 3522,2853 3522,2854 3524,2855 3525,2855 3525,2856 3525,2857 3526,2858 3526,2912 3528,2913 3529,2913 3529,2914 3529,2915 3532,2917 3533,2917 3533,2918 3533,2927 3535,2928 3536,2928 3537,2930 3537,2939 3536,2940 3535,2940 3533,2942 3533,2955 3533,2955 3532,2955 3529,2958 3529,2959 3529,2959 3528,2959 3525,2962 3525,2963 3525,2963 3524,2963 3518,2969 3518,2970 3518,2970 3517,2970 3516,2971 3514,2971 3513,2972 3513,2999 3513,2999 2804,2999 2803,3000 2803,3002 2803,3002 2158,3002 2157,3003 2157,3007 2157,3007"/><TextEquiv index="1"><Unicode>introduits, chez eux, la nuit précédente;</Unicode></TextEquiv></TextLine><TextLine id="r0_l013"><Coords points="2694,3196 2693,3196 2693,3149 2693,3148 1052,3148 1051,3149 1051,3174 1047,3178 1047,3191 1047,3191 1037,3191 1036,3191 1036,3153 1036,3152 868,3152 866,3151 866,3141 866,3140 664,3140 662,3139 662,3138 662,3137 287,3137 284,3135 284,3134 285,3133 286,3133 287,3132 520,3132 520,3132 519,3131 519,3119 518,3117 517,3117 516,3117 516,3116 515,3115 515,3103 515,3102 514,3102 512,3101 512,3092 514,3090 523,3090 523,3090 523,3007 524,3006 525,3006 526,3005 534,3005 535,3004 535,3003 536,3002 537,3002 538,3001 1084,3001 1088,3005 1104,3005 1106,3007 2774,3007 2775,3006 2776,3006 2777,3005 2781,3005 2782,3004 2782,3003 2783,3002 3194,3002 3194,3002 3194,3000 3196,2998 3200,2998 3201,2997 3211,2997 3212,2998 3494,2998 3495,2999 3514,2999 3522,3008 3522,3016 3524,3017 3525,3017 3526,3019 3526,3024 3528,3025 3529,3025 3530,3027 3530,3028 3531,3028 3532,3028 3533,3029 3533,3030 3533,3031 3534,3032 3534,3098 3535,3098 3537,3098 3537,3099 3537,3100 3540,3102 3544,3102 3545,3104 3545,3120 3544,3121 3543,3121 3541,3123 3541,3124 3540,3125 3380,3125 3379,3126 3379,3143 3378,3144 3377,3144 3376,3145 3376,3146 3375,3147 3375,3151 3374,3152 3373,3152 3372,3153 3372,3154 3370,3156 3365,3156 3364,3157 3364,3158 3362,3160 3361,3160 3360,3161 3360,3162 3359,3163 3347,3163 3344,3166 3344,3167 3344,3167 2717,3167 2716,3168 2716,3196 2716,3196"/><TextEquiv index="1"><Unicode>heureuſement on étoit venu ſecourir, à</Unicode></TextEquiv></TextLine><TextLine id="r0_l014"><Coords points="932,3375 931,3375 931,3373 931,3372 800,3372 799,3371 798,3371 797,3371 797,3346 797,3345 437,3345 435,3344 435,3342 437,3340 797,3340 797,3340 797,3326 797,3325 552,3325 550,3324 550,3323 549,3321 540,3321 539,3321 539,3320 538,3318 534,3318 533,3317 532,3317 531,3317 531,3315 531,3314 514,3314 512,3313 512,3309 511,3308 511,3307 511,3306 510,3306 508,3305 508,3300 510,3298 515,3298 515,3298 515,3251 518,3248 519,3248 519,3248 519,3243 522,3240 523,3240 523,3240 523,3239 525,3237 526,3237 527,3236 542,3236 543,3235 543,3234 544,3233 751,3233 751,3233 751,3211 753,3209 1036,3209 1036,3209 1036,3192 1037,3191 1047,3191 1047,3192 1047,3194 1048,3194 1420,3194 1421,3196 1421,3197 1423,3198 1424,3198 1425,3200 1425,3221 1426,3221 2689,3221 2689,3221 2689,3200 2691,3198 2692,3198 2694,3196 2925,3196 2927,3194 3012,3194 3013,3193 3013,3192 3015,3190 3016,3190 3017,3192 3017,3193 3019,3194 3023,3194 3025,3197 3025,3225 3026,3225 3186,3225 3186,3226 3186,3227 3187,3228 3187,3229 3188,3229 3510,3229 3510,3230 3510,3231 3513,3233 3517,3233 3518,3235 3518,3236 3519,3236 3520,3236 3522,3239 3522,3240 3523,3240 3528,3240 3530,3243 3530,3244 3531,3244 3532,3244 3533,3246 3533,3247 3535,3248 3536,3248 3537,3250 3537,3255 3539,3256 3540,3256 3541,3258 3541,3301 3540,3302 3539,3302 3537,3304 3537,3305 3536,3306 3535,3306 3534,3307 3534,3308 3532,3310 3527,3310 3526,3311 3526,3312 3524,3314 3520,3314 3518,3316 3518,3317 3518,3317 3517,3317 3516,3318 3508,3318 3506,3320 3506,3321 3506,3321 3457,3321 3456,3322 3456,3325 3456,3325 3099,3325 3098,3326 3098,3344 3097,3345 2363,3345 2362,3346 2362,3347 2361,3348 2360,3348 2358,3350 2358,3351 2358,3351 2357,3352 2356,3352 2354,3354 2354,3359 2353,3360 2348,3360 2346,3362 2346,3363 2345,3364 2020,3364 2019,3365 2019,3366 2017,3368 2012,3368 2011,3369 2011,3370 2009,3372 937,3372 936,3373 936,3375 936,3375"/><TextEquiv index="1"><Unicode>temps, ces braves gens; mais l'homme</Unicode></TextEquiv></TextLine><TextLine id="r0_l015"><Coords points="2463,3560 2462,3560 2462,3559 2461,3557 2457,3557 2454,3555 2454,3546 2454,3545 1677,3545 1676,3545 1676,3511 1676,3510 964,3510 962,3509 962,3508 962,3507 546,3507 545,3506 544,3506 542,3505 542,3504 542,3503 507,3503 506,3502 505,3502 504,3502 504,3493 506,3491 507,3491 508,3490 508,3489 510,3487 519,3487 519,3487 519,3463 531,3451 531,3446 532,3445 541,3445 542,3444 542,3401 545,3398 554,3398 554,3398 554,3397 559,3392 559,3391 202,3391 199,3389 199,3386 200,3385 200,3384 201,3383 712,3383 712,3383 712,3381 714,3379 719,3379 720,3378 720,3377 722,3375 727,3375 727,3375 727,3374 730,3371 3308,3371 3310,3374 3310,3375 3311,3375 3316,3375 3318,3378 3318,3379 3319,3379 3320,3379 3322,3382 3322,3383 3323,3383 3324,3383 3325,3385 3325,3414 3326,3414 3544,3414 3545,3416 3545,3448 3546,3448 3644,3448 3645,3450 3645,3452 3644,3453 3542,3453 3541,3454 3541,3502 3540,3503 3539,3503 3537,3505 3537,3506 3537,3506 3536,3506 3533,3509 3533,3510 3533,3510 3528,3510 3526,3512 3526,3513 3525,3514 3466,3514 3464,3516 3464,3517 3463,3518 3284,3518 3283,3519 3283,3536 3281,3538 3280,3538 3279,3539 3279,3540 3278,3541 3277,3541 3275,3543 3275,3548 3274,3549 3273,3549 3271,3551 3271,3552 3270,3553 3269,3553 3268,3554 3268,3555 3267,3556 2731,3556 2730,3557 2506,3557 2504,3559 2504,3560 2504,3560"/><TextEquiv index="1"><Unicode>&amp; la femme étoient bleſſés par les aſſaſſins.</Unicode></TextEquiv></TextLine><TextLine id="r0_l016"><Coords points="2783,3758 2782,3758 2782,3755 2782,3754 2348,3754 2347,3754 2347,3752 2347,3751 1322,3751 1321,3750 861,3750 860,3750 860,3731 860,3730 236,3730 234,3729 234,3704 234,3703 232,3703 230,3702 230,3690 233,3687 234,3687 234,3687 234,3686 237,3683 238,3683 238,3683 238,3682 240,3680 284,3680 284,3680 284,3651 286,3649 519,3649 519,3649 519,3570 521,3568 526,3568 527,3567 527,3566 529,3564 607,3564 608,3563 608,3562 610,3560 2175,3560 2177,3563 2177,3564 2178,3564 3297,3564 3298,3566 3298,3614 3299,3614 3536,3614 3537,3616 3537,3617 3539,3618 3540,3618 3541,3620 3541,3621 3543,3622 3544,3622 3545,3624 3545,3625 3544,3626 3543,3626 3541,3628 3541,3633 3541,3633 3540,3633 3537,3636 3537,3637 3537,3637 3536,3637 3533,3640 3533,3641 3533,3641 3530,3641 3529,3642 3529,3695 3529,3695 3528,3695 3525,3698 3525,3699 3525,3699 3524,3699 3522,3701 3522,3702 3521,3703 3454,3703 3453,3704 3453,3705 3452,3706 3452,3707 3453,3707 3807,3707 3807,3708 3807,3710 3806,3711 3133,3711 3132,3712 3132,3756 3132,3756 2809,3756 2808,3757 2808,3758 2808,3758"/><TextEquiv index="1"><Unicode>Ils repoſoient, tous les deux, ſur leur</Unicode></TextEquiv></TextLine><TextLine id="r0_l017"><Coords points="1234,3944 1233,3944 1233,3893 1233,3892 737,3892 735,3891 735,3890 734,3888 537,3888 534,3886 534,3885 534,3884 533,3884 531,3883 531,3882 531,3881 530,3881 527,3879 527,3878 527,3877 526,3877 523,3875 523,3874 523,3873 522,3873 519,3871 519,3870 519,3869 518,3869 515,3867 515,3866 515,3865 514,3865 512,3864 512,3852 510,3849 509,3849 508,3849 508,3840 507,3838 133,3838 132,3838 132,3835 133,3834 507,3834 508,3833 508,3832 510,3830 511,3830 511,3830 511,3829 514,3826 519,3826 519,3826 519,3825 522,3822 523,3822 523,3822 523,3817 525,3815 526,3815 527,3814 527,3814 527,3813 529,3811 530,3811 531,3810 531,3809 533,3807 542,3807 542,3807 542,3806 545,3803 839,3803 839,3803 839,3763 842,3760 843,3760 843,3760 843,3759 845,3757 846,3757 847,3756 847,3755 849,3753 858,3753 858,3753 858,3752 860,3750 866,3750 867,3751 1340,3751 1340,3752 1340,3753 1341,3753 3386,3753 3387,3755 3387,3760 3389,3761 3390,3761 3391,3763 3391,3807 3392,3807 3513,3807 3514,3809 3514,3810 3516,3811 3525,3811 3526,3813 3526,3814 3528,3815 3529,3815 3529,3816 3529,3817 3530,3818 3530,3875 3529,3876 3528,3876 3526,3878 3526,3886 3525,3887 3525,3888 3525,3888 3524,3888 3523,3889 3522,3890 3522,3891 3521,3892 3508,3892 3506,3894 3506,3895 3505,3896 3504,3896 3503,3897 3503,3898 3501,3900 2679,3900 2678,3901 2678,3906 2677,3907 2676,3907 2674,3909 2674,3914 2673,3915 2672,3915 2670,3917 2670,3918 2669,3919 2664,3919 2662,3921 2662,3922 2661,3923 2652,3923 2651,3924 2651,3925 2649,3927 2236,3927 2235,3928 2235,3936 2234,3937 2234,3938 2234,3938 2229,3938 2227,3940 2227,3941 2226,3942 1249,3942 1248,3943 1248,3944 1248,3944"/><TextEquiv index="1"><Unicode>couche antique &amp; nuptiale, immobiles</Unicode></TextEquiv></TextLine><TextLine id="r0_l018"><Coords points="2349,4139 2346,4137 2346,4136 2346,4135 2264,4135 2261,4133 2261,4132 2261,4131 1319,4131 1317,4130 1317,4101 1317,4100 138,4100 136,4099 136,4097 135,4096 135,4092 134,4091 134,4009 133,4008 133,4004 134,4003 530,4003 533,4000 537,4000 539,3998 539,3997 540,3996 996,3996 997,3995 997,3994 999,3992 1182,3992 1182,3992 1182,3956 1185,3953 1186,3953 1186,3953 1186,3952 1188,3950 1226,3950 1227,3949 1228,3949 1229,3948 1229,3947 1230,3946 1231,3946 1233,3944 1290,3944 1292,3942 1305,3942 1306,3944 1306,3946 1307,3946 1760,3946 1760,3947 1760,3948 1763,3950 3105,3950 3106,3952 3106,3953 3107,3953 3373,3953 3374,3954 3375,3954 3375,3955 3375,3956 3377,3957 3389,3957 3391,3960 3391,3992 3392,3992 3544,3992 3545,3994 3545,3999 3544,4000 3543,4000 3542,4001 3541,4002 3541,4003 3540,4004 3531,4004 3530,4005 3530,4075 3528,4077 3527,4077 3526,4078 3526,4079 3524,4081 3523,4081 3522,4082 3522,4083 3520,4085 3519,4085 3518,4086 3518,4087 3517,4088 3513,4088 3510,4091 3510,4092 3510,4092 3447,4092 3445,4094 3445,4095 3444,4096 2474,4096 2473,4097 2473,4100 2474,4100 3818,4100 3818,4101 3818,4102 3819,4103 3819,4106 3817,4108 2474,4108 2473,4109 2473,4119 2473,4119 2472,4119 2469,4122 2469,4123 2469,4123 2390,4123 2389,4124 2389,4133 2387,4135 2386,4135 2385,4136 2385,4137 2383,4139"/><TextEquiv index="1"><Unicode>comme s'ils avoient été privés de la vie.</Unicode></TextEquiv></TextLine><TextLine id="r0_l019"><Coords points="3287,4328 3286,4327 3246,4327 3244,4326 3244,4325 3244,4324 3243,4324 3240,4322 3240,4294 3240,4293 3204,4293 3202,4292 3202,4282 3202,4281 2714,4281 2712,4283 2712,4284 2711,4285 2710,4285 2709,4286 2709,4299 2708,4300 2707,4300 2705,4302 2705,4303 2704,4304 2703,4304 2701,4306 2701,4311 2700,4312 2699,4312 2697,4314 2697,4315 2696,4316 2691,4316 2689,4318 2689,4319 2688,4320 2687,4320 2685,4322 2685,4323 2685,4323 2684,4323 2682,4325 2682,4326 2681,4327 2680,4327 2679,4328 2678,4328 2677,4327 2675,4327 2674,4327 2674,4326 2671,4323 2669,4320 2668,4320 2666,4319 2666,4278 2666,4277 2487,4277 2485,4279 2485,4280 2484,4281 2471,4281 2470,4281 2470,4280 2468,4277 2356,4277 2354,4276 2354,4275 2354,4274 2353,4274 2352,4273 2148,4273 2146,4275 2146,4276 2145,4277 2139,4277 2138,4278 2138,4304 2138,4304 2128,4304 2127,4304 2127,4278 2127,4277 1792,4277 1791,4278 1791,4280 1790,4281 1789,4281 1788,4282 1788,4283 1787,4284 1787,4288 1786,4289 1785,4289 1784,4290 1784,4291 1782,4293 1781,4293 1780,4294 1780,4295 1778,4297 1777,4297 1776,4298 1776,4299 1774,4301 1773,4301 1772,4302 1772,4303 1771,4304 1747,4304 1745,4303 1745,4278 1745,4277 1565,4277 1564,4277 1564,4276 1562,4273 1550,4273 1548,4272 1548,4271 1548,4270 1226,4270 1225,4271 1225,4272 1224,4273 628,4273 627,4274 627,4326 627,4326 613,4326 612,4326 612,4274 612,4273 513,4273 512,4273 512,4224 512,4223 413,4223 411,4222 411,4221 411,4220 356,4220 354,4219 354,4217 356,4215 357,4215 358,4214 358,4213 359,4212 360,4212 360,4212 361,4211 361,4210 363,4208 515,4208 515,4208 515,4141 518,4138 610,4138 611,4139 631,4139 631,4140 631,4141 633,4142 649,4142 650,4144 650,4145 651,4146 651,4192 652,4192 850,4192 851,4191 851,4190 852,4189 853,4189 854,4188 1197,4188 1198,4187 1198,4186 1199,4185 1321,4185 1321,4185 1321,4171 1322,4170 1323,4170 1325,4168 1325,4163 1326,4162 1327,4162 1329,4160 1329,4156 1333,4152 1333,4148 1335,4146 1336,4146 1336,4146 1336,4141 1339,4138 1340,4138 1340,4138 1340,4137 1342,4135 1355,4135 1356,4137 1356,4138 1357,4138 1358,4138 1360,4141 1360,4146 1361,4146 1362,4146 1363,4148 1363,4149 1364,4150 1364,4165 1366,4166 1367,4166 1367,4167 1367,4168 1369,4169 1370,4169 1371,4171 1371,4188 1372,4188 1580,4188 1581,4189 1583,4189 1583,4190 1583,4191 1585,4192 1658,4192 1659,4193 1660,4193 1660,4194 1660,4195 1662,4196 1663,4196 1664,4198 1664,4242 1665,4242 1930,4242 1930,4242 1930,4214 1932,4212 1940,4212 1941,4211 1941,4203 1944,4200 1949,4200 1949,4200 1949,4199 1952,4196 1956,4196 1957,4195 1957,4194 1958,4193 1959,4193 1960,4192 2007,4192 2007,4192 2007,4144 2009,4142 2018,4142 2019,4141 2019,4140 2020,4139 2021,4139 2022,4138 2028,4138 2029,4139 2030,4139 2030,4140 2030,4141 2033,4143 2034,4143 2034,4144 2034,4145 2036,4146 2037,4146 2038,4148 2038,4188 2039,4188 2139,4188 2140,4189 2141,4189 2142,4191 2142,4192 2143,4192 2304,4192 2304,4192 2304,4171 2306,4169 2311,4169 2311,4170 2311,4171 2312,4172 2312,4192 2313,4192 3466,4192 3472,4199 3472,4200 3473,4200 3602,4200 3603,4202 3603,4203 3602,4204 3601,4204 3600,4205 3599,4206 3599,4207 3598,4208 3534,4208 3533,4209 3533,4242 3532,4243 3531,4243 3530,4244 3530,4248 3529,4249 3529,4250 3529,4250 3528,4250 3527,4251 3526,4252 3526,4253 3525,4254 3461,4254 3460,4255 3460,4273 3460,4273 3459,4273 3458,4274 3456,4276 3456,4277 3456,4277 3397,4277 3394,4280 3394,4281 3394,4281 3292,4281 3291,4282 3291,4326 3289,4328"/><TextEquiv index="1"><Unicode>Nous entrâmes, chez eux; nous par-</Unicode></TextEquiv></TextLine><TextLine id="r0_l020"><Coords points="2409,4527 2408,4527 2408,4475 2408,4474 2397,4474 2396,4475 2396,4477 2395,4478 2394,4478 2393,4479 2393,4483 2392,4484 2392,4485 2392,4485 2391,4485 2389,4487 2389,4488 2388,4489 2387,4489 2385,4491 2385,4492 2384,4493 2383,4493 2381,4495 2381,4496 2380,4497 2352,4497 2350,4496 2350,4471 2350,4470 2256,4470 2254,4469 2254,4468 2253,4466 2192,4466 2191,4467 2191,4525 2191,4525 2188,4525 2187,4525 2187,4467 2187,4466 1928,4466 1926,4468 1926,4469 1925,4470 1812,4470 1811,4470 1811,4469 1809,4466 1735,4466 1734,4466 1734,4465 1733,4464 1733,4463 1733,4462 1489,4462 1487,4464 1487,4465 1486,4466 1411,4466 1410,4467 1410,4507 1408,4509 1407,4509 1406,4510 1406,4511 1405,4512 1365,4512 1363,4511 1363,4510 1363,4509 1362,4509 1360,4508 1360,4507 1359,4506 1359,4467 1359,4466 1156,4466 1155,4467 1155,4473 1154,4474 1153,4474 1152,4475 1152,4483 1151,4484 1151,4485 1151,4485 1150,4485 1148,4487 1148,4495 1147,4496 1147,4497 1147,4497 1146,4497 1144,4499 1144,4503 1142,4505 1141,4505 1140,4506 1140,4507 1138,4509 1134,4509 1132,4511 1132,4512 1132,4512 1130,4512 1128,4511 1128,4510 1128,4509 1127,4509 1124,4507 1124,4506 1124,4505 1123,4505 1121,4504 1121,4503 1120,4502 1120,4460 1120,4459 918,4459 916,4461 916,4462 916,4462 889,4462 888,4463 888,4517 888,4517 876,4517 875,4517 875,4463 875,4462 556,4462 554,4461 554,4460 554,4459 553,4459 552,4458 544,4458 542,4457 542,4448 542,4447 541,4447 539,4446 539,4442 535,4438 535,4434 533,4431 532,4431 531,4431 531,4422 530,4420 529,4420 527,4419 527,4410 526,4408 525,4408 523,4407 523,4402 523,4401 522,4401 519,4399 519,4398 519,4397 514,4397 511,4395 511,4394 511,4393 510,4393 508,4392 508,4379 510,4377 592,4377 592,4377 592,4358 593,4357 593,4356 594,4355 595,4354 596,4354 596,4354 596,4349 598,4347 599,4347 600,4346 600,4341 602,4339 603,4339 604,4338 604,4333 606,4331 607,4331 608,4330 608,4329 609,4328 610,4328 612,4326 627,4326 627,4327 627,4330 629,4331 630,4331 631,4333 631,4338 633,4339 634,4339 635,4341 635,4350 636,4350 637,4350 639,4353 639,4357 643,4361 643,4377 644,4377 916,4377 916,4377 916,4376 917,4375 918,4374 919,4374 920,4373 991,4373 992,4374 993,4374 993,4375 993,4376 995,4377 999,4377 1000,4378 1001,4378 1001,4379 1001,4380 1004,4382 1005,4382 1005,4383 1005,4385 1006,4385 1132,4385 1132,4385 1132,4349 1134,4347 1146,4347 1148,4345 1148,4344 1149,4343 1293,4343 1294,4342 1294,4341 1296,4339 1297,4339 1298,4338 1298,4337 1300,4335 1305,4335 1305,4335 1305,4334 1308,4331 1309,4331 1309,4331 1309,4330 1312,4327 1335,4327 1337,4330 1337,4331 1338,4331 1343,4331 1344,4333 1344,4335 1345,4335 1571,4335 1571,4335 1571,4334 1574,4331 1763,4331 1764,4333 1764,4334 1766,4335 1767,4335 1768,4337 1768,4338 1770,4339 1771,4339 1772,4341 1772,4381 1773,4381 2134,4381 2134,4381 2134,4345 2137,4342 2138,4342 2138,4342 2138,4337 2140,4335 2145,4335 2146,4334 2146,4333 2148,4331 2210,4331 2212,4334 2212,4335 2213,4335 2218,4335 2219,4337 2219,4381 2220,4381 2260,4381 2261,4383 2261,4384 2262,4385 2262,4389 2263,4389 2284,4389 2284,4390 2284,4391 2287,4393 2288,4393 2288,4394 2288,4395 2289,4396 2289,4416 2290,4416 2485,4416 2485,4416 2485,4391 2487,4389 2496,4389 2496,4389 2496,4373 2497,4372 2497,4371 2498,4370 2499,4370 2500,4369 2500,4365 2501,4364 2501,4363 2502,4362 2503,4362 2504,4361 2504,4357 2507,4354 2508,4354 2508,4354 2508,4349 2510,4347 2514,4347 2516,4345 2516,4344 2517,4343 2522,4343 2524,4341 2524,4340 2525,4339 2526,4339 2528,4337 2528,4336 2529,4335 2557,4335 2558,4337 2558,4338 2560,4339 2561,4339 2562,4341 2562,4389 2563,4389 2839,4389 2839,4389 2839,4346 2840,4345 2840,4344 2841,4343 2842,4343 2844,4341 2844,4340 2845,4339 2854,4339 2855,4338 2855,4337 2857,4335 2869,4335 2874,4341 2874,4393 2875,4393 3074,4393 3074,4393 3074,4392 3077,4389 3085,4389 3086,4388 3086,4387 3088,4385 3248,4385 3248,4385 3248,4337 3250,4335 3266,4335 3268,4338 3268,4339 3269,4339 3274,4339 3275,4341 3275,4381 3276,4381 3497,4381 3503,4388 3503,4389 3504,4389 3509,4389 3511,4392 3511,4393 3512,4393 3513,4393 3514,4395 3514,4400 3515,4400 3516,4400 3522,4407 3522,4415 3524,4416 3525,4416 3526,4418 3526,4426 3524,4428 3523,4428 3522,4429 3522,4457 3520,4459 3519,4459 3518,4460 3518,4461 3516,4463 3515,4463 3514,4464 3514,4465 3513,4466 3512,4466 3511,4467 3511,4468 3509,4470 3508,4470 3507,4471 3507,4472 3505,4474 3504,4474 3503,4475 3503,4476 3501,4478 3490,4478 3489,4477 3488,4477 3487,4477 3487,4476 3486,4474 3408,4474 3406,4473 3406,4472 3405,4470 3211,4470 3210,4471 3210,4472 3208,4474 3111,4474 3110,4475 3110,4517 3109,4518 3109,4520 3109,4520 3108,4520 3104,4524 3069,4524 3067,4523 3067,4522 3066,4520 3061,4520 3059,4519 3059,4471 3059,4470 2610,4470 2609,4471 2609,4472 2607,4474 2432,4474 2431,4475 2431,4527 2431,4527"/><TextEquiv index="1"><Unicode>vînmes juſqu'à leur lit, ſur la pointe</Unicode></TextEquiv></TextLine><TextLine id="r0_l021"><Coords points="2395,4714 2394,4713 1186,4713 1185,4713 1185,4710 1185,4709 776,4709 774,4708 774,4695 774,4694 209,4694 207,4693 207,4691 208,4690 209,4690 210,4689 774,4689 774,4689 774,4656 774,4655 579,4655 577,4654 577,4653 576,4651 537,4651 533,4647 529,4647 527,4646 527,4645 527,4644 526,4644 523,4642 523,4641 523,4640 522,4640 519,4638 519,4637 519,4636 518,4636 515,4634 515,4633 515,4632 514,4632 512,4631 512,4627 506,4620 501,4620 500,4620 500,4618 502,4616 503,4616 504,4615 504,4610 505,4609 510,4609 512,4607 512,4606 513,4605 514,4605 523,4596 523,4592 533,4582 537,4582 539,4580 539,4579 540,4578 549,4578 550,4577 550,4576 552,4574 558,4574 558,4574 558,4522 560,4520 565,4520 565,4520 565,4519 568,4516 1062,4516 1063,4515 1063,4514 1065,4512 1067,4515 1067,4516 1068,4516 1069,4516 1071,4519 1071,4520 1072,4520 2858,4520 2859,4522 2859,4523 2861,4524 2862,4524 2863,4526 2863,4528 2864,4528 3255,4528 3256,4530 3256,4531 3257,4531 3258,4531 3260,4534 3260,4582 3261,4582 3440,4582 3441,4584 3441,4589 3442,4589 3443,4589 3445,4592 3445,4605 3446,4605 3533,4605 3533,4606 3533,4670 3534,4670 3597,4670 3598,4671 3599,4671 3599,4672 3599,4677 3598,4678 3125,4678 3124,4679 3124,4714 3124,4714"/><TextEquiv index="1"><Unicode>du pied, &amp; je me laiſſai tomber dou-</Unicode></TextEquiv></TextLine><TextLine id="r0_l022"><Coords points="3185,4911 3184,4910 3174,4910 3173,4910 3173,4908 3173,4907 1866,4907 1865,4907 1865,4905 1865,4904 1083,4904 1082,4904 1082,4852 1082,4851 1006,4851 1005,4851 1005,4850 1004,4848 545,4848 542,4846 542,4845 542,4844 541,4844 538,4842 538,4841 538,4840 514,4840 508,4835 508,4830 510,4828 519,4828 519,4828 519,4788 521,4786 522,4786 523,4785 523,4780 524,4779 525,4779 531,4773 531,4772 532,4771 537,4771 539,4769 539,4768 540,4767 549,4767 550,4766 550,4765 552,4763 666,4763 666,4763 666,4722 667,4721 668,4721 669,4720 1178,4720 1178,4720 1178,4715 1180,4713 3062,4713 3063,4712 3063,4711 3065,4709 3074,4709 3075,4711 3075,4712 3077,4713 3078,4713 3079,4714 3125,4714 3125,4715 3125,4716 3126,4716 3450,4716 3451,4717 3452,4717 3452,4718 3452,4719 3454,4720 3458,4720 3459,4721 3460,4721 3460,4722 3460,4739 3461,4739 3716,4739 3717,4740 3718,4740 3718,4741 3718,4743 3717,4744 3461,4744 3460,4745 3460,4770 3461,4770 3511,4770 3512,4771 3514,4771 3514,4772 3514,4773 3516,4774 3520,4774 3522,4777 3522,4781 3526,4785 3526,4828 3527,4828 3640,4828 3641,4830 3641,4832 3641,4832 3640,4832 3639,4833 3631,4833 3630,4834 3630,4835 3629,4836 3627,4836 3626,4837 3626,4851 3625,4852 3516,4852 3514,4854 3514,4855 3514,4855 3509,4855 3506,4858 3506,4859 3506,4859 3191,4859 3190,4860 3190,4911 3190,4911"/><TextEquiv index="1"><Unicode>cement à genoux au pied du lit. Ils</Unicode></TextEquiv></TextLine><TextLine id="r0_l023"><Coords points="3258,5107 3257,5107 3257,5053 3257,5052 2784,5052 2782,5051 2782,5050 2781,5048 2708,5048 2599,5048 2597,5050 2597,5051 2596,5052 2579,5052 2578,5052 2578,5051 2576,5048 2229,5048 2226,5046 2226,5045 2226,5044 2043,5044 2042,5045 2042,5093 2040,5095 2037,5095 2036,5094 2035,5094 2034,5094 2034,5045 2034,5044 2009,5044 2007,5046 2007,5047 2006,5048 1997,5048 1996,5048 1996,5047 1994,5044 1797,5044 1795,5046 1795,5047 1794,5048 1785,5048 1784,5048 1784,5047 1782,5044 1585,5044 1583,5046 1583,5047 1582,5048 1569,5048 1568,5048 1568,5047 1566,5044 1562,5044 1560,5043 1560,5042 1560,5041 1330,5041 1329,5042 1329,5043 1328,5044 1176,5044 1175,5045 1175,5058 1173,5060 1170,5058 1170,5057 1170,5056 1038,5056 1036,5055 1036,5041 1036,5040 1014,5040 1013,5040 1013,5039 1012,5037 924,5037 923,5038 923,5095 923,5095 915,5095 914,5095 914,5038 914,5037 571,5037 570,5038 570,5088 569,5089 569,5090 569,5090 568,5090 567,5091 518,5091 515,5089 515,5042 515,5041 511,5041 510,5040 509,5040 508,5040 508,5039 507,5038 507,5037 506,5037 504,5036 504,5034 505,5033 506,5033 507,5032 508,5031 508,5030 509,5029 523,5029 523,5029 523,4962 526,4959 538,4959 539,4958 539,4957 540,4956 541,4956 543,4954 543,4953 544,4952 843,4952 843,4952 843,4908 849,4902 976,4902 977,4901 978,4901 978,4901 978,4900 980,4898 1004,4898 1005,4900 1005,4901 1006,4901 1007,4901 1010,4904 1098,4904 1099,4905 1103,4905 1104,4906 1105,4906 1105,4907 1105,4955 1106,4955 1305,4955 1306,4954 1306,4953 1307,4952 1308,4952 1309,4951 1309,4950 1311,4948 1313,4948 1313,4949 1313,4950 1316,4952 1317,4952 1317,4953 1317,4959 1318,4959 1726,4959 1726,4959 1726,4953 1727,4952 1728,4952 1729,4951 1729,4936 1730,4935 1730,4934 1732,4932 1733,4932 1733,4932 1733,4924 1734,4923 1734,4922 1735,4921 1736,4921 1736,4921 1738,4919 1738,4918 1739,4917 1740,4917 1741,4916 1741,4915 1743,4913 1748,4913 1749,4912 1749,4911 1751,4909 1771,4909 1772,4908 1772,4907 1773,4906 1776,4906 1777,4907 1876,4907 1886,4917 1887,4917 1887,4918 1887,4919 1888,4920 1888,4959 1889,4959 2341,4959 2343,4962 2343,4963 2344,4963 2599,4963 2601,4966 2601,4967 2602,4967 2816,4967 2816,4967 2816,4966 2819,4963 2820,4963 2820,4963 2820,4962 2823,4959 2824,4959 2824,4959 2824,4958 2826,4956 2827,4956 2828,4955 2955,4955 2955,4955 2955,4954 2956,4953 2957,4952 2958,4952 2959,4951 2960,4952 2962,4952 2963,4954 2963,4956 2964,4956 3079,4956 3079,4956 3079,4926 3080,4925 3081,4925 3082,4924 3167,4924 3167,4924 3167,4915 3168,4914 3169,4914 3169,4914 3171,4912 3171,4911 3172,4910 3184,4910 3185,4911 3190,4911 3192,4913 3193,4913 3194,4914 3194,4915 3194,4916 3196,4917 3197,4917 3198,4919 3198,4963 3199,4963 3475,4963 3475,4963 3475,4920 3482,4913 3494,4913 3495,4915 3495,4916 3497,4917 3498,4917 3499,4919 3499,4924 3501,4925 3502,4925 3502,4926 3502,4927 3505,4929 3506,4929 3506,4930 3506,4939 3508,4940 3509,4940 3510,4942 3510,4947 3512,4948 3513,4948 3514,4950 3514,4955 3515,4955 3516,4955 3518,4958 3518,5025 3519,5025 3529,5025 3529,5026 3529,5027 3530,5028 3530,5042 3529,5043 3529,5044 3529,5044 3528,5044 3525,5047 3525,5048 3525,5048 3520,5048 3518,5050 3518,5051 3517,5052 3470,5052 3468,5051 3468,5050 3467,5048 3271,5048 3270,5049 3270,5107 3270,5107"/><TextEquiv index="1"><Unicode>paroiſſoient ne faire aucune attention à</Unicode></TextEquiv></TextLine><TextLine id="r0_l024"><Coords points="1746,5297 1745,5297 1745,5296 1745,5295 1227,5295 1225,5294 1225,5293 1224,5291 1200,5291 1198,5290 1198,5288 1198,5287 716,5287 715,5287 715,5254 715,5253 211,5253 210,5252 209,5252 207,5251 207,5239 209,5237 210,5237 211,5236 211,5235 213,5233 214,5233 215,5232 215,5231 217,5229 527,5229 527,5229 527,5173 528,5172 529,5172 531,5170 531,5165 531,5164 150,5164 149,5164 149,5157 150,5156 538,5156 538,5156 538,5155 541,5152 546,5152 546,5152 546,5151 549,5148 553,5148 554,5147 554,5146 555,5145 556,5145 557,5144 569,5144 569,5144 569,5143 571,5141 905,5141 905,5141 905,5104 907,5102 908,5102 908,5102 908,5101 911,5098 912,5098 912,5098 912,5097 914,5095 1057,5095 1058,5094 1478,5094 1479,5096 1479,5097 1481,5098 1482,5098 1483,5100 1483,5102 1484,5102 2349,5102 2350,5104 2350,5105 2352,5106 2885,5106 2886,5107 3271,5107 3279,5116 3279,5156 3280,5156 3494,5156 3495,5158 3495,5163 3497,5164 3498,5164 3498,5165 3499,5166 3499,5167 3500,5167 3512,5167 3513,5168 3514,5168 3514,5169 3514,5170 3517,5172 3518,5172 3518,5173 3518,5229 3519,5229 3521,5229 3522,5231 3522,5243 3516,5249 3512,5249 3510,5251 3510,5252 3510,5252 2914,5252 2913,5253 2913,5290 2912,5291 1754,5291 1753,5292 1753,5297 1753,5297"/><TextEquiv index="1"><Unicode>ce qui ſe paſſoit autour d'eux. Ils étoient</Unicode></TextEquiv></TextLine><TextLine id="r0_l025"><Coords points="2629,5497 2628,5497 2628,5490 2628,5489 1231,5489 1230,5488 1224,5488 1223,5488 1223,5458 1223,5457 1127,5457 1124,5455 1124,5454 1124,5453 1123,5453 1121,5452 1121,5451 1120,5449 529,5449 527,5448 527,5439 528,5438 529,5438 531,5436 531,5362 533,5360 534,5360 534,5360 535,5359 535,5358 536,5357 537,5357 539,5355 539,5354 540,5353 541,5353 543,5351 543,5350 544,5349 549,5349 550,5348 550,5347 552,5345 557,5345 558,5344 558,5343 560,5341 608,5341 608,5341 608,5293 610,5291 615,5291 615,5291 615,5290 618,5287 746,5287 747,5289 747,5295 748,5295 2030,5295 2030,5296 2030,5297 2033,5299 2712,5299 2713,5301 2713,5302 2714,5302 3424,5302 3425,5304 3425,5305 3427,5306 3432,5306 3433,5308 3433,5310 3434,5310 3768,5310 3768,5311 3768,5314 3768,5314 3767,5314 3765,5316 3764,5317 3764,5318 3764,5318 3434,5318 3433,5319 3433,5356 3434,5356 3485,5356 3486,5357 3487,5357 3487,5358 3487,5359 3489,5360 3497,5360 3514,5378 3514,5425 3513,5426 3512,5426 3510,5428 3510,5433 3510,5433 3509,5433 3506,5436 3506,5437 3506,5437 3501,5437 3499,5439 3499,5440 3498,5441 3493,5441 3491,5443 3491,5444 3490,5445 3385,5445 3383,5447 3383,5448 3382,5449 3373,5449 3372,5450 3372,5451 3371,5452 3371,5453 3371,5453 2663,5453 2662,5454 2662,5491 2662,5491 2661,5491 2660,5492 2644,5492 2643,5493 2643,5497 2643,5497"/><TextEquiv index="1"><Unicode>abîmés, anéantis dans la douleur. Je</Unicode></TextEquiv></TextLine><TextLine id="r0_l026"><Coords points="2375,5693 2374,5693 2374,5678 2374,5677 1181,5677 1180,5676 1179,5676 1178,5676 1178,5662 1178,5661 872,5661 870,5660 870,5631 870,5630 151,5630 150,5630 150,5577 151,5576 230,5576 230,5576 230,5563 232,5561 233,5561 234,5560 527,5560 527,5560 527,5539 528,5538 533,5538 535,5536 535,5535 536,5534 545,5534 546,5533 546,5532 548,5530 627,5530 627,5530 627,5486 629,5484 751,5484 751,5484 751,5481 752,5480 765,5480 766,5482 766,5483 767,5483 768,5483 770,5486 770,5488 771,5488 1230,5488 1231,5489 1236,5489 1238,5491 1690,5491 1691,5493 1691,5494 1693,5495 3000,5495 3002,5498 3002,5499 3003,5499 3209,5499 3209,5500 3209,5501 3212,5503 3213,5503 3213,5504 3213,5505 3216,5507 3217,5507 3217,5508 3217,5510 3218,5511 3218,5545 3219,5545 3374,5545 3376,5548 3376,5549 3377,5549 3455,5549 3456,5551 3456,5552 3458,5553 3459,5553 3460,5555 3460,5556 3462,5557 3463,5557 3464,5559 3464,5560 3466,5561 3467,5561 3468,5563 3468,5568 3469,5568 3470,5568 3472,5571 3472,5579 3474,5580 3517,5580 3518,5582 3518,5583 3520,5584 3521,5584 3522,5586 3522,5598 3521,5599 3520,5599 3519,5600 3518,5601 3518,5602 3517,5603 3516,5603 3515,5604 3514,5605 3514,5606 3513,5607 3477,5607 3476,5608 3476,5621 3475,5622 3474,5622 3473,5623 3472,5624 3472,5625 3471,5626 3466,5626 3464,5628 3464,5629 3463,5630 3458,5630 3456,5632 3456,5633 3455,5634 3439,5634 3437,5636 3437,5637 3436,5638 2385,5638 2384,5639 2384,5693 2384,5693"/><TextEquiv index="1"><Unicode>n'ai jamais vu la conſternation ſi forte-</Unicode></TextEquiv></TextLine><TextLine id="r0_l027"><Coords points="224,5869 223,5869 223,5868 222,5866 221,5865 220,5865 219,5865 219,5816 219,5815 147,5815 145,5814 145,5804 146,5803 523,5803 523,5803 523,5794 525,5792 526,5792 527,5791 527,5728 528,5727 529,5727 531,5725 531,5724 532,5723 534,5723 535,5722 1171,5722 1171,5722 1171,5682 1173,5680 1174,5680 1174,5680 1174,5679 1177,5676 1180,5676 1181,5677 1194,5677 1194,5678 1194,5683 1196,5684 1197,5684 1198,5686 1198,5692 1199,5692 2338,5692 2339,5693 2385,5693 2385,5694 2385,5695 2386,5695 3384,5695 3385,5696 3386,5696 3387,5698 3387,5699 3388,5699 3389,5699 3391,5702 3391,5749 3392,5749 3458,5749 3459,5750 3460,5750 3460,5751 3460,5752 3463,5754 3464,5754 3464,5755 3464,5756 3474,5765 3475,5765 3475,5766 3475,5767 3476,5768 3476,5792 3477,5792 3502,5792 3502,5793 3502,5794 3505,5796 3510,5796 3510,5797 3510,5798 3513,5800 3514,5800 3514,5801 3514,5818 3516,5819 3517,5819 3518,5821 3518,5822 3517,5823 3516,5823 3514,5825 3514,5830 3514,5830 3513,5830 3510,5833 3510,5834 3510,5834 3505,5834 3502,5837 3502,5838 3502,5838 1064,5838 1063,5839 1063,5845 1062,5846 1041,5846 1040,5847 1040,5860 1039,5861 1034,5861 1032,5863 1032,5864 1031,5865 231,5865 230,5866 230,5869 230,5869"/><TextEquiv index="1"><Unicode>ment peinte en aucun lieu du monde.</Unicode></TextEquiv></TextLine><TextLine id="r0_l028"><Coords points="3304,6086 3303,6086 3303,6067 3303,6066 2545,6066 2543,6065 2543,6051 2543,6050 1951,6050 1949,6049 1949,6048 1949,6047 1948,6047 1945,6045 1945,6024 1945,6023 305,6023 304,6023 304,6021 306,6019 1819,6019 1819,6019 1818,6018 1818,6017 1818,6016 1594,6016 1593,6015 1592,6015 1591,6015 1591,6014 1590,6012 1308,6012 1306,6011 1306,6010 1305,6008 803,6008 800,6006 800,6005 800,6004 722,6004 720,6003 720,6002 719,6000 718,6000 716,5999 716,5990 716,5989 549,5989 546,5987 546,5986 546,5985 545,5985 542,5983 542,5982 542,5981 541,5981 539,5980 539,5979 538,5978 538,5971 537,5969 536,5969 535,5969 535,5952 537,5950 542,5950 542,5950 542,5949 560,5931 727,5931 727,5931 727,5876 728,5875 728,5874 729,5873 1131,5873 1132,5872 1132,5871 1134,5869 1139,5869 1140,5871 1140,5872 1142,5873 1143,5873 1144,5875 1144,5881 1145,5881 2119,5881 2119,5882 2119,5884 2120,5884 2125,5884 2127,5887 2127,5888 2128,5888 2854,5888 2855,5890 2855,5891 2857,5892 2858,5892 2859,5894 2859,5896 2860,5896 3409,5896 3410,5898 3410,5953 3412,5954 3413,5954 3414,5956 3414,5961 3415,5961 3416,5961 3418,5964 3418,5965 3419,5965 3420,5965 3422,5968 3422,5996 3423,5996 3494,5996 3494,5997 3494,5998 3496,5999 3501,6004 3502,6004 3502,6005 3502,6006 3505,6008 3506,6008 3506,6009 3506,6014 3509,6016 3510,6016 3510,6017 3510,6039 3511,6039 3664,6039 3664,6040 3664,6041 3667,6043 3668,6043 3668,6044 3668,6054 3668,6054 3646,6054 3645,6055 3645,6061 3644,6062 3314,6062 3313,6063 3313,6086 3313,6086"/><TextEquiv index="1"><Unicode>„Mes bons amis, leur dit le Curé,</Unicode></TextEquiv></TextLine><TextLine id="r0_l029"><Coords points="1978,6275 1977,6275 1977,6213 1977,6212 1620,6212 1617,6210 1617,6209 1617,6208 1153,6208 1152,6208 1152,6207 1150,6204 1141,6204 1140,6204 1140,6203 1138,6200 1006,6200 1005,6200 1005,6199 1004,6197 761,6197 758,6195 758,6194 758,6193 749,6193 747,6192 747,6191 746,6189 741,6189 739,6188 739,6187 738,6185 544,6185 543,6185 543,6184 541,6181 151,6181 149,6180 149,6172 151,6170 523,6170 523,6170 523,6122 526,6119 527,6119 527,6119 527,6118 529,6116 777,6116 777,6116 777,6069 778,6068 778,6067 779,6066 784,6066 785,6065 785,6064 787,6062 804,6062 804,6063 804,6064 807,6066 808,6066 808,6067 808,6068 809,6069 809,6081 810,6081 2087,6081 2088,6083 2088,6085 2089,6085 3224,6085 3225,6086 3314,6086 3314,6087 3314,6088 3316,6089 3321,6089 3321,6090 3321,6135 3322,6135 3448,6135 3448,6136 3448,6137 3449,6138 3449,6139 3450,6139 3494,6139 3495,6141 3495,6142 3497,6143 3498,6143 3499,6145 3499,6150 3500,6150 3501,6150 3503,6153 3503,6204 3504,6204 3505,6204 3506,6206 3506,6219 3505,6220 3046,6220 3044,6222 3044,6223 3044,6223 3043,6223 3042,6224 2907,6224 2905,6226 2905,6227 2905,6227 2904,6227 2903,6228 2551,6228 2550,6229 2550,6239 2550,6239 2000,6239 1999,6240 1999,6274 2000,6274 3826,6274 3826,6275 3826,6275"/><TextEquiv index="1"><Unicode>“dormez - vous? Je vous vois bien</Unicode></TextEquiv></TextLine><TextLine id="r0_l030"><Coords points="2557,6498 2554,6496 2554,6475 2554,6474 2186,6474 2184,6473 2184,6472 2183,6470 2182,6470 2181,6470 2181,6469 2180,6468 2180,6456 2180,6455 1011,6455 1009,6454 1009,6453 1008,6451 1003,6451 1001,6450 1001,6449 1001,6448 1000,6447 999,6447 997,6446 997,6445 996,6443 995,6443 994,6443 993,6442 993,6441 992,6439 991,6439 990,6439 990,6438 989,6437 989,6402 989,6401 918,6401 916,6400 916,6398 916,6397 722,6397 718,6393 158,6393 157,6393 157,6392 153,6388 153,6275 153,6274 152,6274 151,6274 152,6273 152,6272 153,6271 821,6271 822,6270 823,6270 824,6269 824,6268 826,6266 835,6266 835,6266 835,6265 838,6262 877,6262 878,6261 878,6260 880,6258 885,6258 885,6258 885,6257 888,6254 915,6254 917,6257 917,6258 918,6258 965,6258 967,6261 967,6262 968,6262 969,6262 970,6264 970,6265 972,6266 1579,6266 1579,6267 1579,6268 1580,6269 1580,6270 1581,6270 1586,6270 1587,6272 1587,6273 1589,6274 3818,6274 3819,6275 3826,6275 3826,6276 3826,6277 3825,6278 3137,6278 3136,6279 3136,6320 3137,6320 3498,6320 3498,6321 3498,6322 3499,6322 3501,6324 3502,6324 3502,6325 3502,6326 3505,6328 3506,6328 3506,6329 3506,6358 3505,6359 3496,6359 3495,6360 3495,6411 3493,6413 3195,6413 3194,6414 3194,6462 3194,6462 3193,6462 3190,6465 3190,6466 3190,6466 3189,6466 3188,6467 3180,6467 3179,6468 3179,6469 3178,6470 3173,6470 3171,6472 3171,6473 3170,6474 2571,6474 2570,6475 2570,6493 2570,6493 2569,6493 2568,6494 2563,6494 2562,6495 2562,6497 2562,6497 2561,6497 2560,6498"/><TextEquiv index="1"><Unicode>“affligés; mais le ciel peut enfin réparer</Unicode></TextEquiv></TextLine></TextRegion></Page></PcGts>