4266 8344
656 835 4195 1054 “vos peines, & vous rendre le bonheur.
1020 1040 4187 1250 “Il faut pardonner, comme lui, mes
673 1234 4199 1447 “chers amis. Vous avez beaucoup à
1020 1427 4214 1691 “vous plaindre; mais le repentir doit
716 1623 4112 1837 “vous déſarmer. Je vous amène quel-
713 1821 4195 2039 “qu'un, qui eſt mortellement affligé
993 2022 4195 2231 “des peines qu'il vous a cauſées, qui
1024 2201 4163 2433 “vient pour les réparer autant qu'il eſt
1016 2415 4222 2615 “en lui.“ Alors les mourans ſemblent
685 2613 4195 2815 ſe ranimer l'horreur ſe peint dans leurs
815 2810 4148 3021 yeux ils s'écrient de concert: „Ah!
721 3016 4226 3197 “loin de nous! loin de nous!“ Je me
1005 3205 4235 3405 lève pour me préſenter à eux; leurs
1004 3398 4234 3607 plaies ſe rouvrent, & leur ſang coule.
646 3597 4210 3802 „Ah! je ſuis bien malheureux! m'écriai-
654 3788 4210 3999 “je; j'inſpire l'horreur, & je l'ai mé-
815 3986 4187 4191 “rité. Mais, ô! les plus honnêtes gens
827 4186 4195 4395 “du monde, je venois chercher, au-
827 4374 4191 4584 “près de vous, des conſolations, &
835 4573 4132 4775 “vous en apporter. Votre fille eſt échap-
855 4770 4191 4977 “pée au ſupplice, & ſans doute elle
1008 4963 4195 5161 “reſpire. Pour Dieu! chers infortunés,
1016 5156 4211 5370 “avez-vous de ſes nouvelles?“ -- „Ah!
969 5359 4214 5575 “Monſieur le Curé, répondirent - ils,
768 5559 4210 5760 “de grace, éloignez, de nous, cet enne-
989 5759 4218 5966 “mi mortel. S'il reſte, nous allons mou-
670 5954 4195 6173 “rir à vos yeux.“ -- „Vous le voyez,
677 6139 4222 6368 “Monſieur, me dit le Paſteur, je ſuis
1008 6344 4053 6561 “forcé de vous prier de vous retirer.“
11 8012 397 8151 ---.
335 8126 1259 8229 -
2302 8102 3022 8253 --
3631 8095 4200 8291 .
