4266 8151
2070 764 2991 944 o
1486 1165 3732 1383 Billet du R. P. Prudhomme,
1595 1409 3396 1624 au Curé de
1191 1584 1531 1765 L
1107 1753 4227 1970 „Je ne puis vous donner, mon bon
1076 1966 4143 2160 “ami, aucunes nouvelles ſur la jeune
1072 2153 4166 2352 “perſonne qui nous intéreſſe ſi vive-
1068 2348 4075 2547 “ment. Son Rapporteur ne ceſſe de faire
1061 2543 4197 2742 “des recherches, avec un zèle qui
1061 2738 4197 2936 “prouve ſon repentir extrême. Pour
794 2925 4117 3130 “moi, je n'en puis plus faire de mon
1045 3117 4060 3310 “côté, puiſque je ſuis obligé de partir
1042 3307 4052 3502 “demain pour Rennes, où je ſuis en-
1038 3498 4052 3693 “voyé par mes Supérieurs. Je ſuis bien
1030 3689 4167 3889 “fâché de n'avoir pas le temps de paſſer
1023 3883 4159 4084 “chez vous, pour vous faire mes adieux.
805 4079 4082 4278 “Je vous écrirai à mon arrivée. Si vous
1023 4269 4033 4468 “apprenez quelque choſe ſur le compte
1023 4460 4109 4654 “de l'adorable perſonne, inſtruiſez-moi
1015 4653 4117 4876 “à votre tour. Je vous embraſſe de tout
1020 4859 2128 5015 “mon cœur.“
946 5019 4132 5237 Cette lettre me plongea dans la conſ-
782 5232 4132 5427 ternation. Plus d'eſpoir de recevoir des
1000 5407 4132 5625 nouvelles de ma victime. Qu'eſt - elle
935 5601 4132 5819 devenue? O ciel! a-t-elle péri entre
988 5796 4060 6012 les mains des Chirurgiens aſſaſſins?
1015 5992 4021 6207 Il fallut partir avec cette horrible in-
973 6202 3953 6402 certitude. Je témoignai, au digne Curé,
965 6396 4109 6607 toute la reconnoiſſance que je lui devois.
