4266 8242
2131 583 2959 847 .
1156 876 4223 1083 “françoiſe, je me ſuis trouvée eſclave
1160 1076 4223 1286 “en Turquie; j'y ai pris le nom de
1164 1272 4227 1468 “Fatime. J'ai vécu, ou plutôt j'ai langui
1098 1462 4177 1669 “dans le Serrail du Grand Seigneur.
1125 1660 4184 1857 “De-là j'ai été encore plus humiliée
1152 1855 4223 2052 “dans celui du Grand Sophy de Perſe.
1152 2045 4227 2247 “J'ai ſouffert auſſi dans celui du Roi
1148 2243 4169 2446 “de Fez & de Maroc. Ah! mon ami,
1105 2441 4157 2635 “aucun de mes tourmens n'égale celui
1136 2635 4177 2842 “que me cauſe la perte de la belle
1129 2829 4176 3030 “Aurore, à laquelle j'ai contribué.“
1004 3023 4172 3213 -- „Ma chère amie, répondis - je,ſ
1125 3213 4180 3408 “vous l'aviez connue, vos regrets ſe-
1012 3404 4216 3609 “roient encore plus grands. Il paroît
1040 3598 4207 3796 “que votre vie a été fort variée,
1129 3794 4188 3990 “comme la mienne. Le récit m'en ſera
1121 3986 4176 4193 “très- précieux, quand vous voudrez
1047 4184 4184 4388 “bien, me le faire.“ Je l'ai priée de
1129 4378 4153 4576 remplir ce deſir, le plutôt qu'il lui ſeroit
1125 4549 4153 4771 poſſible. Elle y a conſenti; elle m'a
1121 4758 4200 4965 promis ſon hiſtoire; &, dès le ſecond
1094 4960 4192 5174 jour de notre voyage, elle m'a tenu
912 5160 1863 5382 parole.
1333 5595 3924 5896 Fin de la première Liaſſe.
3788 5822 4130 5948 e
2100 6456 2531 6565 -
3580 6467 4174 6709 l
