4266 8675
1092 885 4229 1100 coup-d'œil, depuis qu'il m'eut privée
1124 1092 3953 1295 de mon tréſor le plus précieux.
1076 1275 4225 1507 “Mon amant n'en fut pas plus heu-
954 1498 4213 1710 reux. On ne lui laiſſa pas recueillir même
1076 1653 4221 1915 les reſtes du Corſaire. Il étoit enchaîé
1100 1905 4217 2120 ſous mes pieds, tandis que je gémiſſois
1104 2111 4217 2319 en plein air. Bientôt nous abordâmes à
873 2311 4209 2527 terre. Ici la ſéparation fut plus complette
1076 2514 4209 2734 encore, & plus cruelle. Mon amant fut
1100 2721 4201 2931 vendu de ſon côté; moi du mien. So
1108 2925 4197 3137 ſort probablement fut moins brillant
1076 3132 4193 3338 que celui dont je fus partagée; car je
738 3335 4185 3541 me vis conduite à Conſtantinople, &
942 3525 4180 3745 bientôt introduite dans le Serrail même
1080 3745 4176 3957 du Grand Seigneur. Pour mon bien
1112 3945 4176 4176 aimé, je fus long-temps ſans ſavoirc
1056 4152 2287 4359 qu'il devint.
1051 4336 4160 4571 “Le Sultan me donna, pour Eſclave,
1035 4566 4152 4774 à ſa Sultane favorite, qui me nomm
1104 4752 4148 4976 Fatime, nom qui m'eſt reſté. Cette Prin
1027 4968 4144 5178 ceſſe n'étoit pas la plus jolie du Serrail,
1096 5168 4136 5383 il s'en falloit de beaucoup; mais elt
1095 5379 4136 5586 étoit, ſans contredit, la plus méchante.
832 5578 4128 5790 Elle nous regardoit comme des chats
1027 5777 4124 6001 des ſinges, deſtinés à lui ſervir de paſſe
1088 5992 4124 6204 temps. Elle nous faiſoit fouetter, devat
812 6196 4124 6412 elle, ſans ſujet, uniquement parce que
1060 6403 4124 6619 nos cris & nos grimaces l'amuſoient.
742 6594 4120 6854 Je m'apperçus de ſon motif; j'eus la
