4266 7946
47 824 3218 1029 force, pendant les exécutions, de ne
140 1010 3311 1222 pas pouſſer un cri, & de ne pas faire une
352 1203 3463 1404 grimace ſous les coups de verges; elle
-10 1385 3225 1582 fit d'abord redoubler la doſe, pour vaincre
-10 1571 3314 1767 ma conſtance; mais, quand elle vit qu'elle
-6 1757 3218 1958 n'y gagnoit rien, elle me laiſſa-là, comme
-12 1944 3549 2143 une malheureuſe, indigne de ſervir à
-12 2119 1679 2330 ſon amuſement.
211 2314 3229 2516 “J'étois enchantée de ma diſgrace;
-11 2504 3266 2702 mais je ne jouis pas long-temps de ſes
-11 2690 3218 2886 douceurs. On s'aviſa de dire au Grand
-10 2856 3214 3073 Seigneur que j'étois immobile ſous les
-10 3063 3214 3257 coups de fouet; & un Eunuque latiniſte,
-10 3247 3411 3436 qui ſe trouvoit là, je ne ſais comment,
-9 3427 3210 3619 m'appeloit ſlatua verberea (ſtatue ſous
-9 3591 3210 3815 les coups.) Sa Hauteſſe me regarda, &
-8 3805 3214 3991 me ſourit avec une eſpèce de complai-
-8 3960 3258 4181 ſance; ce qui me valut, dès qu'Elle
-8 4176 3207 4366 fut partie, un renouvellement de flagel-
-7 4327 3199 4552 lation. Ce n'étoit plus par paſſe - temps
-7 4544 3218 4733 que la Sultane me faiſoit fouetter; c'é-
-6 4727 3210 4932 toit par dépit & par jalouſie. Ayant
-2 4916 3195 5108 perdu, depuis pluſieurs jours, l'habitude
-6 5094 3426 5303 d'être ainſi traitée, j'y fus plus ſenſible
-5 5286 3203 5486 ce jour-là, & il m'échappa, ſi-non des
-5 5470 3214 5680 cris, au moins des grimaces, qui firent
-4 5655 3192 5856 rire, aux larmes, ma cruelle maîtreſſe
-4 5813 3177 6063 Le Sultan vint, pendant mon exécution-
-4 6011 3192 6243 On lui raconta, comme la plus. plai-
2203 6239 2664 6421 Diij
3193 7733 3672 7861 .
