<PcGts xmlns="http://schema.primaresearch.org/PAGE/gts/pagecontent/2017-07-15" xmlns:xsi="http://www.w3.org/2001/XMLSchema-instance" xsi:schemaLocation="http://schema.primaresearch.org/PAGE/gts/pagecontent/2017-07-15 http://schema.primaresearch.org/PAGE/gts/pagecontent/2017-07-15/pagecontent.xsd"><Metadata><Creator>User123</Creator><Created>2020-10-15T18:12:21</Created><LastChange>2020-10-15T18:12:21</LastChange></Metadata><Page imageFilename="0087.png" imageHeight="8850" imageWidth="4266"><TextRegion id="r0" type="paragraph" orientation="0.5"><Coords points="1,1 4264,1 4264,8848 1,8848"/><TextLine id="r0_l001"><Coords points="3414,7 4241,1 4242,110 3415,117"/><TextEquiv index="1"><Unicode></Unicode></TextEquiv></TextLine><TextLine id="r0_l002"><Coords points="2533,770 2533,725 2532,724 2420,725 2420,725 2420,722 2419,721 2416,721 2416,721 2416,718 2415,717 2412,717 2412,717 2412,714 2411,713 2408,713 2408,713 2408,710 2407,709 2404,709 2404,709 2404,701 2403,700 2402,701 2401,700 2400,700 2400,699 2399,688 2399,688 2396,688 2395,687 2395,679 2395,679 2392,679 2391,678 2391,667 2391,667 2388,667 2387,666 2387,621 2386,621 2383,621 2383,620 2383,617 2383,617 2386,617 2387,616 2387,600 2387,600 2390,600 2391,599 2390,583 2391,583 2394,583 2395,581 2395,575 2396,575 2400,575 2400,574 2400,558 2401,558 2404,557 2404,557 2404,555 2405,554 2408,554 2408,554 2408,547 2409,546 2412,546 2412,546 2412,543 2413,542 2416,542 2416,542 2416,539 2417,538 2425,538 2425,538 2425,534 2426,533 2750,530 2751,529 2771,529 2771,530 2771,533 2772,533 2775,533 2775,534 2775,538 2776,538 2779,538 2779,539 2779,546 2780,546 2784,546 2784,547 2784,554 2785,554 2788,554 2788,555 2788,571 2789,571 2792,571 2792,572 2793,600 2793,600 2859,600 2860,601 2862,600 2863,601 2863,604 2863,604 2866,604 2867,605 2867,634 2867,634 2870,634 2871,635 2872,709 2872,709 2966,709 2967,709 2967,712 2967,713 2974,713 2976,714 2976,717 2975,718 2880,718 2880,719 2880,730 2879,730 2875,730 2875,731 2875,734 2874,734 2871,734 2871,735 2871,738 2870,738 2867,738 2867,739 2867,763 2867,763 2547,766 2546,767 2542,767 2541,768 2541,769 2541,769 2535,769 2534,770"/><TextEquiv index="1"><Unicode></Unicode></TextEquiv></TextLine><TextLine id="r0_l003"><Coords points="4107,984 4106,983 4100,983 4099,982 4099,980 4099,980 4045,980 4044,980 4044,978 4043,977 3185,985 3184,984 3184,982 3184,982 2910,984 2909,984 2909,981 2908,980 2905,980 2904,979 2784,980 2784,980 2784,971 2783,970 1640,980 1640,980 1640,973 1639,972 1164,976 1164,976 1164,969 1163,968 1160,968 1160,968 1160,960 1159,959 1143,959 1143,959 1143,947 1142,947 1030,947 1030,947 1030,935 1030,934 1033,934 1034,934 1033,933 1034,932 1034,864 1034,863 1042,863 1043,863 1043,860 1043,859 1050,859 1051,859 1051,843 1051,842 1054,842 1055,842 1055,822 1055,821 1058,821 1059,821 1058,818 1059,817 1059,814 1060,813 1068,813 1068,813 1068,806 1069,805 1072,805 1072,805 1072,797 1073,796 1076,796 1076,796 1076,793 1077,792 2533,779 2533,779 2533,771 2535,769 2850,767 2850,766 2850,763 2851,763 2862,762 2863,764 2863,770 2864,770 3268,767 3268,767 3268,769 3269,770 3594,767 3594,768 3594,771 3595,771 4061,767 4061,768 4061,771 4062,771 4065,771 4065,771 4066,817 4066,818 4227,817 4228,817 4228,825 4228,826 4231,826 4232,826 4232,833 4231,834 4227,834 4227,834 4228,933 4227,934 4224,934 4224,934 4224,946 4223,947 4216,947 4216,947 4216,950 4215,951 4211,951 4211,951 4211,954 4210,955 4199,955 4199,955 4199,958 4198,959 4111,960 4111,960 4111,983 4111,984"/><TextEquiv index="1"><Unicode>ſante choſe du monde, que j'avois, enfin,</Unicode></TextEquiv></TextLine><TextLine id="r0_l004"><Coords points="1560,1213 1560,1212 1560,1174 1559,1174 1314,1176 1314,1176 1314,1163 1313,1162 1059,1164 1059,1164 1058,1152 1058,1151 1031,1151 1030,1151 1030,1148 1029,1147 1027,1147 1026,1146 1026,1101 1025,1101 951,1101 951,1101 951,1098 950,1097 947,1097 947,1097 947,1063 946,1062 742,1064 742,1064 742,1060 741,1059 721,1059 721,1059 721,1056 721,1055 1050,1052 1051,1052 1050,1047 1051,1046 1051,1040 1052,1039 1055,1039 1055,1039 1055,1031 1056,1030 1059,1030 1059,1030 1059,1027 1060,1026 1064,1026 1064,1026 1064,1023 1065,1022 1068,1022 1068,1022 1068,1019 1069,1018 1072,1018 1072,1018 1072,1014 1073,1013 1076,1013 1076,1013 1076,1010 1077,1009 1105,1009 1105,1008 1105,1005 1106,1005 3184,987 3184,986 3184,985 3185,985 3247,984 3247,984 3247,981 3247,980 3777,976 3778,977 3797,976 3798,977 3798,979 3799,979 3844,979 3845,980 3848,980 3848,980 3848,984 3849,985 4106,983 4107,984 4107,988 4108,989 4211,988 4211,988 4212,1046 4212,1047 4219,1047 4220,1047 4220,1050 4220,1051 4223,1051 4224,1051 4224,1067 4223,1068 4220,1068 4220,1068 4220,1125 4220,1126 4217,1126 4216,1126 4216,1129 4216,1130 4212,1130 4211,1130 4211,1138 4211,1139 4203,1139 4202,1139 4203,1159 4202,1160 4107,1161 4107,1161 4107,1163 4106,1164 4040,1164 4040,1165 4040,1187 4039,1187 1569,1209 1569,1209 1569,1212 1568,1213"/><TextEquiv index="1"><Unicode>fait la grimace; pour qu'il eût ſa part</Unicode></TextEquiv></TextLine><TextLine id="r0_l005"><Coords points="3527,1399 3527,1398 3526,1380 3526,1380 3422,1381 3421,1380 3421,1377 3421,1377 2239,1387 2036,1389 2036,1389 2036,1401 2035,1402 1364,1408 1364,1408 1364,1413 1363,1414 1360,1414 1360,1414 1360,1417 1359,1418 1268,1418 1268,1418 1267,1364 1267,1363 1152,1364 1151,1363 1094,1364 1093,1363 1093,1360 1093,1360 1048,1360 1047,1360 1047,1357 1047,1356 1040,1356 1039,1356 1039,1353 1039,1352 1035,1352 1034,1352 1034,1348 1034,1347 1031,1347 1030,1347 964,1347 963,1347 963,1344 964,1343 1030,1343 1030,1342 1030,1315 1030,1314 1033,1314 1034,1314 1034,1303 1034,1302 1038,1302 1039,1302 1039,1298 1039,1297 1042,1297 1043,1297 1043,1294 1043,1293 1046,1293 1047,1293 1047,1290 1047,1289 1050,1289 1051,1289 1051,1286 1051,1285 1054,1285 1055,1285 1055,1282 1055,1281 1076,1281 1077,1281 1076,1227 1077,1226 1080,1226 1080,1226 1080,1223 1081,1222 1089,1222 1089,1221 1089,1218 1089,1218 1422,1215 1423,1214 1434,1214 1435,1213 1435,1210 1435,1210 3522,1192 3523,1191 3523,1190 3523,1190 3563,1189 3564,1188 3572,1188 3573,1189 3647,1189 3648,1189 3648,1190 3648,1191 4039,1187 4040,1188 4040,1189 4040,1189 4085,1189 4086,1189 4086,1196 4086,1197 4110,1197 4111,1198 4173,1197 4174,1198 4174,1251 4175,1251 4195,1251 4195,1251 4195,1255 4196,1256 4203,1256 4203,1256 4203,1259 4204,1260 4206,1260 4206,1260 4207,1267 4207,1268 4210,1268 4211,1268 4211,1271 4211,1272 4219,1272 4220,1272 4220,1338 4220,1339 4217,1339 4216,1339 4216,1342 4216,1343 4192,1343 4191,1343 4191,1355 4191,1356 4171,1356 4170,1357 4170,1360 4170,1360 4166,1360 4165,1361 4165,1364 4165,1364 4162,1364 4161,1365 4161,1373 4161,1373 4111,1374 4110,1374 4111,1392 4110,1393 3535,1398 3534,1399"/><TextEquiv index="1"><Unicode>du plaiſir, on ordonna la continuation</Unicode></TextEquiv></TextLine><TextLine id="r0_l006"><Coords points="2658,1620 2658,1620 2657,1560 2657,1559 2401,1562 2400,1562 2400,1564 2400,1565 2317,1565 2316,1564 2200,1565 2199,1564 1971,1566 1970,1567 1970,1569 1970,1569 1949,1569 1948,1569 1937,1569 1936,1568 1936,1565 1936,1565 1716,1567 1715,1567 1715,1568 1715,1569 1645,1569 1644,1568 1478,1570 1477,1570 1477,1572 1477,1573 1474,1573 1473,1572 1473,1569 1473,1569 1376,1569 1375,1569 1260,1570 1259,1570 1260,1632 1259,1633 1247,1633 1247,1632 1246,1570 1246,1570 1164,1570 1163,1571 1164,1627 1163,1627 1151,1627 1151,1627 1150,1574 1150,1573 1147,1573 1146,1572 1056,1573 1055,1573 1055,1570 1055,1569 1052,1569 1051,1569 1051,1566 1051,1565 1044,1565 1043,1565 1043,1561 1042,1560 1039,1560 1039,1560 1039,1557 1038,1556 1034,1556 1034,1556 1034,1553 1033,1552 1032,1552 1031,1551 1030,1552 1030,1551 1030,1535 1029,1535 1026,1535 1026,1534 1026,1531 1026,1531 1029,1531 1030,1530 1030,1514 1030,1514 1033,1513 1034,1513 1034,1511 1034,1510 1038,1510 1039,1510 1039,1507 1039,1506 1042,1506 1043,1505 1043,1503 1044,1502 1051,1502 1051,1502 1051,1499 1052,1498 1055,1498 1055,1498 1055,1453 1056,1452 1064,1452 1064,1452 1064,1449 1064,1448 1067,1448 1068,1448 1068,1444 1068,1443 1096,1443 1097,1443 1097,1447 1097,1448 1109,1448 1110,1448 1110,1451 1111,1452 1114,1452 1114,1452 1114,1477 1115,1478 1185,1477 1185,1478 1185,1482 1186,1482 1352,1481 1353,1482 1435,1481 1435,1480 1435,1439 1435,1439 1455,1439 1456,1438 1456,1431 1456,1431 1459,1431 1460,1430 1460,1423 1460,1423 1472,1423 1473,1423 1473,1426 1473,1427 1476,1427 1477,1427 1477,1430 1477,1431 1480,1431 1481,1431 1481,1438 1481,1439 1484,1439 1485,1439 1485,1442 1485,1443 1488,1443 1489,1443 1489,1452 1490,1452 1494,1452 1494,1453 1494,1460 1495,1460 1498,1460 1498,1461 1498,1481 1499,1481 1544,1481 1545,1482 1707,1481 1707,1480 1707,1477 1708,1477 1715,1477 1715,1477 1715,1480 1716,1481 1718,1481 1719,1481 1723,1481 1723,1482 1723,1485 1724,1485 1861,1484 1861,1484 1861,1432 1861,1431 1864,1431 1865,1431 1865,1428 1865,1427 1872,1427 1873,1427 1873,1424 1873,1423 1889,1423 1890,1423 1890,1426 1890,1427 1893,1427 1894,1427 1894,1477 1895,1478 1965,1477 1966,1478 2195,1476 2195,1476 2195,1474 2196,1473 2299,1472 2299,1472 2299,1424 2299,1423 2303,1423 2304,1423 2304,1419 2304,1418 2315,1418 2316,1418 2316,1415 2316,1414 2328,1414 2329,1415 2329,1418 2329,1418 2332,1418 2333,1419 2333,1427 2333,1427 2336,1427 2337,1428 2337,1473 2338,1473 2406,1472 2407,1473 2546,1472 2546,1472 2546,1419 2546,1418 2549,1418 2550,1418 2550,1415 2550,1414 2557,1414 2558,1414 2558,1411 2558,1410 2566,1410 2567,1411 2567,1414 2567,1414 2574,1414 2575,1415 2678,1414 2679,1415 2679,1469 2680,1469 2749,1469 2750,1469 2967,1468 2967,1467 2967,1464 2968,1464 2984,1463 2984,1463 2984,1461 2985,1460 2988,1460 2989,1461 3151,1460 3151,1460 3151,1463 3152,1464 3176,1464 3177,1465 3326,1463 3326,1463 3326,1411 3326,1410 3330,1410 3331,1410 3331,1403 3331,1402 3355,1402 3356,1403 3356,1406 3356,1406 3363,1406 3364,1407 3364,1456 3365,1456 3527,1455 3527,1454 3527,1399 3527,1399 3580,1398 3581,1399 3581,1406 3581,1406 3584,1406 3585,1407 3585,1460 3586,1460 3652,1460 3652,1460 3652,1463 3653,1464 3802,1462 3802,1462 3802,1457 3803,1456 3806,1456 3806,1456 3806,1436 3806,1435 3810,1435 3811,1435 3811,1428 3811,1427 3814,1427 3815,1427 3815,1424 3815,1423 3818,1423 3819,1423 3819,1419 3819,1418 3822,1418 3823,1418 3823,1411 3823,1410 3826,1410 3827,1410 3827,1407 3827,1406 3835,1406 3836,1406 3836,1403 3836,1402 3839,1402 3840,1401 3840,1398 3840,1398 3876,1398 3877,1398 3877,1442 3878,1443 3882,1443 3882,1443 3882,1453 3883,1454 4049,1452 4049,1452 4049,1399 4049,1398 4160,1397 4161,1397 4161,1394 4161,1393 4164,1393 4165,1393 4165,1390 4165,1389 4169,1389 4170,1390 4170,1393 4170,1393 4173,1393 4174,1394 4174,1469 4175,1469 4178,1469 4178,1470 4178,1477 4179,1477 4232,1477 4232,1477 4233,1493 4233,1494 4235,1494 4236,1494 4236,1497 4236,1498 4239,1498 4241,1499 4241,1502 4240,1502 4220,1503 4220,1503 4220,1518 4219,1519 4182,1519 4182,1520 4182,1544 4181,1544 4170,1544 4170,1545 4170,1603 4169,1604 4169,1605 4169,1605 4161,1605 4160,1605 4160,1599 4160,1598 4158,1598 4157,1597 4011,1598 4010,1598 4004,1598 4003,1597 4003,1594 4003,1594 3991,1594 3990,1593 3990,1590 3990,1590 3983,1590 3982,1589 3982,1585 3982,1585 3979,1585 3978,1584 3978,1544 3977,1544 3823,1545 3823,1546 3823,1548 3822,1548 3815,1548 3815,1549 3815,1569 3815,1569 3807,1569 3806,1569 3806,1548 3805,1547 3667,1548 3666,1547 3619,1548 3619,1547 3619,1544 3618,1544 3439,1545 3439,1546 3439,1548 3438,1548 3437,1547 3323,1548 3322,1548 3172,1549 3172,1549 3172,1551 3171,1552 2988,1553 2988,1554 2988,1556 2988,1556 2980,1556 2979,1556 2902,1556 2901,1557 2901,1585 2901,1585 2893,1585 2892,1585 2892,1581 2892,1580 2851,1581 2850,1580 2850,1557 2850,1557 2760,1557 2759,1558 2759,1560 2759,1560 2739,1561 2738,1561 2738,1564 2738,1565 2735,1565 2734,1564 2734,1560 2734,1560 2726,1560 2725,1559 2675,1559 2674,1560 2675,1620 2674,1620"/><TextEquiv index="1"><Unicode>&amp; même le redoublement de la flagel-</Unicode></TextEquiv></TextLine><TextLine id="r0_l007"><Coords points="776,1623 775,1623 717,1623 717,1623 716,1620 716,1619 714,1619 713,1619 713,1616 714,1615 717,1615 717,1615 717,1611 718,1610 777,1610 777,1610 778,1629 778,1630 3982,1602 3982,1602 3982,1605 3983,1606 3989,1606 3990,1607 4169,1605 4169,1606 4170,1636 4170,1636 4173,1636 4174,1637 4174,1698 4175,1698 4216,1698 4216,1698 4216,1701 4217,1702 4224,1702 4224,1702 4225,1793 4226,1794 4228,1794 4228,1794 4228,1797 4229,1798 4232,1798 4232,1798 4232,1806 4232,1807 4225,1807 4224,1807 4224,1812 4224,1813 3670,1817 3669,1818 3569,1819 3568,1820 780,1845 779,1845"/><TextEquiv index="1"><Unicode>lation. Il n'en ſourit qu'imperceptible-</Unicode></TextEquiv></TextLine><TextLine id="r0_l008"><Coords points="1824,2050 1823,2049 1823,2043 1823,2043 1052,2049 1051,2049 1051,1987 1050,1986 1034,1986 1033,1985 1026,1986 1026,1985 1026,1978 1027,1977 1026,1915 1027,1915 1030,1915 1030,1914 1030,1911 1031,1911 1034,1910 1034,1910 1034,1908 1034,1907 1046,1907 1047,1907 1047,1904 1047,1903 1217,1902 1218,1901 1218,1899 1218,1899 1380,1897 1381,1897 1381,1895 1381,1894 1488,1894 1489,1893 1488,1847 1489,1846 1489,1840 1490,1840 1491,1839 1492,1840 1560,1840 1561,1841 3518,1824 3518,1823 3518,1821 3519,1821 3652,1820 3653,1819 3986,1816 3987,1815 3998,1815 3999,1814 4011,1814 4012,1814 4224,1813 4224,1813 4224,1831 4225,1832 4231,1832 4231,1832 4233,1977 4233,1978 4235,1978 4236,1978 4236,1989 4235,1990 4203,1990 4203,1990 4203,2023 4203,2024 3561,2029 3560,2030 3560,2032 3560,2032 1829,2048 1828,2048 1828,2049 1828,2050"/><TextEquiv index="1"><Unicode>ment. Il remarqua que cette cérémonie</Unicode></TextEquiv></TextLine><TextLine id="r0_l009"><Coords points="4199,2237 4198,2236 3469,2242 3468,2242 3468,2241 3467,2240 2939,2245 2938,2244 2355,2249 2354,2248 2354,2245 2353,2245 2349,2245 2349,2245 2349,2244 2348,2243 2149,2245 2149,2244 2149,2222 2148,2222 1861,2224 1861,2224 1861,2217 1860,2216 1857,2216 1857,2216 1857,2214 1856,2213 1093,2220 1093,2219 1093,2203 1092,2203 1035,2203 1034,2202 1018,2203 1018,2202 1017,2193 1018,2192 1018,2191 1019,2191 1022,2191 1022,2190 1022,2187 1023,2187 1026,2187 1026,2186 1026,2116 1026,2116 1054,2115 1055,2115 1055,2112 1055,2111 1058,2111 1059,2111 1059,2108 1059,2107 1179,2106 1180,2106 1180,2092 1181,2091 1180,2067 1181,2066 1185,2066 1185,2066 1185,2062 1186,2061 1193,2061 1193,2061 1193,2058 1194,2057 1314,2056 1314,2056 1314,2054 1315,2053 1322,2053 1322,2052 1322,2049 1323,2049 1378,2048 1379,2049 1385,2049 1385,2050 1385,2052 1386,2052 3418,2035 3418,2034 3418,2032 3419,2032 3427,2032 3427,2031 3427,2028 3428,2028 3440,2027 3441,2028 3460,2028 3460,2029 3460,2030 3461,2030 4203,2024 4203,2024 4203,2035 4204,2036 4236,2036 4236,2036 4237,2123 4238,2124 4241,2124 4241,2124 4241,2152 4240,2153 4241,2236 4240,2237"/><TextEquiv index="1"><Unicode>m'alloit bien; que j'y paroiſſois à mon</Unicode></TextEquiv></TextLine><TextLine id="r0_l010"><Coords points="2141,2470 2140,2469 1531,2474 1531,2474 1531,2451 1530,2450 1527,2450 1527,2450 1526,2412 1526,2411 1403,2412 1402,2412 1402,2411 1402,2410 1151,2412 1150,2411 1085,2412 1084,2412 1084,2409 1084,2408 1037,2408 1036,2407 1031,2408 1030,2407 1030,2404 1030,2404 1027,2404 1026,2403 1026,2391 1026,2391 1023,2391 1022,2390 1022,2358 1021,2358 1009,2358 1009,2357 1009,2345 1009,2345 1029,2345 1030,2344 1030,2341 1030,2341 1033,2341 1034,2340 1034,2337 1034,2337 1038,2336 1039,2336 1039,2334 1039,2333 1042,2333 1043,2333 1043,2330 1043,2329 1054,2329 1055,2329 1055,2325 1055,2324 1058,2324 1059,2324 1059,2321 1059,2320 1301,2318 1302,2318 1302,2317 1302,2316 2045,2310 2046,2309 2045,2266 2046,2266 2316,2263 2317,2262 2324,2262 2324,2262 2324,2259 2325,2258 2587,2256 2587,2255 2587,2253 2588,2253 3272,2247 3272,2246 3272,2245 3273,2245 3468,2243 3469,2242 3660,2241 3660,2240 4085,2236 4086,2235 4086,2212 4086,2212 4089,2212 4090,2211 4090,2187 4090,2187 4093,2187 4094,2187 4094,2190 4094,2191 4098,2191 4099,2191 4099,2202 4099,2203 4102,2203 4103,2203 4103,2236 4103,2237 4169,2236 4170,2237 4240,2237 4241,2237 4241,2248 4240,2249 4241,2404 4240,2405 4241,2411 4240,2412 4236,2412 4236,2412 4236,2432 4235,2433 4232,2433 4232,2433 4232,2436 4231,2437 4203,2437 4203,2437 4203,2440 4202,2441 4178,2441 4178,2442 4178,2448 4177,2448 3264,2456 3264,2457 3264,2458 3263,2458 3001,2460 3000,2461 2145,2469 2144,2470"/><TextEquiv index="1"><Unicode>avantage; que la chair, colorée par les</Unicode></TextEquiv></TextLine><TextLine id="r0_l011"><Coords points="2111,2679 2111,2679 2111,2676 2110,2675 2103,2675 2103,2675 2103,2673 2102,2672 1306,2679 1306,2679 1306,2676 1305,2675 1289,2675 1289,2675 1289,2674 1288,2673 1080,2675 1080,2675 1080,2664 1079,2663 1072,2663 1072,2663 1071,2618 1071,2617 1038,2617 1037,2616 1035,2617 1034,2616 1034,2608 1034,2608 1031,2608 1030,2607 1030,2604 1030,2604 1027,2604 1026,2603 1026,2600 1026,2600 1023,2600 1022,2599 1022,2554 1022,2554 1025,2554 1026,2553 1026,2550 1026,2550 1029,2550 1030,2549 1030,2546 1030,2546 1038,2545 1039,2545 1039,2542 1039,2541 1046,2541 1047,2541 1046,2538 1047,2537 1050,2537 1051,2536 1051,2534 1052,2533 1064,2533 1064,2533 1064,2530 1065,2529 1531,2525 1531,2525 1531,2475 1531,2474 1539,2474 1540,2475 1540,2525 1541,2525 1598,2525 1598,2524 1598,2479 1599,2479 1606,2479 1606,2478 1606,2475 1606,2475 1608,2474 1609,2475 1626,2475 1627,2476 1627,2479 1628,2479 2975,2468 2976,2467 2976,2462 2976,2462 3668,2456 3669,2455 3669,2454 3669,2454 3931,2451 3932,2450 3943,2450 3944,2449 3997,2449 3998,2448 3998,2445 3998,2445 4006,2445 4007,2444 4007,2441 4007,2441 4010,2441 4011,2442 4064,2441 4065,2442 4065,2445 4065,2445 4068,2445 4069,2446 4069,2449 4069,2449 4177,2448 4178,2449 4178,2450 4178,2450 4240,2450 4241,2450 4241,2474 4241,2475 4236,2475 4235,2475 4236,2595 4236,2596 4233,2596 4232,2596 4232,2599 4232,2600 4192,2600 4191,2600 4191,2620 4191,2621 4044,2622 4043,2623 4044,2658 4043,2658 3255,2665 3255,2666 3255,2667 3254,2667 2562,2673 2562,2674 2562,2675 2561,2675"/><TextEquiv index="1"><Unicode>coups de verges, prenoit un vermillon</Unicode></TextEquiv></TextLine><TextLine id="r0_l012"><Coords points="4220,2878 4220,2877 4220,2873 4219,2873 2808,2885 2808,2885 2808,2884 2807,2883 1673,2893 1673,2892 1673,2884 1672,2884 1101,2889 1101,2888 1100,2830 1100,2830 1044,2830 1043,2830 1043,2826 1043,2825 1040,2825 1039,2825 1039,2822 1037,2820 1034,2821 1034,2820 1034,2817 1033,2817 1030,2817 1030,2816 1030,2813 1029,2813 1026,2813 1026,2812 1026,2806 1025,2806 659,2809 659,2808 659,2804 659,2804 662,2804 663,2803 663,2800 663,2800 666,2800 667,2799 667,2796 667,2796 1021,2793 1022,2792 1021,2792 1018,2792 1018,2791 1018,2778 1017,2778 855,2779 855,2779 855,2772 855,2771 968,2770 969,2770 968,2718 969,2717 1110,2716 1110,2715 1110,2692 1110,2692 1113,2692 1114,2691 1114,2688 1114,2688 1117,2688 1118,2687 1118,2683 1118,2683 1138,2683 1139,2683 1139,2684 1139,2685 3208,2667 3209,2667 3209,2670 3209,2671 3213,2670 3214,2671 3214,2673 3214,2673 4014,2667 4015,2667 4015,2672 4015,2672 4210,2671 4211,2671 4211,2674 4211,2675 4240,2675 4241,2675 4241,2682 4240,2683 4235,2683 4235,2683 4236,2778 4235,2779 4232,2779 4232,2779 4232,2783 4231,2784 4227,2784 4227,2784 4228,2877 4227,2878"/><TextEquiv index="1"><Unicode>charmant. Il voulut voir ſi cette exécu-</Unicode></TextEquiv></TextLine><TextLine id="r0_l013"><Coords points="3461,3090 3460,3090 3460,3084 3460,3083 3402,3084 3401,3083 3401,3080 3401,3080 2108,3091 2107,3092 2107,3097 2107,3097 1415,3103 1414,3104 1413,3104 1412,3103 1403,3103 1402,3102 1399,3102 1398,3102 1398,3037 1397,3036 1172,3038 1171,3037 1039,3038 1039,3038 1039,3034 1038,3033 1034,3034 1034,3033 1034,3030 1033,3030 1030,3030 1030,3029 1030,3026 1029,3026 1026,3026 1026,3025 1025,2967 1025,2967 1023,2967 1022,2966 1022,2931 1021,2931 650,2934 650,2933 650,2921 650,2921 653,2921 654,2920 654,2917 654,2917 1088,2913 1089,2913 1089,2897 1089,2896 1092,2896 1093,2896 1093,2893 1093,2892 1100,2892 1101,2891 1101,2889 1101,2889 1113,2889 1114,2889 1114,2891 1114,2892 1117,2892 1118,2892 1118,2894 1118,2895 1459,2892 1460,2892 1460,2894 1460,2895 1685,2893 1686,2894 2979,2883 2980,2882 2980,2880 2980,2880 2986,2879 2987,2880 2996,2880 2997,2881 2997,2883 2997,2883 3444,2879 3445,2880 4114,2875 4115,2876 4164,2875 4165,2876 4165,2878 4165,2878 4227,2878 4228,2878 4229,3062 4230,3063 4236,3063 4236,3063 4236,3075 4236,3076 4158,3076 4157,3077 4157,3080 4157,3080 3912,3082 3911,3083 3911,3085 3911,3085 3465,3089 3464,3090"/><TextEquiv index="1"><Unicode>tion iroit auſſi bien à la Sultane. Elle</Unicode></TextEquiv></TextLine><TextLine id="r0_l014"><Coords points="4104,3296 4103,3295 3344,3301 3343,3301 3343,3300 3343,3299 2096,3310 2095,3310 2095,3293 2095,3292 1595,3297 1594,3296 1594,3273 1593,3273 1235,3276 1235,3275 1235,3272 1234,3272 1231,3272 1231,3271 1231,3251 1230,3251 1155,3251 1154,3250 1043,3251 1043,3251 1043,3248 1042,3247 1041,3247 1040,3246 1030,3247 1030,3246 1030,3243 1029,3243 1013,3243 1013,3242 1013,3239 1012,3239 1009,3239 1009,3238 1009,3234 1009,3234 1012,3234 1013,3233 1013,3230 1014,3229 1013,3164 1013,3164 1021,3164 1022,3163 1022,3138 1022,3138 1025,3138 1026,3137 1026,3134 1026,3134 1029,3134 1030,3133 1030,3126 1030,3126 1033,3126 1034,3125 1034,3118 1034,3118 1038,3117 1039,3117 1039,3113 1039,3112 1046,3112 1047,3112 1046,3110 1047,3109 1047,3106 1048,3105 1055,3105 1055,3105 1055,3102 1056,3101 1093,3101 1093,3102 1093,3105 1094,3105 1402,3102 1403,3103 1412,3103 1413,3104 2758,3092 2759,3093 2872,3092 2873,3093 2880,3093 2881,3094 3911,3085 3911,3086 3911,3088 3912,3088 3915,3088 3915,3089 3916,3145 3916,3145 4210,3143 4211,3143 4211,3146 4211,3147 4215,3147 4216,3147 4216,3154 4217,3155 4220,3155 4220,3155 4220,3163 4221,3164 4224,3164 4224,3164 4224,3188 4223,3189 4224,3213 4223,3214 4220,3214 4220,3214 4220,3221 4219,3222 4216,3222 4216,3222 4216,3229 4215,3230 4211,3230 4211,3230 4211,3233 4210,3234 4207,3234 4207,3234 4207,3238 4206,3239 4174,3239 4174,3240 4174,3260 4173,3260 4115,3261 4115,3261 4115,3295 4115,3296"/><TextEquiv index="1"><Unicode>fit, à la ſeulé propoſition, une grimace</Unicode></TextEquiv></TextLine><TextLine id="r0_l015"><Coords points="4075,3506 4074,3505 3891,3507 3890,3506 3890,3505 3890,3505 3398,3509 3397,3508 3397,3506 3397,3506 3390,3506 3389,3505 2413,3514 2412,3513 2412,3512 2412,3512 2154,3514 2153,3513 2153,3506 2152,3506 2116,3506 2116,3506 2116,3498 2115,3497 1064,3506 1064,3506 1064,3483 1063,3482 788,3485 788,3484 788,3481 788,3481 1013,3479 1014,3478 1013,3439 1014,3439 1018,3439 1018,3438 1018,3435 1019,3435 1023,3435 1023,3434 1022,3310 1023,3310 1040,3309 1041,3310 1059,3310 1059,3311 1059,3313 1060,3313 1443,3310 1444,3311 2575,3301 2575,3302 2575,3305 2576,3305 2587,3305 2587,3305 2587,3306 2588,3307 2825,3305 2826,3306 3406,3301 3407,3302 4115,3296 4115,3296 4115,3297 4116,3298 4216,3297 4216,3297 4216,3300 4217,3301 4220,3301 4220,3301 4221,3426 4222,3427 4224,3427 4224,3427 4224,3435 4223,3436 4223,3438 4223,3439 4220,3439 4219,3439 4220,3442 4219,3443 4174,3443 4174,3444 4174,3447 4173,3447 4140,3447 4140,3448 4140,3464 4139,3464 4115,3465 4115,3465 4115,3497 4114,3498 4111,3498 4111,3498 4111,3501 4111,3502 4079,3502 4078,3502 4078,3505 4078,3506"/><TextEquiv index="1"><Unicode>horrible, &amp; pouſſa des hurlemens qui</Unicode></TextEquiv></TextLine><TextLine id="r0_l016"><Coords points="3861,3728 3860,3727 3857,3727 3857,3726 3857,3722 3856,3722 3706,3723 3706,3723 3706,3715 3705,3714 3669,3715 3668,3714 2111,3727 2111,3727 2111,3720 2110,3719 1616,3723 1615,3722 1615,3719 1614,3718 1606,3719 1606,3718 1605,3679 1605,3679 1343,3681 1342,3680 1165,3681 1164,3681 1164,3677 1164,3676 1073,3677 1072,3677 1072,3664 1072,3663 1023,3664 1022,3663 1022,3660 1022,3660 1019,3660 1018,3659 1018,3656 1018,3656 1014,3656 1013,3655 1013,3648 1014,3648 1018,3648 1018,3647 1018,3581 1018,3581 1021,3581 1022,3580 1022,3577 1022,3577 1033,3577 1034,3576 1033,3568 1034,3567 1034,3560 1035,3560 1039,3560 1039,3559 1039,3543 1040,3542 1043,3542 1043,3542 1043,3540 1044,3539 1051,3539 1051,3539 1051,3528 1052,3527 1055,3527 1055,3527 1055,3524 1056,3523 1059,3523 1059,3523 1059,3519 1060,3518 1068,3518 1068,3518 1068,3515 1069,3514 1076,3514 1076,3514 1076,3511 1076,3510 1083,3510 1084,3511 1084,3514 1085,3514 1093,3514 1093,3515 1093,3518 1094,3518 1105,3518 1105,3518 1105,3521 1106,3522 2450,3510 2450,3511 2450,3514 2451,3514 2921,3510 2922,3511 3093,3510 3093,3510 3093,3511 3094,3512 3406,3509 3406,3509 3406,3510 3407,3511 3928,3506 3928,3507 3928,3511 3929,3511 4049,3510 4049,3511 4049,3532 4050,3532 4174,3531 4174,3532 4174,3535 4175,3535 4178,3535 4178,3536 4178,3539 4179,3539 4182,3539 4182,3540 4182,3556 4183,3556 4215,3556 4216,3556 4216,3559 4216,3560 4219,3560 4220,3560 4220,3668 4221,3669 4235,3669 4235,3669 4236,3701 4235,3702 4232,3702 4232,3702 4232,3705 4231,3706 4165,3706 4165,3707 4165,3719 4164,3719 3865,3722 3865,3722 3865,3727 3864,3728"/><TextEquiv index="1"><Unicode>firent que le Sultan rit tout haut, &amp;</Unicode></TextEquiv></TextLine><TextLine id="r0_l017"><Coords points="4139,3948 4138,3947 4118,3948 4117,3947 4115,3947 4115,3946 4115,3936 4114,3936 4082,3936 4082,3935 4082,3931 4081,3931 3909,3932 3908,3931 3890,3932 3890,3931 3890,3928 3889,3928 3819,3928 3818,3927 3335,3931 3335,3932 3335,3939 3334,3939 3331,3940 3331,3940 3331,3943 3330,3944 3285,3944 3285,3944 3285,3948 3284,3949 3276,3949 3276,3948 3276,3920 3275,3919 3251,3919 3251,3919 3251,3911 3250,3910 2746,3915 2746,3915 2746,3918 2745,3919 2742,3919 2742,3919 2742,3927 2741,3928 2734,3928 2734,3928 2734,3931 2733,3932 2729,3932 2729,3932 2729,3935 2728,3936 2721,3936 2721,3936 2721,3939 2720,3940 2529,3942 2529,3942 2529,3943 2528,3944 2521,3944 2521,3944 2521,3947 2520,3948 2504,3948 2503,3947 2149,3950 2149,3949 2149,3939 2148,3939 1652,3943 1651,3944 1606,3945 1606,3945 1606,3947 1605,3948 1535,3948 1535,3948 1535,3945 1534,3944 1514,3944 1514,3944 1514,3940 1513,3939 1456,3940 1456,3939 1455,3895 1455,3895 1060,3898 1059,3898 1059,3891 1059,3890 1044,3890 1043,3889 1027,3890 1026,3889 1026,3886 1026,3886 1023,3886 1022,3885 1022,3865 1022,3865 1002,3865 1001,3864 1001,3861 1002,3861 1005,3861 1005,3860 1005,3844 1005,3844 1025,3844 1026,3843 1026,3827 1027,3826 1026,3793 1026,3793 835,3794 834,3794 834,3791 835,3790 1026,3789 1026,3788 1026,3731 1026,3731 1033,3731 1034,3730 1034,3727 1034,3727 1042,3726 1043,3727 1058,3727 1059,3728 1059,3731 1059,3731 1063,3731 1064,3732 1064,3738 1064,3738 1768,3732 1769,3731 1785,3731 1786,3730 1786,3727 1786,3727 1789,3727 1790,3727 1790,3728 1790,3729 1994,3727 1995,3728 1995,3731 1995,3731 2002,3731 2003,3732 2119,3731 2120,3732 2120,3787 2121,3787 2663,3782 2663,3782 2663,3736 2664,3735 2830,3734 2830,3733 2830,3731 2830,3731 2866,3731 2867,3730 2867,3727 2867,3727 2870,3727 2871,3726 2871,3723 2871,3723 2875,3722 2876,3723 2891,3723 2892,3724 2892,3773 2893,3773 2896,3773 2897,3774 3401,3770 3401,3769 3401,3727 3401,3727 3413,3727 3414,3726 3414,3723 3414,3723 3421,3723 3422,3722 3422,3719 3422,3719 3430,3719 3431,3719 3431,3722 3431,3723 3434,3723 3435,3723 3435,3729 3435,3730 3881,3726 3882,3725 3882,3723 3882,3723 3897,3723 3898,3724 4018,3723 4019,3723 4019,3762 4020,3763 4228,3761 4228,3761 4228,3768 4227,3769 4228,3864 4227,3865 4228,3906 4227,3907 4203,3907 4203,3907 4203,3935 4202,3936 4145,3936 4145,3937 4145,3948 4144,3948"/><TextEquiv index="1"><Unicode>le reſte de la compagnie tout bas. „Vous</Unicode></TextEquiv></TextLine><TextLine id="r0_l018"><Coords points="2600,4165 2600,4164 2600,4160 2599,4160 1473,4170 1473,4169 1473,4157 1472,4157 1423,4157 1423,4157 1422,4110 1422,4109 1261,4111 1260,4110 1260,4106 1260,4106 1081,4107 1080,4107 1080,4100 1080,4099 1046,4099 1045,4098 1040,4099 1039,4098 1039,4095 1039,4095 1014,4095 1013,4094 1013,4090 1013,4090 1010,4090 1009,4089 1009,4074 1008,4074 1005,4074 1005,4073 1005,4069 1005,4069 1008,4069 1009,4068 1009,4028 1009,4028 1012,4028 1012,4027 1012,4026 1013,4025 1013,4024 1014,4024 1022,4024 1022,4023 1022,4019 1023,4019 1235,4017 1235,4016 1235,4015 1236,4015 1377,4014 1377,4013 1377,3986 1378,3986 1439,3985 1439,3985 1439,3962 1439,3961 2148,3955 2149,3954 2149,3950 2149,3950 2152,3950 2153,3950 2153,3954 2153,3955 2418,3952 2419,3953 2428,3953 2429,3954 3200,3948 3201,3948 3201,3949 3201,3950 3284,3949 3285,3950 3918,3944 3919,3945 3919,3948 3919,3948 4117,3947 4118,3948 4138,3947 4139,3948 4139,4011 4140,4011 4215,4011 4215,4011 4216,4014 4216,4015 4219,4015 4220,4015 4220,4018 4220,4019 4223,4019 4224,4019 4224,4081 4223,4082 4224,4144 4223,4145 3314,4153 3314,4153 3314,4156 3313,4157 2617,4163 2617,4163 2617,4164 2616,4165"/><TextEquiv index="1"><Unicode>“voyez, dit - il, que déjà vous êtes</Unicode></TextEquiv></TextLine><TextLine id="r0_l019"><Coords points="4236,4378 4236,4377 4236,4366 4235,4366 2658,4379 2658,4379 2657,4362 2657,4361 1226,4374 1226,4373 1225,4370 1225,4370 1222,4370 1221,4369 1221,4343 1221,4343 973,4345 972,4345 972,4338 973,4337 1221,4335 1221,4334 1221,4302 1220,4302 1059,4303 1058,4302 1009,4303 1009,4302 1009,4299 1008,4299 1005,4299 1005,4298 1005,4295 1005,4295 1008,4295 1009,4294 1008,4255 1009,4254 1009,4249 1010,4249 1013,4249 1013,4248 1013,4245 1014,4245 1018,4245 1018,4244 1018,4241 1019,4241 1226,4239 1226,4238 1226,4232 1227,4232 1235,4232 1235,4231 1235,4228 1236,4228 1243,4228 1243,4227 1243,4224 1244,4224 1331,4223 1331,4222 1331,4170 1331,4170 1342,4170 1343,4169 1343,4165 1343,4165 1351,4165 1352,4165 1352,4169 1352,4170 1355,4170 1356,4171 1488,4170 1489,4171 1580,4170 1581,4170 1581,4172 1581,4173 2992,4160 2993,4161 3004,4161 3005,4162 3005,4165 3005,4165 3008,4165 3009,4166 3009,4170 3009,4170 3012,4170 3013,4171 3013,4173 3013,4173 3417,4170 3418,4170 3418,4173 3418,4174 3421,4174 3422,4174 3422,4219 3423,4220 3902,4216 3902,4216 3902,4222 3903,4223 4191,4220 4191,4221 4191,4224 4192,4224 4203,4224 4203,4224 4203,4227 4204,4228 4207,4228 4207,4228 4207,4240 4208,4241 4210,4241 4210,4241 4211,4252 4211,4253 4215,4253 4216,4253 4216,4319 4217,4320 4241,4320 4241,4320 4241,4352 4240,4353 4241,4376 4239,4378"/><TextEquiv index="1"><Unicode>“plaiſante.“ C'étoit, ſans doute, une</Unicode></TextEquiv></TextLine><TextLine id="r0_l020"><Coords points="4149,4593 4148,4592 4057,4593 4057,4593 4056,4570 4056,4569 4004,4570 4003,4569 4003,4562 4003,4562 3791,4564 3790,4564 3790,4565 3790,4566 3787,4566 3786,4566 3786,4569 3785,4570 3786,4592 3785,4593 3781,4593 3781,4592 3781,4591 3780,4591 3777,4591 3777,4590 3776,4579 3776,4579 3774,4579 3773,4578 3773,4529 3772,4529 3731,4529 3731,4529 3731,4526 3730,4525 3543,4527 3543,4527 3543,4528 3542,4529 3527,4529 3527,4529 3527,4561 3527,4562 3515,4562 3514,4561 3514,4529 3513,4529 3493,4529 3492,4528 3339,4529 3338,4528 3331,4529 3330,4528 3143,4529 3142,4528 2934,4530 2934,4531 2934,4550 2934,4550 2922,4550 2921,4549 2814,4550 2813,4550 2813,4546 2813,4545 2810,4545 2809,4545 2809,4525 2808,4524 2596,4526 2596,4526 2596,4528 2595,4529 2587,4529 2587,4530 2587,4533 2586,4533 2508,4534 2508,4534 2508,4582 2508,4583 2501,4583 2500,4583 2500,4586 2500,4587 2459,4587 2458,4588 2458,4591 2458,4591 2455,4591 2454,4591 2454,4533 2453,4532 2320,4533 2320,4533 2320,4530 2319,4529 2307,4529 2306,4528 2095,4530 2095,4531 2095,4533 2094,4533 2086,4533 2085,4532 1995,4533 1995,4533 1995,4532 1994,4531 1752,4533 1752,4533 1752,4530 1751,4529 1556,4531 1556,4532 1556,4533 1555,4533 1514,4533 1514,4533 1514,4530 1513,4529 1505,4529 1504,4528 1410,4529 1410,4529 1410,4526 1409,4525 1214,4527 1214,4528 1214,4558 1214,4558 1211,4558 1210,4559 1210,4566 1210,4566 1207,4566 1206,4567 1206,4570 1206,4570 1202,4570 1201,4571 1201,4575 1201,4575 1181,4575 1180,4575 1180,4571 1180,4570 1177,4570 1176,4570 1176,4529 1175,4528 1093,4529 1092,4528 1005,4529 1005,4528 1005,4525 1004,4525 1001,4525 1001,4524 1001,4520 1001,4520 1004,4520 1005,4519 1005,4512 1005,4512 1008,4512 1009,4511 1009,4508 1009,4508 1013,4508 1014,4507 1013,4387 1013,4387 1017,4387 1018,4386 1018,4383 1018,4383 1033,4383 1034,4382 1034,4378 1034,4378 1046,4377 1047,4378 1050,4378 1051,4379 1051,4383 1051,4383 1054,4383 1055,4384 1055,4395 1055,4395 1146,4395 1147,4395 1147,4416 1147,4417 1175,4416 1176,4417 1176,4437 1177,4437 1210,4437 1210,4438 1210,4441 1211,4441 1276,4440 1277,4441 1527,4439 1527,4439 1527,4388 1527,4387 1534,4387 1535,4387 1535,4384 1535,4383 1547,4383 1548,4383 1548,4379 1548,4378 1551,4378 1552,4379 1552,4383 1552,4383 1555,4383 1556,4384 1556,4387 1556,4387 1605,4387 1606,4388 1660,4387 1661,4388 1661,4441 1662,4441 1848,4439 1848,4439 1848,4437 1849,4436 1850,4437 1853,4437 1853,4438 1853,4441 1854,4441 1949,4441 1950,4442 2166,4440 2166,4439 2166,4437 2167,4437 2170,4437 2170,4436 2170,4383 2170,4383 2173,4383 2174,4382 2174,4378 2174,4378 2186,4378 2187,4378 2187,4382 2187,4383 2190,4382 2191,4383 2191,4384 2191,4384 2340,4383 2341,4384 2341,4442 2342,4442 2608,4440 2608,4439 2608,4387 2608,4387 2616,4387 2617,4386 2617,4383 2617,4383 2657,4382 2658,4382 2658,4380 2658,4379 2720,4379 2721,4378 2728,4378 2729,4377 2729,4374 2729,4374 2741,4374 2742,4374 2742,4437 2743,4438 2951,4436 2951,4435 2951,4433 2952,4433 3109,4431 3109,4431 3109,4384 3109,4383 3112,4383 3113,4383 3113,4379 3113,4378 3129,4378 3130,4379 3271,4378 3272,4379 3438,4378 3439,4378 3439,4379 3439,4380 3580,4378 3581,4379 3739,4378 3740,4378 3740,4382 3740,4383 3743,4383 3744,4383 3744,4390 3744,4391 3747,4391 3748,4391 3748,4441 3749,4442 3986,4440 3986,4439 3986,4437 3987,4437 3998,4437 3998,4437 3998,4438 3999,4439 4191,4437 4191,4437 4191,4425 4192,4424 4207,4424 4207,4423 4207,4420 4208,4420 4232,4420 4232,4419 4232,4395 4232,4395 4235,4395 4236,4394 4236,4378 4236,4378 4239,4378 4240,4377 4241,4377 4241,4467 4240,4468 4241,4581 4240,4582 4241,4592 4240,4593"/><TextEquiv index="1"><Unicode>leçon d'humanité qu'il vouloit lui donner</Unicode></TextEquiv></TextLine><TextLine id="r0_l021"><Coords points="4229,4802 4228,4801 4228,4794 4228,4794 3473,4800 3472,4800 3472,4795 3472,4794 2847,4800 2846,4799 2846,4796 2846,4796 2843,4796 2842,4795 2842,4792 2842,4792 2839,4792 2838,4791 2838,4784 2838,4784 1854,4792 1853,4792 1853,4788 1853,4787 1323,4792 1322,4792 1322,4779 1322,4778 1257,4779 1256,4778 1256,4758 1255,4758 1251,4758 1251,4757 1251,4737 1250,4737 1163,4737 1162,4736 1093,4737 1093,4737 1093,4734 1092,4733 1048,4733 1047,4732 1018,4733 1018,4732 1018,4729 1017,4729 1005,4729 1005,4728 1004,4611 1003,4611 842,4612 842,4612 842,4609 842,4608 1004,4607 1005,4606 1004,4599 1005,4598 1005,4595 1006,4595 1009,4595 1009,4594 1009,4591 1010,4591 1147,4590 1147,4589 1147,4587 1148,4587 1160,4586 1161,4587 1206,4587 1207,4588 3251,4570 3251,4571 3252,4592 3252,4592 3392,4591 3393,4592 3393,4596 3393,4596 3785,4593 3786,4593 3786,4595 3786,4596 4064,4593 4065,4594 4240,4593 4241,4593 4241,4696 4240,4697 4241,4801 4241,4802"/><TextEquiv index="1"><Unicode>Elle la reçut avec rage. Chacun rioit</Unicode></TextEquiv></TextLine><TextLine id="r0_l022"><Coords points="4229,5014 4228,5013 4228,5008 4228,5008 4100,5009 4099,5008 4099,5005 4099,5005 4087,5005 4086,5004 4086,4992 4086,4992 1866,5011 1865,5011 1865,5009 1865,5008 1753,5009 1752,5009 1752,4997 1751,4996 1279,5000 1278,4999 1276,4999 1276,4999 1276,4996 1275,4995 1272,4996 1272,4995 1272,4954 1271,4954 1072,4955 1072,4955 1072,4951 1071,4950 1050,4950 1049,4949 1043,4950 1043,4949 1043,4946 1042,4946 1026,4946 1026,4945 1025,4942 1025,4942 1023,4942 1022,4941 1022,4934 1022,4934 1019,4934 1018,4933 1018,4871 1017,4871 1005,4871 1005,4870 1005,4863 1005,4863 1008,4863 1009,4862 1009,4858 1009,4858 1017,4858 1018,4857 1018,4854 1018,4854 1025,4854 1026,4853 1026,4850 1026,4850 1280,4847 1281,4847 1281,4830 1281,4829 1284,4829 1285,4829 1284,4827 1285,4826 1285,4822 1286,4821 1289,4821 1289,4821 1289,4818 1290,4817 1694,4814 1695,4813 1857,4811 1857,4811 1857,4809 1858,4808 2191,4806 2191,4805 2191,4804 2192,4803 2194,4803 2195,4804 2212,4804 2212,4805 2212,4808 2213,4808 2725,4804 2725,4804 2725,4807 2726,4808 2729,4808 2729,4808 2729,4814 2730,4815 4241,4802 4241,4802 4241,4810 4240,4811 4241,4925 4240,4926 4241,5013 4241,5014"/><TextEquiv index="1"><Unicode>toujours plus fort, ſe voyant encouragé</Unicode></TextEquiv></TextLine><TextLine id="r0_l023"><Coords points="4229,5221 4228,5220 4228,5201 4227,5201 4178,5201 4177,5200 4040,5201 4040,5201 4040,5198 4039,5197 4036,5197 4035,5196 3923,5197 3923,5197 3923,5193 3922,5192 3919,5192 3918,5191 3827,5192 3827,5192 3827,5175 3826,5174 3523,5177 3523,5177 3523,5204 3522,5205 3518,5205 3518,5205 3518,5208 3517,5209 3481,5209 3481,5209 3481,5206 3480,5205 3477,5205 3477,5205 3477,5185 3476,5184 3457,5184 3456,5183 3456,5175 3455,5174 3205,5177 3205,5177 3205,5179 3204,5180 3130,5180 3130,5181 3130,5192 3129,5192 3126,5192 3126,5193 3126,5201 3125,5201 3122,5201 3122,5202 3122,5205 3121,5205 3113,5205 3113,5206 3113,5208 3112,5208 3105,5209 3105,5208 3105,5205 3104,5205 3097,5205 3097,5204 3097,5201 3096,5201 2871,5203 2871,5203 2871,5204 2870,5205 2867,5205 2867,5205 2867,5208 2866,5209 2769,5209 2768,5208 2754,5209 2754,5208 2754,5205 2753,5205 2742,5205 2742,5204 2742,5201 2741,5201 2738,5201 2738,5200 2738,5176 2737,5176 2713,5176 2712,5175 2629,5176 2629,5175 2629,5172 2628,5172 2525,5173 2525,5173 2525,5216 2524,5217 2508,5217 2508,5216 2507,5154 2507,5154 2138,5157 2137,5157 2137,5158 2137,5159 2108,5159 2107,5160 2107,5163 2107,5163 2066,5164 2065,5164 2066,5220 2065,5221 2061,5221 2060,5220 2049,5220 2049,5219 2048,5158 2048,5158 1916,5159 1915,5158 1741,5159 1740,5158 1624,5159 1623,5159 1623,5155 1623,5154 1620,5154 1619,5154 1461,5155 1460,5154 1373,5155 1372,5155 1373,5179 1372,5180 1343,5180 1343,5180 1343,5183 1342,5184 1335,5184 1335,5183 1334,5155 1334,5155 1280,5155 1279,5154 1269,5155 1268,5154 1268,5151 1268,5151 1044,5153 1043,5153 1043,5162 1042,5163 1043,5208 1042,5209 1039,5209 1039,5209 1039,5212 1038,5213 1034,5213 1034,5212 1034,5209 1033,5209 1005,5209 1005,5208 1005,5201 1006,5200 1005,5076 1005,5076 1008,5076 1009,5075 1009,5071 1009,5071 1021,5071 1022,5070 1022,5067 1022,5067 1126,5066 1127,5065 1126,5025 1127,5025 1130,5025 1130,5025 1130,5030 1131,5031 1389,5029 1389,5028 1389,5017 1390,5017 1393,5016 1393,5016 1393,5014 1394,5013 1402,5013 1402,5013 1402,5010 1403,5009 1414,5009 1414,5010 1414,5013 1415,5013 1418,5013 1418,5014 1419,5063 1419,5063 1480,5063 1481,5063 1481,5066 1481,5067 1497,5067 1498,5067 1498,5068 1498,5069 1840,5066 1841,5065 1840,5042 1841,5042 1848,5042 1848,5041 1848,5038 1849,5037 1853,5037 1853,5037 1853,5031 1854,5030 1857,5030 1857,5030 1857,5026 1858,5025 1861,5025 1861,5025 1861,5014 1862,5013 1865,5013 1865,5013 1865,5012 1866,5011 1878,5011 1878,5012 1878,5013 1879,5013 1882,5013 1882,5014 1882,5021 1883,5021 1919,5021 1919,5021 1919,5026 1920,5027 2287,5024 2287,5023 2287,5017 2288,5017 2291,5017 2291,5016 2291,5013 2292,5013 2308,5012 2308,5012 2308,5005 2309,5004 2310,5004 2311,5005 2320,5005 2320,5006 2320,5009 2321,5009 2387,5009 2387,5009 2387,5012 2388,5013 2391,5013 2391,5013 2391,5014 2392,5015 2621,5013 2621,5013 2621,5016 2622,5017 2625,5017 2625,5017 2625,5020 2626,5021 2629,5021 2629,5021 2629,5024 2630,5025 2633,5025 2633,5025 2633,5037 2634,5038 2653,5037 2654,5038 2667,5038 2667,5039 2668,5064 2668,5064 2854,5063 2855,5064 2970,5063 2971,5064 3058,5063 3059,5064 3133,5063 3134,5064 3275,5063 3276,5064 3276,5069 3276,5069 3517,5067 3518,5066 3518,5055 3518,5055 3631,5054 3632,5053 3631,5017 3632,5017 3652,5017 3652,5017 3652,5020 3653,5021 3656,5021 3656,5021 3656,5024 3657,5025 3660,5025 3660,5025 3661,5058 3661,5059 3676,5059 3677,5060 3718,5059 3719,5060 3719,5065 3719,5065 3986,5063 3987,5062 3986,5021 3987,5021 3994,5021 3994,5020 3994,5017 3995,5017 4228,5015 4229,5014 4241,5014 4241,5014 4241,5039 4240,5040 4241,5154 4240,5155 4241,5220 4241,5221"/><TextEquiv index="1"><Unicode>par le maître. Il s'apperçut qu'au lieu</Unicode></TextEquiv></TextLine><TextLine id="r0_l024"><Coords points="4224,5432 4224,5431 4224,5430 4223,5430 4161,5430 4161,5430 4161,5415 4160,5414 3268,5422 3268,5422 3268,5419 3267,5418 3264,5418 3264,5418 3264,5415 3263,5414 2345,5422 2345,5422 2345,5418 2344,5417 1256,5427 1256,5426 1255,5367 1255,5367 1073,5368 1072,5368 1072,5365 1072,5364 1052,5364 1051,5363 1035,5364 1034,5363 1034,5359 1034,5359 1023,5359 1022,5358 1022,5355 1022,5355 1019,5355 1018,5354 1018,5351 1018,5351 1014,5351 1013,5350 1013,5343 1012,5343 1009,5343 1009,5342 1009,5297 1009,5297 1012,5297 1013,5296 1013,5293 1013,5293 1021,5293 1022,5292 1022,5289 1022,5289 1029,5289 1029,5288 1029,5286 1030,5285 1030,5284 1031,5284 1039,5284 1039,5283 1039,5280 1040,5280 1055,5279 1055,5279 1055,5223 1055,5222 1067,5222 1068,5222 1068,5219 1068,5218 1083,5218 1084,5218 1084,5214 1084,5213 1088,5213 1089,5214 1089,5218 1089,5218 1092,5218 1093,5219 1093,5220 1093,5220 1392,5217 1393,5218 1393,5221 1394,5222 1397,5222 1398,5223 1398,5224 1398,5224 2728,5213 2729,5213 2729,5220 2729,5221 3054,5218 3055,5218 3055,5221 3055,5222 3058,5222 3059,5222 3059,5225 3060,5226 3063,5226 3063,5226 3063,5230 3064,5231 4241,5221 4241,5221 4241,5269 4240,5270 4241,5383 4240,5384 4241,5431 4240,5432"/><TextEquiv index="1"><Unicode>de rire, moi, qui devois y être auto</Unicode></TextEquiv></TextLine><TextLine id="r0_l025"><Coords points="4224,5645 4224,5644 4224,5627 4223,5627 4182,5627 4182,5627 4181,5618 4181,5617 4115,5618 4114,5617 4114,5610 4114,5610 4112,5610 4111,5609 4111,5605 4111,5605 3765,5608 3764,5608 3765,5644 3764,5645 3754,5645 3753,5644 3752,5644 3752,5643 3751,5591 3751,5591 3540,5593 3539,5592 3539,5581 3539,5581 3459,5581 3458,5580 3198,5583 3197,5583 3197,5618 3196,5619 3197,5626 3196,5627 3193,5627 3193,5627 3193,5630 3192,5631 3172,5631 3172,5631 3172,5634 3171,5635 3155,5635 3155,5635 3154,5581 3154,5580 3027,5581 3026,5581 3026,5578 3026,5577 3018,5577 3017,5576 2760,5579 2759,5579 2759,5592 2759,5593 2747,5593 2746,5592 2746,5589 2746,5589 2430,5591 2429,5592 2429,5597 2429,5597 2428,5597 2427,5596 2421,5597 2420,5596 2420,5577 2420,5577 2095,5579 2094,5580 2095,5639 2094,5639 2074,5640 2074,5639 2073,5580 2073,5580 1744,5582 1743,5583 1744,5642 1743,5642 1727,5643 1727,5642 1726,5585 1726,5585 1465,5587 1464,5587 1464,5627 1463,5628 1464,5630 1463,5631 1460,5631 1460,5631 1460,5634 1459,5635 1443,5635 1443,5636 1443,5639 1442,5639 1435,5639 1435,5639 1435,5636 1434,5635 1427,5635 1427,5635 1427,5632 1426,5631 1418,5631 1418,5631 1417,5577 1417,5576 1311,5577 1310,5576 1240,5577 1239,5576 1239,5575 1239,5575 1006,5577 1005,5576 1005,5572 1004,5572 997,5572 997,5571 997,5559 996,5559 922,5560 922,5559 921,5516 922,5515 922,5514 923,5514 1005,5513 1005,5512 1005,5489 1006,5489 1018,5489 1018,5488 1018,5485 1019,5485 1084,5484 1084,5484 1084,5436 1084,5435 1088,5435 1089,5435 1089,5431 1089,5430 1179,5429 1180,5429 1180,5427 1180,5426 1184,5426 1185,5426 1185,5423 1185,5422 1200,5422 1201,5423 1201,5426 1201,5426 1209,5426 1210,5427 1259,5427 1260,5427 1260,5429 1260,5430 1263,5430 1264,5430 1264,5444 1264,5445 1509,5442 1510,5443 1518,5443 1519,5444 1519,5452 1519,5452 1785,5450 1786,5450 1786,5448 1786,5447 1835,5447 1836,5446 1836,5435 1836,5435 1839,5435 1840,5434 1840,5430 1840,5430 1847,5430 1848,5429 1848,5426 1848,5426 1853,5425 1854,5426 1856,5426 1857,5427 1857,5430 1857,5430 1864,5430 1865,5431 1865,5435 1865,5435 1868,5435 1869,5436 1869,5486 1870,5486 2304,5483 2304,5482 2304,5435 2304,5435 2311,5434 2312,5434 2312,5431 2312,5430 2315,5430 2316,5431 2316,5435 2316,5435 2323,5435 2324,5436 2324,5486 2325,5486 2491,5485 2491,5485 2491,5486 2492,5487 2750,5485 2750,5484 2750,5455 2751,5455 2754,5455 2754,5454 2754,5451 2754,5451 2762,5451 2763,5451 2763,5454 2764,5455 2767,5455 2767,5455 2767,5480 2768,5480 2770,5480 2771,5482 2771,5483 2772,5483 3255,5479 3255,5479 3255,5473 3256,5472 3289,5472 3289,5471 3289,5439 3289,5439 3446,5438 3447,5437 3447,5435 3447,5435 3459,5434 3460,5434 3460,5431 3460,5430 3476,5430 3477,5431 3477,5489 3478,5489 3548,5489 3549,5490 3631,5489 3631,5489 3631,5492 3632,5493 3635,5493 3636,5494 3886,5492 3886,5491 3886,5489 3887,5489 3890,5489 3890,5488 3890,5485 3891,5485 3965,5484 3965,5484 3965,5482 3966,5481 4074,5480 4074,5480 4074,5465 4075,5464 4078,5464 4078,5464 4078,5461 4079,5460 4224,5459 4224,5458 4224,5432 4224,5432 4240,5432 4241,5432 4241,5498 4240,5499 4241,5612 4240,5613 4241,5644 4240,5645"/><TextEquiv index="1"><Unicode>riſée pour le moins autant que les autres,</Unicode></TextEquiv></TextLine><TextLine id="r0_l026"><Coords points="3995,6064 3994,6063 3994,6040 3994,6040 3991,6040 3990,6039 3990,6032 3990,6032 3933,6032 3932,6032 3932,6030 3932,6029 2956,6038 2955,6038 2955,6066 2955,6067 2946,6067 2945,6066 2943,6066 2942,6065 2942,6062 2942,6062 2634,6065 2633,6064 2633,6027 2633,6027 1574,6036 1573,6036 1573,6060 1573,6061 1570,6061 1569,6061 1569,6064 1569,6065 1532,6065 1531,6065 1531,6062 1531,6061 1524,6061 1523,6061 1523,5998 1522,5997 1399,5998 1398,5997 1310,5998 1309,5997 1231,5998 1230,5997 1072,5998 1071,5997 1047,5998 1047,5997 1047,5994 1046,5994 1005,5994 1005,5993 1005,5990 1004,5990 1001,5990 1001,5989 1000,5939 1000,5939 931,5940 930,5939 930,5936 931,5936 998,5935 998,5934 997,5819 998,5819 1006,5819 1006,5818 1005,5737 1005,5737 785,5739 784,5738 784,5735 785,5735 1005,5733 1005,5732 1005,5706 1006,5706 1009,5706 1009,5705 1009,5664 1009,5664 1012,5664 1013,5663 1013,5660 1013,5660 1021,5660 1022,5659 1022,5656 1022,5656 1722,5650 1723,5649 1723,5643 1723,5643 2098,5639 2099,5640 2099,5645 2099,5645 2427,5642 2428,5643 2449,5643 2450,5644 2450,5699 2451,5699 2583,5698 2584,5699 2700,5698 2701,5699 3752,5690 3752,5689 3752,5644 3752,5644 4110,5641 4111,5640 4111,5639 4111,5639 4119,5639 4120,5639 4120,5642 4120,5643 4123,5643 4124,5643 4124,5645 4124,5646 4240,5645 4241,5645 4241,5727 4240,5728 4241,5841 4240,5842 4241,5956 4240,5957 4241,6059 4241,6060 4004,6062 4003,6062 4003,6063 4003,6064"/><TextEquiv index="1"><Unicode>laecon paiſtoun e' lu mne partſs unie dont</Unicode></TextEquiv></TextLine><TextLine id="r0_l027"><Coords points="3607,6279 3606,6279 3606,6262 3606,6261 2634,6270 2633,6269 2633,6267 2633,6267 1766,6274 1765,6274 1765,6248 1764,6247 1556,6249 1556,6249 1556,6246 1555,6245 1552,6245 1552,6245 1552,6215 1551,6214 1423,6215 1423,6215 1423,6213 1422,6212 1093,6215 1093,6215 1093,6214 1092,6213 913,6215 913,6214 913,6207 914,6206 913,6153 914,6153 1001,6152 1001,6151 1001,6140 1001,6140 1004,6140 1005,6139 1005,6136 1005,6136 1008,6136 1009,6135 1009,6132 1009,6132 1217,6130 1218,6130 1218,6129 1218,6128 1225,6128 1226,6127 1226,6103 1226,6103 1230,6103 1231,6102 1231,6090 1231,6090 1234,6090 1234,6089 1234,6087 1236,6086 1239,6086 1239,6085 1239,6078 1240,6078 1243,6078 1243,6077 1243,6073 1244,6073 1251,6073 1251,6072 1251,6069 1252,6069 1256,6069 1256,6068 1256,6065 1257,6065 1260,6065 1260,6064 1260,6061 1261,6061 1281,6060 1282,6061 1347,6061 1347,6061 1347,6064 1348,6065 1399,6064 1400,6065 1402,6065 1402,6066 1402,6069 1403,6069 1899,6065 1899,6066 1899,6069 1900,6069 1903,6069 1903,6070 1903,6071 1904,6071 2650,6065 2650,6065 2650,6067 2651,6068 3003,6064 3004,6065 3013,6065 3014,6066 4107,6057 4107,6057 4107,6060 4108,6061 4241,6060 4241,6060 4241,6071 4240,6072 4241,6185 4240,6186 4241,6271 4241,6272 4116,6273 4115,6274 4107,6274 4106,6275"/><TextEquiv index="1"><Unicode>“fille,toi, me dit - il.“ Et tout le</Unicode></TextEquiv></TextLine><TextLine id="r0_l028"><Coords points="4062,6487 4061,6486 3511,6491 3510,6491 3510,6488 3510,6487 3507,6487 3506,6487 3506,6483 3506,6482 3503,6482 3502,6482 3502,6474 3501,6473 2445,6482 2445,6482 2445,6481 2444,6480 1648,6487 1648,6487 1648,6483 1647,6482 1630,6482 1629,6481 1623,6482 1623,6481 1623,6478 1622,6478 1615,6478 1615,6477 1614,6428 1614,6428 1607,6428 1606,6427 1606,6423 1606,6423 1411,6424 1410,6424 1410,6421 1410,6420 1401,6420 1400,6419 1303,6420 1302,6419 1181,6420 1180,6419 1085,6420 1084,6419 998,6420 997,6419 997,6416 997,6416 994,6416 993,6416 993,6408 994,6407 997,6407 997,6406 997,6341 997,6341 1000,6341 1001,6340 1001,6336 1001,6336 1008,6336 1009,6335 1009,6332 1009,6332 1012,6332 1013,6331 1013,6328 1013,6328 1026,6328 1027,6327 1026,6303 1027,6303 1030,6303 1030,6302 1030,6299 1031,6299 1034,6299 1034,6298 1034,6295 1035,6295 1398,6291 1398,6291 1398,6282 1399,6281 1402,6281 1402,6281 1402,6279 1403,6278 1431,6278 1431,6279 1431,6292 1432,6292 4140,6269 4140,6268 4140,6261 4141,6261 4150,6260 4151,6261 4157,6261 4157,6262 4157,6272 4158,6272 4241,6272 4241,6272 4241,6300 4240,6301 4241,6414 4240,6415 4241,6478 4241,6479 4079,6480 4078,6481 4078,6486 4078,6486 4073,6486 4072,6487"/><TextEquiv index="1"><Unicode>monde put remarquer, avec dépit, quil</Unicode></TextEquiv></TextLine><TextLine id="r0_l029"><Coords points="3781,6700 3780,6699 2918,6706 2916,6704 2913,6704 2913,6704 2913,6679 2912,6678 972,6695 972,6695 972,6692 971,6691 968,6691 968,6691 967,6629 967,6628 906,6629 905,6628 905,6624 905,6624 902,6624 901,6623 901,6620 902,6620 993,6619 993,6619 993,6617 994,6616 997,6616 997,6615 997,6553 997,6553 1000,6553 1001,6552 1001,6549 1001,6549 1004,6549 1004,6548 1004,6546 1006,6545 1018,6545 1018,6544 1018,6541 1019,6541 1306,6538 1306,6538 1306,6500 1307,6499 1310,6499 1310,6499 1310,6496 1311,6495 1327,6495 1327,6495 1327,6492 1328,6491 1335,6491 1335,6491 1335,6488 1335,6487 1367,6487 1368,6487 1368,6490 1369,6491 1373,6491 1373,6491 1373,6494 1374,6495 1859,6490 1860,6491 1882,6491 1882,6492 1882,6495 1883,6495 2395,6491 2396,6492 2946,6487 2946,6487 2946,6489 2947,6490 4241,6479 4241,6479 4241,6529 4240,6530 4241,6643 4240,6644 4241,6690 4240,6691 3811,6694 3810,6695 3806,6695 3806,6696 3806,6699 3805,6699"/><TextEquiv index="1"><Unicode>me ſourit fort affectueuſement. Il partir</Unicode></TextEquiv></TextLine><TextLine id="r0_l030"><Coords points="4237,6937 4236,6936 4236,6923 4235,6923 2541,6938 2541,6937 2541,6933 2540,6933 2537,6933 2536,6932 1769,6938 1769,6938 1769,6905 1768,6904 1381,6908 1381,6907 1381,6895 1380,6895 1251,6896 1251,6895 1250,6887 1250,6887 1240,6887 1239,6886 1239,6849 1239,6849 1127,6850 1126,6849 1126,6846 1126,6846 1081,6846 1080,6846 1080,6843 1080,6842 1073,6842 1072,6841 985,6842 984,6841 898,6842 897,6841 897,6833 897,6833 983,6832 984,6832 984,6830 985,6829 984,6701 984,6700 987,6700 988,6700 988,6696 988,6695 1008,6695 1009,6695 1009,6699 1009,6700 1054,6699 1055,6700 1055,6702 1055,6702 1309,6700 1310,6701 1476,6700 1477,6700 1477,6714 1477,6715 4240,6691 4241,6691 4241,6758 4240,6759 4241,6872 4240,6873 4241,6936 4241,6937"/><TextEquiv index="1"><Unicode>La Sultane ne manqua pas, ſur-le-champ</Unicode></TextEquiv></TextLine><TextLine id="r0_l031"><Coords points="265,8516 1817,8502 1819,8745 267,8759"/><TextEquiv index="1"><Unicode></Unicode></TextEquiv></TextLine><TextLine id="r0_l032"><Coords points="3560,8674 4107,8669 4108,8781 3561,8786"/><TextEquiv index="1"><Unicode></Unicode></TextEquiv></TextLine></TextRegion></Page></PcGts>