4266 7792
1508 811 2028 1003 (.
164 1016 3187 1230 “vous, lui dit - elle? Cet eſclave eſt
423 1217 3187 1405 “d'une condition plus conforme à celle
171 1394 3202 1609 “de Fatime.“ -- „Hé bien, répondit-
426 1580 3195 1771 “il, je la puis élever à la mienne.“
190 1757 3529 1947 -- „Mais ce garçon eſt plus joli que
189 1940 3198 2134 “vous.“ -- „Je puis le rendre plus
196 2120 3403 2314 “laid, en lui tailladant le viſage.“
215 2299 3205 2496 -- „Il a de plus beaux yeux.“ -- „Je
420 2478 3536 2673 “puis les lui crever“ -- „Il eſt mieux
419 2655 3223 2850 “fait.“ -- „Je puis l'eſtropier.“ --
416 2842 3209 3026 Nous entendîmes cette jolie converſation,
254 3022 3234 3198 mon amant & moi. La mère du Turc
232 3193 3216 3385 finit par lui repréſenter qu'il aimoit ſon
232 3375 3216 3554 fidèle eſclave, qui s'étoit toujours montré
232 3554 3231 3737 fort ſerviable, & qu'il ne devoit pas le
257 3734 3220 3933 tourmenter. „Hé bien, dit-il, je veux
243 3917 3216 4105 “qu'il me ſerve encore. Il eſt du même
258 4096 3231 4280 “pays que Fatime; elle paroît bien diſ-
250 4276 3223 4463 “poſée pour lui. Il pourra la perſuader
258 4449 3241 4646 “en ma faveur; pour l'y engager, je
265 4633 3266 4828 “lui ferai du bien; &, pour qu'il ne
272 4816 3256 5005 “me ſouffle pas mon amante, je le ferai
268 4998 3220 5182 “Eunuque, & je l'emploierai, en cette
272 5179 3004 5355 “qualité, auprès de ma Belle.“
281 5355 3220 5530 “Cette concluſion de la converſation
286 5515 3245 5718 nous choqua également, mon amant &
301 5714 3256 5916 moi. Le lendemain, le Patron dit à
452 5893 3234 6103 mon bien-aimé: „Mon ami, juſqu'ici
301 6076 3256 6261 “je t'ai diſtingué de mes autres eſclaves.
2479 6276 2779 6410 Dv
