4266 8585
2393 745 2957 967 s.
1067 974 4189 1189 “Tu m'as bien ſervi; je t'ai fait du
1063 1183 4185 1385 “bien; je t'en ferai encore davantage.
1075 1385 4181 1592 “Je veux que nous ſoyons amis. Rends-
1059 1590 4181 1794 “moi tous les ſervices que tu pourras,
877 1791 4193 1998 “il y va de ton intérêt. Pour te mettre
1067 1993 4189 2191 “à même de vivre intimement avec
1055 2192 4190 2402 “moi, il faut que je prenne le ſeul
1051 2401 4185 2603 “moyen qui convient....“ Mon amant,
695 2602 4185 2808 gagné par ces douces paroles de ſon maître,
1050 2803 4181 3007 avoit déjà oublié ce qu'il avoit entendu
1050 3000 4185 3209 la veille. Il étoit flatté de ce qu'il alloit
1050 3182 4185 3405 ſe voir le compagnon de ſon maître. Il
1054 3403 4181 3610 comptoit qu'ils ſouperoient enſemble,
1054 3609 4169 3815 avec moi; & il ſe flattoit d'avoir ſou-
994 3814 4173 4016 vent le moyen d'obtenir de plus grandes
1042 4016 4165 4224 privautés. „Mon ami, continua ſon
1039 4217 4209 4425 “maître, pour que tu ſois tout-à-fait
930 4423 4165 4628 “à mon gré, & que je puiſſe te placer
1034 4627 4157 4830 “même auprès de la femme que j'adore,
1030 4826 4145 5023 “je veux bien te choiſir pour ſon Eu-
1034 5031 4141 5233 “nuque & le mien. Tu es tout jeune.
1030 5228 4145 5438 “L'opération n'a aucun danger pour
1030 5430 3871 5612 “toi. Nous la ferons demain.“
1228 5635 4125 5844 “Mon amant reſta pétrifié; ſes che-
1030 5841 4113 6051 veux ſe dreſsèrent ſur ſa tête. Il réſolut
1030 6046 4165 6256 de prévenir cette opération, & de con-
1030 6252 4105 6434 ſerver ſon amante & ſa virilité. Il me
1030 6457 4109 6667 fit paſſer un mot d'écrit, pour me donner
1018 6665 4105 6885 rendez - vous. Nous nous vîmes, nout
