4266 8430
2156 683 2773 869 (
1070 904 4124 1121 des pourſuites de cet importun, elle lui
750 1113 4108 1328 dit qu'elle étoit avec ſon mari. Je parus
738 1303 4112 1492 dans le moment, & Monſieur l'adora-
821 1504 4104 1710 teur ſe retira. L'hôteſſe, qui avoit en-
1070 1698 4124 1907 tendu dire que nous étions mari &
734 1899 4139 2106 femme, nous mit coucher dans la même
1062 2097 4119 2299 chambre, où il n'y avoit qu'un lit. Je
1054 2299 4199 2505 ne pus en obtenir un particulier pour
1058 2492 4151 2703 moi, parce que tous étoient pris, l'Au-
702 2693 4108 2899 berge étant pleine. Si l'on penſe que
1050 2895 4124 3098 nous nous oubliâmes enſemble, cette
1054 3088 4127 3306 nuit-là, on doit mettre cette faute, ſur
1046 3286 3108 3489 le compte de l'hôteſſe.
1133 3483 4131 3681 Nous pourſuivîmes notre route pour
1046 3685 4100 3887 Paris; nous en approchions, quand nous
1042 3878 4123 4085 fûmes abordés par un homme à cheval,
1042 4080 4163 4283 qui fit une laide grimace en m'apperce-
730 4277 4171 4481 vant. C'étoit l'amant de Fatime. Il fit
1038 4458 4108 4679 arrêter notre voiture: „Perfide, dit - il
1030 4672 4139 4850 “à ſon amante, voilà donc le nouveau
1034 4870 4155 5073 “venu, pour lequel vous me trahiſſez!
904 5068 4163 5271 “Il ne jouira pas de ſon vol; il aura
1030 5268 4143 5469 “ma vie, ou j'aurai la ſienne.“ Sou-
1030 5466 4179 5673 dain je ſautai de la voiture, tout prêt
1034 5664 4171 5867 à donner ſatisfaction à ce Rodomont.
986 5866 4195 6059 „Arrêtez, s'écria Fatime, en s'élançant
1022 6067 4072 6269 “pour nous ſéparer.“ Alors elle raconta
1022 6257 4072 6469 à ſon amant, que j'étois le père de
1014 6458 4171 6668 l'enfant qu'elle avoit volé, & que, loin
3562 8232 4167 8320 .
