4266 8200
428 994 3388 1185 de me chercher querelle, c'étoit lui qui
439 1188 3673 1388 me devoit des excuſes. Elle ne parla
152 1379 3390 1593 point de la nuit dernière, que nous
148 1566 3394 1773 avions paſſée enſemble. Il ſe dérida un
144 1758 3406 1957 peu, & me regarda toujours cependant
152 1949 3474 2146 d'un œil inquiet. Son amante lui de-
182 2140 3398 2335 manda pourquoi il l'avoit abandonnée,
209 2331 3390 2529 & ce qu'il avoit fait de l'enfant. „Je
156 2522 3394 2723 “vous dirai tout cela, répondit - il,
144 2721 3398 2915 “quand nous ſerons à Paris. J'y re-
152 2912 3402 3106 “tourne ſur-le-champ, & je vais vous
148 3097 3654 3287 “y accompagner.“ Bientôt nous y arri-
156 3282 3406 3479 vâmes. L'amant nous fit deſcendre dans
152 3474 3406 3664 une maiſon fort décente, où nous
435 3661 3406 3856 trouvâmes l'enfant, dans les bras d'une
148 3849 3731 4050 femme, de bonne mine & fort propre,
419 4040 3413 4237 qui en avoit ſoin. „Monſieur, voilà
419 4231 3398 4419 “votre fils, dit-il; je ſerois fâché de
397 4422 3402 4615 “le perdre.“ Je me précipitai ſur mon
427 4610 3405 4806 enfant, que je trouvai adorable. Je le
167 4801 3413 4992 careſſai comme le père le plus tendre.
428 4997 3403 5188 Je ne pouvois me laſſer de l'embraſſer;
432 5188 3414 5383 & il me tendoit ſes petits bras enfan-
427 5382 3685 5571 tins, par un inſtinct filial difficile à
163 5569 1341 5761 expliquer.
458 5699 3748 5963 L'amant & l'amante me prièrent ſi
167 5948 3394 6160 tendrement de leur laiſſer mon fils pen-
155 6139 3390 6349 dant quelques jours, juſqu'à ce que je
427 6326 3608 6529 puſſe regarder autour de moi, & voir
