4266 8489
2400 656 2814 908 .
648 939 4106 1157 ce que j'allois devenir, que je cédai à
645 1124 4142 1362 leurs inſtances. Le jeune - homme ne
1002 1360 4178 1560 s'expliqua pas clairement, devant moi,
998 1551 4079 1758 ſur le ſujet qui lui avoit fait quitter
1002 1750 4162 1956 ſon amante. Il paroît qu'il y avoit du
998 1949 4099 2155 mal entendu. Je les quittai tous les deux
636 2152 4198 2357 avec attendriſſement, en leur recom-
998 2351 4146 2552 mandant mon enfant, que je leur
926 2546 4158 2765 promis de venir reprendre ſous quelques
661 2766 1497 2941 jours.
1043 2937 4187 3144 Je me fis conduire chez Levrette,
990 3147 4095 3350 que je nommerai toujours dorénavant
986 3326 4087 3546 Mademoiſelle de Mille- Fleurs; je ſa-
986 3537 4130 3745 vois ſon adreſſe; je la trouvai aiſément;
990 3740 4162 3944 elle me reçut comme ſon amant, ſon
918 3939 4075 4140 ami, avec l'ame la plus aimante, la
831 4138 4126 4344 plus bienfaiſante qu'il ſoit poſſible de
759 4341 4071 4546 rencontrer. „Mon ami, dit - elle, j'ai
847 4536 4178 4740 “fait bien des informations ſur Made-
982 4735 4059 4942 “moiſelle Laure; je ne l'ai point en-
676 4934 4170 5134 “core déterrée; mais je ſais, du moins,
978 5129 4155 5342 “qu'elle exiſte. J'ai gagné, pour aſſez
974 5332 4158 5532 “peu d'argent, un domeſtique du Comte
715 5531 4166 5741 “de Lyſange. Il a viſité toutes les caves
982 5734 4170 5946 “de l'hôtel. La Demoiſelle n'y eſt point;
974 5937 4111 6143 “mais ſon père a, dit-on acheté, de-
982 6124 4039 6343 “puis ſon retour de Lyon, une petite
882 6339 4170 6535 “maiſon, à quelques lieues de Paris.
982 6526 4166 6771 “Cette maiſon eſt iſolée, dans le fond
