4266 7954
1618 622 2120 794 .
161 836 3300 1036 d'une très-jolie maiſon: Maiſon à vendre.
471 1024 3300 1220 „Bon! me dis - je, voilà ce que je
456 1212 3314 1403 “cherche.“ J'entrai ſoudain chez le
453 1393 3318 1588 malheureux Concierge. „Mon ami, lui
463 1581 3322 1773 “dis-je, pourroit - on vous dire deux
452 1765 3333 1960 “mots entre quatres yeux?“ car il falloit
202 1950 3329 2171 parler comme les bonnes gens. „De
183 2134 3535 2333 “quoi eſt-il queſtion, me répondit-il,
183 2319 3300 2524 “d'un air aſſez bourru?“ -- „Mais,
179 2503 3359 2706 “repris-je, il y a ici près une maiſon
442 2695 3624 2895 “à vendre; je voudrois placer là mon
180 2875 3314 3076 “argent; mais il faudroit ſavoir ſi cela
172 3074 3377 3252 “en vaut la peine. Vous devez con-
180 3248 3344 3429 “noître cela, vous.“ -- „Mais peut-
187 3428 3631 3631 “être, dit-il, cela ſe pourroit bien.“
183 3620 3333 3831 -- „Bon! lui dis - je, brave homme,
183 3827 3381 4026 “accordez - moi un moment de votre
202 4019 3311 4210 “temps; nous cauſerons mieux en vui-
187 4207 3329 4351 “dant la bouteille. Menez-moi au bon
441 4391 3421 4574 “endroit; je ne connois pas ce pays-
202 4572 3370 4757 “ci, moi. Allons venez, père la Ribote.
202 4756 3381 4941 “Il faut que nous buvions une pinte en-
434 4937 3410 5130 “ſemble, parce que nous cauſerons mieux,
441 5125 3609 5319 “comme cela, qu'à ſec.“ Il ſe dérida
441 5313 3399 5523 un peu, & je vis que j'avois connu l'en-
442 5490 1500 5664 droit foible.
486 5674 3322 5874 Nous allâmes ignoblement au cabaret.
198 5851 3311 6054 Je verſai, à mon homme, des lampées,
431 6050 3587 6254 comme on dit chez nous. Notre homme
