4266 8438
2132 599 2774 805 .
817 805 4132 1046 les buvoit auſſi franchement, que je les
1038 1006 4202 1238 verſois. Nous reparlâmes de la maiſon.
1042 1225 4167 1438 „Voiſin, dis-je à mon homme, je vois
1030 1425 4195 1631 “bien que vous m'allez faire acheter la
943 1619 4183 1831 “maiſon en queſtion; mais ici, il faut
904 1823 4112 2026 “de la complaiſance de votre part. Mor-
1030 2014 4116 2227 “bleu! je veux que vous vous mêlie
995 2217 4199 2421 “de maquignonner ſur le prix.“ --
1034 2406 4123 2618 „Oui da, dit-il, nous verrons cela.“
722 2610 4155 2815 -- „Tenez, lui dis-je, morbleu! faite
1018 2812 4124 3011 “jaſer un peu les gens de la maiſon.
1018 3009 4116 3212 “Verſez leur une bouteille de vin. Vous
1018 3203 4143 3401 “n'êtes pas obligé, mon brave, d'a-
990 3397 4139 3598 “vancer vos deniers. Tenez, morbleu!
1030 3594 4195 3803 “voilà ma bourſe. Si vous ne prenez
1014 3799 4210 4009 “pas au moins ſix louis, vous n'êtes pas
1014 4001 4104 4209 “mon homme.“ Je jettai la bourſe ſur
923 4198 4112 4408 la table. Il accepta les ſix louis. L'argent
987 4400 4112 4606 & le vin le gagnèrent tout à - fait. Je
1010 4597 4195 4796 lui verſai force raſades. Quand il com-
975 4791 4199 4998 mença à perdre la tête, il ſe mit à me
1022 4988 4191 5187 balbutier, en mots couverts, à la manière
1014 5186 4116 5396 des ivrognes, une infinité de choſes,
1022 5387 4096 5587 qui me firent voir clairement qu'il re-
1022 5585 4191 5789 tenoit Laure Priſonnière, dans une des
1030 5787 4207 5991 caves du petit château. Je feignis d'être
805 5980 4199 6192 obligé d'écrire un mot, pour lui donner
1002 6174 4187 6384 le temps de s'aſſoupir. J'écrivis. Dès qu'il
746 6379 4072 6593 ne parla plus, il s'endormit. Je profitai
