4266 8029
180 891 3347 1084 de ſon ſommeil. Je courus au château.
188 1077 3347 1274 Je me coulai, ſans être apperçu; je deſ-
295 1262 3340 1462 cendis, je frappai & je parlai à la porte
188 1454 3344 1645 de pluſieurs caves; point de réponſe.
191 1639 3351 1828 Enfin je parvins à une, d'où j'entendis
188 1821 3358 2016 percer une voix gémiſſante. „Eſt - ce
458 2010 3351 2202 “vous, m'écriai-je, ma chère Laure?“
495 2188 3366 2389 Elle reconnut ma voix. „Ah! mon cher
469 2378 3366 2569 “Céſar, s'écria-t-elle, c'eſt vous!....“
484 2566 3377 2763 -- „Prenez courage, lui dis-je, je ne
221 2751 3088 2945 “tarderai pas à vous délivrer.“
451 2911 3384 3127 On avoit entendu ma voix; j'entendis
458 3117 3388 3305 les enfans deſcendre; je les rencontrai
466 3299 3384 3492 ſur l'eſcalier; ils ne purent m'arrêter,
462 3484 3666 3671 ni m'empêcher de m'eſquiver. Je revolai
244 3669 3388 3859 auprès de l'ivrogne; il dormoit encore.
462 3851 3388 4048 Je l'éveillai. „Ah! dit-il, votre lettre
454 4036 3388 4226 “eſt donc finie.“ Il crut que j'avois
469 4217 3388 4411 reſté là auprès de lui, fort tranquille-
455 4409 3395 4596 ment à écrire. Nous nous quittâmes, les
247 4588 3392 4780 meilleus amis du monde. On lui dit,
251 4756 3555 4981 ſans doute, quand il fut de retour chez
266 4954 3384 5173 lui, la viſite qu'on avoit faite à ſa cave;
258 5149 3406 5343 mais il ne put ſoupçonner que je fuſſe
258 5332 3621 5530 le yiſiteur, parce que l'enfant ne put
258 5518 3742 5721 me peindre, vû que l'eſcalier étoit fort
273 5673 3614 5910 ſombre, & que le père m'avoit toujours
269 5886 2718 6090 cru écrivant auprès de lui.
506 6053 3440 6298 Son ſommeil, dont j'avois ſu profiter,
