4266 8714
2026 630 2847 858 .
828 865 4233 1104 me donna l'idée de l'endormir, avec
828 1096 4233 1317 toute ſa famille. Je retournai chez Mille-
841 1299 4200 1522 Fleurs, à laquelle j'appris tous mes ſuc-
845 1509 4216 1728 cès; elle m'embraſſa avec tranſport. Je
494 1699 4216 1936 fis mes préparatifs. Je me pourvus d'o-
841 1925 4208 2145 pium, pour le ſervice de mes campa-
841 2132 4204 2364 gnards. J'arrangeai un appartement fort
849 2343 4204 2561 joli, & fort caché, pour recevoir ma
845 2551 4109 2764 chère Laure. Je retournai, deux jours
849 2755 4192 2975 après, chez le dur Concierge, pour lui
861 2962 4188 3177 demander s'il avoit recueilli des infor-
816 3168 4175 3380 mations relativement à la maiſon que
828 3370 4167 3601 je voulois acheter. Il me dit qu'il n'a-
878 3556 4183 3800 voit pas encore appris grand'choſe. Il
626 3791 4183 4005 pleuvoit ce jour-là. „Buvons un coup,
837 4001 4167 4209 “lui dis-je; mais il fait mauvais temps,
837 4208 4179 4420 “ne ſortons pas. Envoyons un de vos
519 4412 4188 4629 “enfans chercher du vin.“ Il y con-
824 4616 4179 4839 ſentit; je donnai de l'argent, & le petit
837 4827 4179 5042 garçon courut au cabaret. Là proviſion
849 5028 4175 5249 venue, je voulus qué la mère & les
638 5240 4175 5458 enfans, qui ne me reconnoiſſoient pas,
837 5442 4187 5665 buſſent avec le père; ce qui parut ré-
817 5655 4183 5874 jouir fort l'heureuſe famille. On retourna
552 5858 4204 6293 l pis ue pla laſetlai e e oeele
816 6281 4126 6500 tête, j'eus ſoin de les narcotiſer tous,
886 6490 4208 6715 ſans qu'ils s'en apperçuſſent, & ils furent
791 6696 4208 6903 tous endormis, ſous une demi-heure. Le
