4266 7835
1086 682 1763 852 o.
-15 893 3034 1127 père m'avoit, ci-devant, montré, dans
-14 1078 3037 1283 un moment d'ivreſſe, la cachette où il
-14 1264 3219 1450 mettoit, ſous ſa veſte, la clef de ſa cave.
-13 1442 3045 1637 Je ſus la trouver. Je deſcendis avec une
-13 1629 3099 1827 lumière. J'ouvris aiſément, & je trou-
-13 1809 3056 2002 vai enfin, ſur quelques brins de paille,
-12 1979 3059 2189 l'infortunée Laure. Je l'embraſſai avec
-12 2172 3066 2373 un tranſport d'attendriſſement. Elle étoit
-11 2361 3070 2558 ſi foible, qu'à peine put-elle ſoulever
-11 2534 3074 2734 ſes bras. Un rayon de joie perça cepen-
-11 2721 3390 2925 dant dans ſes yeux, preſqu'éteints. Elle
-10 2903 3212 3094 avoit, avec elle, ſon enfant languiſſant.
-10 3066 3088 3273 Nous nous étions trompés. Il n'avoit pas
-9 3264 3266 3448 été remis à une nourrice. Il repoſoit ſur
-9 3427 3088 3651 ſon ſein. Quel ſpectacle pour un amant!
-9 3630 3103 3816 pour un père! Elle étoit auſſi attachée
-8 3806 3295 4001 au mur; je trouvai un pavé, & je vins
-8 3989 3103 4176 à bout, avec cet inſtrument, de briſer
-7 4152 3103 4358 la pierre, dans laquelle la chaîne étoit
-7 4353 3110 4543 enclouée.... Je tremblois ſeulement d'é-
-7 4531 3106 4723 veiller, par le bruit, la famille Geo-
-6 4713 3103 4905 lière. Enfin, j'enlevai, dans mes bras,
-6 4900 3103 5089 mon amante & mon enfant. Je remontai;
-5 5080 3114 5273 mes gens dormoient encore. Je ſortis
-5 5265 3121 5458 en les enfermant, pour qu'il ne puſſent
-5 5446 3121 5646 courir après nous. Il étoit déjà tard, &
268 5621 3125 5825 la nuit étoit aſſez épaiſſe. J'avois une
275 5811 3139 6058 voiture à quelques pas du château; j'y
