4266 7896
2491 672 3203 847 roo
1273 882 4266 1093 reſpira plus aiſément, nous regarda long-
1276 1078 4266 1277 temps avec amour, & nous dit: „Mes
1262 1262 4267 1461 “amis, que je vous ai d'obligations! Je
997 1446 4267 1637 “viens de goûter une volupté incom-
1269 1633 4267 1830 “préhenſible. C'eſt à vous que je la
1265 1825 4268 2010 “dois.“ Nous avions éprouvé, nous-
1008 2005 4268 2201 mêmes, un plaiſir très-vif, en contem-
1269 2193 4269 2388 plant ſajoie inexprimable. Nous la priâmes
1258 2377 4269 2568 de nous raconter enfin ſon hiſtoire. Elle
1228 2561 4269 2791 ſe jeta dans nos bras. Nous l'embraſsâmes,
1273 2748 3923 2936 & elle commença ainſi ſon récit.
1814 3437 3946 3655 Fin de la ſeconde Liaſſe.
