4266 8469
2281 504 2834 705 in
1008 751 4222 968 tant, la tombe ouverte à mes pieds.
992 959 4226 1168 Nous courûmes jour & nuit juſqu'à Paris.
832 1164 4234 1380 J'avois les mains liées & cachées par un
644 1368 4234 1575 manchon. Nous arrivâmes. Nous deſcen-
1000 1563 4234 1775 dîmes dans cette maiſon paternelle, qui
631 1768 4222 1978 m'étoit jadis ſi chère. Mon père me
995 1972 4098 2177 conduiſit à ma mère. „La voilà, dit-
992 2172 4222 2381 “il, Madame; voyez ſi l'on nous en
988 2376 4222 2581 “a impoſé, ſi notre déshonneur n'eſt
675 2580 4222 2785 “pas complet.“ Ma mère me parcourut
991 2777 4202 2991 des yeux; je tombai ſur mes deux ge-
728 2989 4218 3191 noux, en criant grace! grace! d'une
987 3185 4210 3396 voix plaintive, qui, ſans doute, perça
988 3377 4206 3585 dans le cœur de ma mère. „Ah! mal-
695 3577 4206 3782 “heureuſe, s'écria-t-elle, qu'as-tu fait?“
675 3749 4210 3989 Et elle fondit en larmes, & j'en verſai
953 3989 3010 4192 moi-même un torrent.
1176 4167 4206 4414 “Je reſtois toujours à genoux, tendant
968 4378 4198 4586 mes bras, demandant grace. „Ah! M.
975 4598 4198 4799 “de Lyſange, s'écria ma mère, relevez-
883 4786 4190 4999 “la. Voyez l'état où elle eſt.“ A ces
972 4990 4186 5204 mots, M. de Lyſange devint furieux.
683 5194 4182 5402 „Hé! Madame, dit-il, c'eſt poſitive-
911 5398 4190 5606 “ment cet état qui la rend infâme,
608 5602 4198 5811 “& qui fait qu'elle doit diſparoître du
964 5807 4202 6016 “monde.“ -- „Ah! Monſieur, reprit
959 6007 4202 6215 “ma mère, & l'être innocent qui ſe
663 6207 4082 6432 “forme dans ſon ſein, a-t-il mérité de
952 6419 4198 6639 “périr?“ -- „A-t-il mérité de naître,
12 8281 905 8386 tv..---
