4266 7956
3859 75 4106 150 --
1486 609 2219 850 o
377 860 3300 1067 “s'écria le noble furieux?“ J'étois tom-
115 1054 3562 1244 bée la face contre terre, j'y demeurois
100 1244 3293 1435 immobile & friſſonnante. Je voyois que
100 1429 3300 1627 mon père avoit décidé ma mort. Il n'é-
291 1619 3468 1814 toit queſtion que de ſavoir s'il attendroit,
104 1803 3495 2006 pour me la donner, que j'euſſe dépoſé
377 1998 3558 2194 mon vivant fardeau; ou ſi mon mal-
377 2188 3296 2386 heureux enfant ſeroit condamné, avec
111 2375 3076 2567 ſa mère, à mourir avant que de naître.
530 2559 3296 2761 “Mon père me fit deſcendre dans ſa
107 2761 3293 2949 cave. Il m'y attacha au mur avec une
351 2947 3285 3133 chaîne de fer: „Malheureuſe, me dit-
268 3124 3293 3319 “il, penſe à l'état de ta conſcience.
107 3308 3289 3498 “Demande pardon à ton Dieu. Tâche
108 3495 3588 3686 “de ne te pas perdre dans l'autre vie,
145 3678 3637 3872 “ſi tu l'es dans celle-ci.“ Il me laiſſa
119 3871 3435 4064 avec un pain & une cruche pleine d'eau.
354 4056 3622 4239 Je reſtai abîmée dans les réflexions les
118 4236 3293 4442 plus amères; &, comme je me ſuis
362 4435 3308 4636 mêlée toujours un peu de Philoſophie,
156 4621 3514 5004 lappiiee 'l uiiteprepsse e oo-
167 4999 3544 5196 “neur, me diſois-je, mon père ſe croit
347 5190 3281 5387 “déshonoré, parce que j'ai payé le tribut
347 5370 3394 5583 “à la fragilité de mon ſexe. O! pré-
108 5561 3611 5774 “tendue nobleſſe, qui étouffes la nature
112 5743 3296 5959 “dans le cœur d'un père, qui armes
123 5942 3278 6154 “ce père cruel contre celle qui lui doit
351 6122 3263 6339 “la vie. Ah! pourquoi ne ſuis - je pas
2466 6335 3013 6479 Eiv
