4266 8046
1560 593 2223 833 i
120 825 3634 1031 reprocher à mon égard. J'étois ſeul cou-
117 1026 1872 1217 pable vis-à-vis d'elle.
391 1201 3531 1423 Nous voulions ſavoir comment on
113 1403 3291 1598 avoit pris, chez le Comte de Lyſange,
102 1594 3299 1789 la diſparution de Mademoiſelle Laure.
360 1784 3603 1983 Je ne ſavois comment faire. Je n'oſois
98 1974 3615 2172 retourner à la campagne, où le Con-
117 2161 3288 2360 cierge m'auroit reconnu pour le raviſſeur.
109 2355 3291 2553 S'il avoit pu me montrer à ſon maître
-5 2544 3291 2747 ou à quelqu'un qui m'eût connu, il
-6 2735 3284 2937 auroit crié: „Voilà le traître que vous
-6 2926 3291 3121 “cherchez.“ J'envoyai un de mes amis
-6 3104 3291 3303 chez M. de Lyſange. Ce rigoureux gen-
-7 3292 3288 3493 tilhomme dit: „Je ſais que le petit
-7 3485 3318 3672 “Céſar eſt à Paris, qu'il a déjà fait
-8 3672 3291 3865 “un nouvel enlèvement. Je me flatte
-8 3862 3386 4053 “d'obtenir bientôt une lettre de cachet,
-8 4052 3291 4248 “pour le faire enfermer.“ Je reconnus
-9 4202 3291 4441 bien là mon noble perſécuteur. Je ſentis
-1 4433 3390 4627 qu'il falloit me tenir ſur mes gardes,
-10 4623 3288 4822 autant pour moi, que pour ma chère
-10 4788 776 5001 Laure.
509 5008 3291 5210 Je retournai, quelques jours après,
-11 5187 3284 5396 chez l'ami qui s'étoit chargé d'obtenir
-11 5345 3276 5583 la liberté de mon père & de ma mère.
-12 5525 3636 5782 Il accourut à moi & m'embraſſa. „Mon
-12 5761 3272 5967 “ami, me dit-il, nous avons l'ordre,
-13 5950 3265 6168 “pour faire ſortir vos bonnes gens de
-13 6133 3272 6355 “leur niche. Je l'ai remis à quelqu'un
