4266 8537
2273 677 2922 867 mn
969 889 4090 1122 “nous fait à tous.“ -- „Que dites-
953 1110 4178 1323 “vous, mon père, m'écriai - je? moi
965 1303 4165 1525 “tomber aux genoux de ce poliſſon! Je
731 1508 4165 1718 “vais faire mieux que cela. Je vais lui
655 1722 4161 1943 “faire avouer, à coups de canne, toute
656 1923 2245 2072 “ſon infamie.“
1154 2093 4157 2333 A ces mots, mon père effréné leva la
949 2313 4153 2524 ſienne ſur moi. Je fus obligé de ſauter
953 2519 4149 2736 quelques pas en arrière, pour éviter
949 2720 4153 2929 l'outrage qu'il vouloit me faire. Je m'en
945 2921 4076 3131 vengeai ſur le roué, à qui j'appliquai
913 3126 4141 3330 rapidement, ſur les épaules, un abrégé
945 3320 4150 3525 du châtiment qu'il méritoit. Mon père
949 3521 4149 3731 me pourſuivit. Je fus obligé de m'enfuir.
953 3726 4149 3938 „Ah, miſérable! me cria-t-il, ne re-
860 3931 4125 4141 “paroîs pas devant moi; je te déshé-
953 4140 1618 4289 “rite.“
1001 4318 4153 4552 „Me voilà bien payé de ma bonne
937 4543 4157 4748 “action, me diſois-je; ah, malheureux!
889 4741 4157 4947 “la vertu ne me va point. Le ſcélérat
937 4940 4157 5147 “va recueillir le fruit des peines que je
929 5143 4153 5365 “me ſuis données. Peut-être lui fera-
816 5344 4153 5551 “t-on paſſer la ſucceſſion qu'on m'en-
804 5542 4161 5756 “lève. Je ſuis bien malheureux.“ Je
929 5755 4177 5966 me retirai auprès de Laure. Je lui appris
925 5952 4201 6171 le nouveau malheur dont je gémiſſois;
933 6153 4202 6368 elle pleura beaucoup avec moi. Levrette
852 6355 4153 6558 vint. Je lui racontai ma douloureuſe hiſ-
587 6544 4181 6794 toire. „Il y a ici du mal-entendu, me
