4266 8391
997 844 4113 1256 iainte miarte de cuniſ seſe denſ
891 1247 4113 1462 &, fit les honneurs de la fête. Pluſieurs
682 1449 4093 1661 perſonnes de la compagnie, qui me
1001 1649 4089 1855 connoiſſoient, ſurpriſes de me voir par-
1005 1840 4105 2053 tir, me retinrent. „Laiſſez - le partir,
992 2044 4101 2250 “diſoit la rouée, il eſt preſſé.“ Je reſtai,
989 2242 4093 2649 fe tege coicenuſe, ldaitai méne a
942 2639 4093 2840 elle. Cette danſe étoit moins pénible que
741 2832 4101 3041 celle dont je l'avois régalée précédem-
985 3026 4097 3230 ment; mais je voyois qu'elle ſe rongeoit
985 3224 4046 3429 le ſang, & je daignai enfin la quitter.
1079 3421 4112 3625 J'aurois voulu pouvoir voler à Lyon;
985 3621 4112 3822 mais il falloit arranger le ſort de Laure.
992 3818 4046 4023 J'allai chercher mon fils, chez Fatime.
993 4006 4101 4219 Elle eut bien de la peine à me le rendre.
981 4214 4112 4420 Elle étoit parfaitement réconciliée avec
977 4410 4116 4612 ſon amant, qui étoit ſur le point de
977 4607 4101 4804 l'épouſer. Il ne l'avoit abandonnée ci-
753 4802 4105 5000 devant, que par un mal-entendu. J'em-
977 4995 4113 5201 braſſai cette belle perſonne, qui m'avoua
985 5197 4109 5405 qu'elle croyoit ſentir des commencemens
706 5397 4121 5604 de groſſeſſe, dont j'étois la cauſe, &
985 5594 4113 5804 qu'elle avoit le plus grand intérêt de
981 5790 4065 5979 cacher à ſon Prétendu. J'enlevai mon
981 5994 4163 6205 petit garçon, & je le portai à Laure,
985 6191 4050 6397 qui le reçut, & le traita comme elle
981 6387 4144 6576 traitoit ſa fille, en véritable mère. Les
187 8171 525 8290 -
