4266 8331
2326 508 3084 762 (i
750 748 4099 1014 ſang, & du mal impur que je n'oſe
1045 998 4102 1206 nommer. Je ne faiſois que ſoupçonner
1041 1189 4095 1597 e slis dde aandede eeaaiio onina
1018 1585 4083 1788 niquée à ma chère Laure; car, malgré
1045 1779 4079 1980 la volonté intime qu'elle avoit d'être
1049 1964 4079 2183 ſage, j'avois prévalu ſur ſa vertu; &
804 2165 4087 2369 j'avois l'indignité de travailler à la rendre
1045 2365 4083 2567 auſſi mépriſable que moi. Je commençois
1049 2562 4075 2761 à rougir de moi-même. Je ſentois, avec
1049 2753 4087 2952 horreur, que je tombois dans l'infâme
1049 2952 4083 3150 crapule. „Ah! m'écriai-je, rompons ces
1053 3139 4079 3343 “indignes liens; quittons ces Grands
1049 3332 4099 3540 “immondes; allons jouir, à la campagne,
1049 3527 4099 3730 “avec la vertueuſe Laure, des plaiſirs
1053 3720 4087 3930 “de l'innocence, de la paternité, &
1053 3923 4098 4123 “d'une ſociété douce, avec une hon-
1045 4118 4098 4318 “nête femme.“ Ma maiſon étoit ar-
1049 4312 4098 4521 rangée. Je partis avec mes enfans & ma
1006 4511 4087 4713 bien-aimée, & je reſpirai quelques jours,
726 4705 4098 4902 auprès de ma Laure, le charme de la
925 4896 4087 5100 vertu; mais je voyois ſa ſanté s'altérer;
1049 5092 4095 5294 j'en ſoupçonnois la cauſe, & n'oſois lui
1049 5265 4102 5484 avouer mon indignité. Je ſentois, de
1057 5483 4118 5687 de mon côté, mon tempérament ſe
1056 5678 4130 5884 dégrader, ſans doute, par le poiſon qui
757 5879 4141 6082 me ruinoit ſourdement. Je ne pouvois
1061 6062 4161 6278 laiſſer dépérir mon amante, & mon en-
1053 6261 4142 6471 fant, qui ne ſuçoit qu'un lait corrompu.
3581 8015 4022 8137 --
2816 8045 3558 8146 .
209 8093 1784 8221 -- .
