4266 8065
2358 556 2817 730 is
1111 764 4265 986 réſolus de m'en venger ſur l'indigne
871 961 4266 1169 Marqué. Je ne tardai pas à le rencon-
1110 1150 4266 1360 trer. Il pâlit d'abord; mais il prit enfin
1107 1339 4267 1545 ſon parti, de venir à moi les bras ou-
1107 1530 4267 1736 verts, pour me ſéduire par ſes perfides
1110 1721 4267 1912 careſſes. Je le traitai encore plus rigou-
1111 1910 4268 2109 reuſement que Frédégonde, & avec en-
1099 2102 4268 2299 core plus de cœur; car enfin, je n'a-
1103 2286 4269 2489 vois plus à me reprocher de frapper une
1099 2480 4269 2673 femme. Il étoit accoutumé à ces correc-
1107 2637 4269 2862 tions. Il s'en vengea en ſe plaignant à
1095 2854 4270 3052 ma mère, en la rendant plus inexorable
1099 3042 4270 3234 à mon égard. Je le ſentois; la rage fer-
1084 3227 4271 3446 mentoit & croiſſoit continuellement dans
1099 3475 2171 3590 mon cœur.....
1294 3584 4272 3808 Elle eſt au comble. Je ne puis reſter
1099 3798 4272 3993 dans cet affreux état. Il faut abſolument
1084 3991 4272 4184 que je voie ma mère; que je me juſtifie
894 4153 4273 4374 à ſes yeux; que je faſſe chaſſer ce vil
1096 4367 4273 4557 Marqué, cette ame infernale acharnée
1095 4553 4274 4743 ſur mes pas, pour m'entraîner dans
1088 4737 4274 4928 l'abîme. J'y réuſſirai sûrement. Mon
931 4907 4274 5122 Dieu! je tremble, je friſſonne. Quel
1088 5111 4275 5331 malheur affreux ſe fait preſſentir & va
1092 5299 4275 5506 fondre ſur moi? Ah! mon cher ami,
1081 5496 4276 5696 accours, viens à mon ſecours, & ſauve
800 5675 4276 5897 ton ami. Je ſuis effrayé de mon état, &
1092 5871 3105 6066 je frémis de moi-même.
