4266 8299
2199 514 2982 709 n
921 742 4196 964 l'abominable Marqué. Je l'ai trouvée
1214 944 4196 1147 dans une colère, dont j'ai gémi. J'a
890 1136 4180 1358 pris le ton le plus doux, le plus ſoumi
1202 1334 4099 1549 qu'il m'a été poſſible. Je me ſuis je
1101 1532 4168 1747 même à genoux. „Ma mère, écoute
1198 1727 4153 1931 “moi, lui ai-je dit, de grace, au nou
1089 1918 4161 2128 “du ciel!“ -- „Il vous ſied bien,
1194 2119 4153 2319 “Monſieur, de parler au nom du ciel,
1190 2315 4161 2532 “que vous offenſez continuellement,
851 2510 4161 2713 “qui devroit vous foudroyer!“ -- „
859 2698 4137 2934 “mère, je ne ſuis pas un ſacrilège.
1182 2903 4145 3104 “faut qu'un ſcélérat vous ait bientin
1175 3094 4122 3312 “dignement abuſée ſur mon compte.
1171 3284 4137 3489 -- „Je vous défends, malheureux, de
1175 3487 4149 3686 “me dire un mot contre un homme
859 3639 4141 3908 “que vous devez reſpecter, que je reſ-
1077 3880 4149 4083 “pecte moi-même, & dont votre pè
1159 4075 4137 4279 “penſe comme moi.“ -- „Mais, Ma-
1155 4230 4157 4476 “dame, je puis vous prouver que c'et
1159 4464 4137 4675 “le plus lâche des hommes, & le plus
972 4655 4087 4892 “vil des ſcélérats.“ La Dame s'eſ
1159 4843 4133 5055 flammoit, les yeux lui ſortoient de
1155 5044 4110 5252 tête. Un malheureux chien, un mau
1151 5243 4106 5453 chien, un diable incarné qui avoit prl
1046 5441 4141 5663 la figure de cette méchante bête, e
917 5639 4161 5846 joignoit à cette ſcène terrible, aboyoit
1140 5833 4172 6042 contre moi, & me mordoit. Je l'écartoi
1140 6028 4180 6255 le plus doucement qu'il m'étoit poſſible;
1136 6224 4172 6438 mais je le faiſois trop durement, aur
3822 6414 4157 6638 yeux
