4266 8396
2081 653 3082 917 I
992 916 4062 1123 -- „Ce ſcélérat vaut mieux que toi,
981 1117 4105 1322 “fils indigne. Je te le ſubſtitue; je te
984 1313 4035 1521 “déshérite; je lui fais paſſer tout mon
930 1515 4039 1708 “bien.“ Le chien me mordoit toujours
789 1712 4113 1912 plus horriblement. Je le frappois plus
914 1911 4043 2099 fortement. La Dame recevoit ſouvent
986 2104 4044 2307 les coups, & crioit toujours plus fort.
993 2307 4028 2460 „Malheureux! veux - tu m'aſſaſſiner?“
973 2506 4051 2714 -- „Madame, il faut abſolument que
754 2708 4074 2882 “vous m'écoutiez.“ On vient à ſes
984 2897 4070 3102 cris, je cours à la porte, je la ferme
644 3099 4176 3296 au verrou. „Ah! bon Dieu, s'écrie la
984 3292 4145 3456 “Dame! c'eſt fait de moi!“ -- „Ma-
973 3487 4031 3696 “dame, il faut abſolument m'écouter,
977 3693 4035 3894 “ou je ne réponds pas de moi.“ Je crus
906 3890 4184 4047 voir une torche infernale me battre ſur
984 4082 4035 4295 les yeux. Je dus prononcer ces mots du
988 4289 4113 4494 ton le plus déterminé. „Ah! miſérable
984 4481 4184 4682 “aſſaſſin, s'écrie la Dame, enfant dé-
988 4680 4184 4883 “naturé! fuis, ne reparois jamais devant
992 4868 4184 5081 “moi. Au meurtre, à l'aſſaſſin!“ On
996 5075 4180 5278 travaille à enfoncer la porte. Le chien
1000 5271 4188 5474 aboie toujours plus fort, & me mord
996 5466 4192 5674 cruellement. Alors, furieux, effréné, je
996 5669 4192 5877 veux me venger ſur la maudite bête,
1000 5869 4015 6080 l'écraſer à mes pieds; je me ſaiſis d'an
824 6065 4055 6274 chenet, j'en frappe un coup mortel. O
988 6252 4152 6473 coup affreux! ô malheur effroyable! ô
894 6467 4047 6687 crime abominable! La Dame..... m
