<PcGts xmlns="http://schema.primaresearch.org/PAGE/gts/pagecontent/2017-07-15" xmlns:xsi="http://www.w3.org/2001/XMLSchema-instance" xsi:schemaLocation="http://schema.primaresearch.org/PAGE/gts/pagecontent/2017-07-15 http://schema.primaresearch.org/PAGE/gts/pagecontent/2017-07-15/pagecontent.xsd"><Metadata><Creator>User123</Creator><Created>2020-10-15T18:12:03</Created><LastChange>2020-10-15T18:12:03</LastChange></Metadata><Page imageFilename="0134.png" imageHeight="8278" imageWidth="4266"><TextRegion id="r0" type="paragraph" orientation="-0.0"><Coords points="1,1 4264,1 4264,8276 1,8276"/><TextLine id="r0_l001"><Coords points="1580,651 2070,651 2070,883 1580,883"/><TextEquiv index="1"><Unicode>r</Unicode></TextEquiv></TextLine><TextLine id="r0_l002"><Coords points="463,1103 462,1103 462,1087 462,1086 163,1086 161,1085 161,1084 163,1082 462,1082 462,1082 462,1064 462,1063 390,1063 388,1062 388,1048 388,1047 382,1047 381,1047 381,1046 380,1044 379,1044 377,1043 377,1041 378,1040 379,1040 381,1038 381,1037 382,1036 384,1036 384,1036 384,919 387,916 392,916 392,916 392,915 400,907 400,903 404,899 404,898 405,897 1136,897 1136,897 1136,883 1137,882 1143,882 1144,884 1144,905 1145,905 2823,905 2824,904 2824,899 2826,897 2827,897 2828,896 2828,895 2830,893 2842,893 2844,896 2844,897 2845,897 3313,897 3313,898 3313,899 3316,901 3344,901 3344,902 3344,903 3345,904 3345,993 3346,993 3432,993 3433,995 3433,997 3433,997 3432,997 3431,998 3429,1000 3429,1001 3429,1001 3334,1001 3333,1002 3333,1035 3332,1036 3327,1036 3325,1038 3325,1039 3324,1040 2266,1040 2265,1041 2265,1096 2265,1096 2262,1096 2261,1096 2261,1052 2261,1051 474,1051 473,1052 473,1081 472,1082 470,1082 469,1083 469,1103 469,1103"/><TextEquiv index="1"><Unicode>lez ſauver votre malheureux ami. Il eſt</Unicode></TextEquiv></TextLine><TextLine id="r0_l003"><Coords points="2210,1291 2209,1291 2209,1280 2209,1279 2179,1279 2177,1278 2177,1241 2177,1240 760,1240 759,1241 759,1275 758,1276 758,1282 758,1282 757,1282 756,1283 754,1283 753,1282 752,1282 751,1282 751,1281 750,1280 750,1237 750,1236 382,1236 381,1236 381,1235 381,1234 379,1232 378,1232 377,1232 377,1129 377,1128 143,1128 142,1128 142,1123 141,1121 140,1121 138,1120 138,1118 139,1117 140,1117 141,1116 377,1116 377,1116 377,1107 379,1105 380,1105 380,1105 380,1104 383,1101 384,1101 384,1101 384,1100 387,1097 392,1097 392,1097 392,1092 394,1090 399,1090 400,1092 400,1097 401,1097 2261,1097 2262,1096 2805,1096 2805,1096 2805,1095 2806,1094 3240,1094 3240,1095 3240,1096 3242,1098 3243,1098 3244,1098 3244,1099 3244,1144 3245,1144 3313,1144 3314,1146 3314,1147 3315,1147 3319,1147 3320,1148 3321,1148 3321,1149 3321,1150 3323,1151 3327,1151 3328,1152 3329,1152 3329,1153 3329,1158 3331,1159 3332,1159 3333,1161 3333,1212 3332,1213 3331,1213 3330,1214 3329,1215 3329,1216 3328,1217 3327,1217 3326,1218 3325,1219 3325,1220 3324,1221 3319,1221 3318,1222 3318,1223 3316,1225 3315,1225 3314,1226 3314,1227 3312,1229 3304,1229 3302,1231 3302,1232 3302,1232 3300,1232 3299,1233 2610,1233 2608,1235 2608,1236 2608,1236 2541,1236 2539,1238 2539,1239 2538,1240 2215,1240 2214,1241 2214,1291 2214,1291"/><TextEquiv index="1"><Unicode>bien malheureux. Il a tué..... Il ne le</Unicode></TextEquiv></TextLine><TextLine id="r0_l004"><Coords points="934,1487 932,1486 932,1485 931,1483 930,1483 928,1482 928,1461 928,1460 120,1460 118,1459 118,1455 119,1454 119,1453 120,1452 300,1452 300,1452 300,1449 301,1448 369,1448 369,1448 369,1354 371,1352 372,1352 372,1352 372,1351 375,1348 608,1348 608,1348 608,1300 610,1298 622,1298 624,1296 624,1295 625,1294 1378,1294 1379,1293 1379,1292 1381,1290 2083,1290 2084,1291 2215,1291 2215,1292 2215,1293 2216,1294 2217,1294 2218,1294 2219,1296 2219,1297 2220,1298 2221,1298 2222,1298 2223,1300 2223,1309 2224,1309 2807,1309 2809,1312 2809,1313 2810,1313 3189,1313 3190,1315 3190,1325 3191,1325 3317,1325 3317,1326 3317,1327 3318,1328 3318,1347 3325,1354 3325,1401 3327,1402 3332,1402 3333,1404 3333,1405 3335,1406 3340,1406 3341,1408 3341,1412 3339,1414 3338,1414 3337,1415 3337,1416 3336,1417 3238,1417 3237,1418 3237,1431 3236,1432 3236,1433 3236,1433 2774,1433 2773,1434 2773,1480 2773,1480 956,1480 955,1481 955,1482 954,1483 949,1483 947,1485 947,1486 946,1487"/><TextEquiv index="1"><Unicode>vouloit pas. Il ne vouloit que tuer un</Unicode></TextEquiv></TextLine><TextLine id="r0_l005"><Coords points="2382,1679 2381,1679 2381,1678 2380,1676 2379,1676 2377,1675 2377,1623 2377,1622 2363,1622 2362,1623 2362,1624 2361,1625 2359,1625 2358,1625 2358,1624 2357,1622 2016,1622 2015,1623 2015,1674 2013,1676 1979,1676 1976,1674 1976,1627 1976,1626 1837,1626 1836,1625 1835,1625 1834,1625 1834,1624 1833,1622 1577,1622 1575,1624 1575,1625 1575,1625 1574,1625 1573,1626 1563,1626 1562,1625 1561,1625 1560,1625 1560,1624 1559,1622 1272,1622 1271,1623 1271,1625 1271,1625 1270,1625 1269,1626 1062,1626 1061,1625 1060,1625 1059,1625 1059,1624 1058,1622 713,1622 586,1622 585,1623 585,1624 583,1626 576,1626 573,1624 573,1623 573,1622 387,1622 384,1620 384,1619 384,1618 383,1618 380,1616 380,1615 380,1614 375,1614 373,1613 373,1608 372,1606 371,1606 369,1605 369,1604 369,1603 368,1603 365,1601 365,1585 367,1583 368,1583 369,1582 369,1566 371,1564 372,1564 373,1563 373,1558 375,1556 376,1556 377,1555 377,1554 379,1552 380,1552 381,1551 381,1551 381,1550 383,1548 384,1548 384,1548 384,1547 386,1545 387,1545 388,1544 392,1544 392,1544 392,1543 394,1541 399,1541 400,1540 400,1539 402,1537 434,1537 434,1537 434,1498 435,1497 435,1496 437,1494 438,1494 438,1494 438,1493 440,1491 441,1491 442,1490 442,1489 444,1487 527,1487 527,1488 527,1489 531,1493 531,1494 532,1494 533,1494 539,1501 539,1514 540,1514 604,1514 604,1515 604,1516 607,1518 608,1518 608,1519 608,1521 609,1521 797,1521 797,1521 797,1519 798,1518 799,1518 801,1516 801,1511 802,1510 803,1510 804,1509 804,1505 807,1502 808,1502 808,1502 808,1501 811,1498 816,1498 816,1498 816,1497 824,1489 824,1488 825,1487 830,1487 832,1485 832,1484 833,1483 846,1483 847,1485 847,1486 849,1487 1012,1487 1013,1489 1013,1490 1015,1491 1020,1491 1020,1492 1020,1493 1023,1495 1024,1495 1024,1496 1024,1541 1025,1541 1421,1541 1421,1541 1421,1493 1422,1492 1423,1491 1471,1491 1471,1492 1471,1541 1472,1541 1759,1541 1761,1539 1761,1538 1762,1537 1898,1537 1899,1539 1899,1540 1900,1540 1901,1540 1902,1541 1995,1541 1995,1542 1995,1543 1997,1544 2184,1544 2184,1544 2184,1543 2186,1541 2349,1541 2350,1540 2350,1539 2352,1537 2357,1537 2358,1539 2358,1540 2360,1541 2385,1541 2385,1541 2385,1511 2386,1510 2392,1510 2392,1511 2392,1541 2393,1541 2566,1541 2566,1541 2566,1515 2567,1514 2628,1514 2628,1514 2628,1492 2630,1490 2631,1490 2632,1489 2632,1488 2633,1487 2634,1487 2634,1487 2635,1486 2635,1485 2637,1483 2646,1483 2647,1482 2647,1481 2649,1479 2654,1479 2655,1480 2945,1480 2946,1479 2947,1479 2947,1479 2947,1478 2950,1475 2962,1475 2963,1477 2963,1478 2965,1479 2974,1479 2974,1480 2974,1481 2977,1483 2978,1483 2978,1484 2978,1529 2979,1529 3205,1529 3206,1528 3206,1527 3208,1525 3209,1525 3210,1524 3210,1515 3211,1514 3212,1514 3213,1513 3213,1509 3214,1508 3214,1507 3215,1506 3216,1506 3217,1505 3217,1497 3220,1494 3221,1494 3221,1494 3221,1489 3223,1487 3224,1487 3224,1487 3225,1486 3225,1485 3227,1483 3228,1483 3228,1483 3229,1482 3229,1481 3231,1479 3232,1479 3233,1478 3233,1477 3235,1475 3247,1475 3251,1471 3258,1471 3260,1474 3260,1475 3261,1475 3270,1475 3271,1477 3271,1529 3272,1529 3293,1529 3295,1532 3295,1533 3296,1533 3309,1533 3310,1535 3310,1536 3312,1537 3313,1537 3314,1539 3314,1587 3315,1587 3332,1587 3333,1589 3333,1601 3328,1606 3324,1606 3321,1609 3321,1610 3321,1610 3277,1610 3275,1609 3275,1608 3274,1606 3092,1606 3090,1608 3090,1609 3089,1610 3027,1610 3025,1612 3025,1613 3024,1614 2761,1614 2759,1616 2759,1617 2758,1618 2440,1618 2439,1619 2439,1620 2437,1622 2390,1622 2389,1623 2389,1678 2388,1679"/><TextEquiv index="1"><Unicode>chien furieux. Le coup a tombé ſur ſa</Unicode></TextEquiv></TextLine><TextLine id="r0_l006"><Coords points="1888,1875 1887,1875 1887,1820 1886,1818 1454,1818 1452,1817 1452,1816 1452,1815 1451,1815 1450,1814 1413,1814 1235,1814 1232,1817 1232,1818 1232,1818 960,1818 959,1818 959,1817 957,1814 717,1814 676,1814 673,1817 673,1818 673,1818 525,1818 523,1817 523,1816 522,1814 370,1814 369,1814 369,1801 371,1799 373,1799 373,1799 373,1739 375,1737 384,1737 384,1737 384,1736 387,1733 504,1733 504,1733 504,1685 506,1683 522,1683 523,1682 523,1681 524,1680 527,1680 527,1681 527,1682 528,1682 530,1684 531,1684 531,1685 531,1706 532,1706 533,1706 535,1709 535,1714 536,1714 623,1714 623,1715 623,1733 624,1733 801,1733 801,1733 801,1693 803,1691 804,1691 804,1691 804,1690 807,1687 827,1687 827,1687 827,1686 830,1683 973,1683 974,1685 974,1690 976,1691 977,1691 978,1693 978,1737 979,1737 1166,1737 1167,1736 1167,1735 1168,1734 1169,1734 1170,1733 1225,1733 1225,1733 1225,1727 1226,1726 1227,1726 1228,1725 1228,1713 1231,1710 1232,1710 1232,1710 1232,1709 1235,1706 1236,1706 1236,1706 1236,1701 1238,1699 1239,1699 1240,1698 1240,1697 1242,1695 1243,1695 1244,1694 1244,1693 1246,1691 1251,1691 1251,1691 1251,1690 1254,1687 1425,1687 1425,1687 1425,1685 1426,1684 1427,1684 1429,1682 1429,1681 1430,1680 1431,1680 1432,1679 1439,1679 1441,1682 1441,1683 1442,1683 1593,1683 1595,1686 1595,1687 1596,1687 1636,1687 1637,1689 1637,1690 1639,1691 1640,1691 1641,1693 1641,1694 1643,1695 1644,1695 1645,1697 1645,1737 1646,1737 1775,1737 1776,1736 1776,1735 1778,1733 1814,1733 1814,1733 1814,1732 1816,1730 1817,1730 1818,1729 1861,1729 1861,1729 1861,1689 1863,1687 1864,1687 1864,1687 1864,1686 1867,1683 1872,1683 1872,1683 1872,1682 1875,1679 1878,1679 1884,1686 1884,1687 1885,1687 2002,1687 2003,1689 2003,1690 2005,1691 2006,1691 2007,1693 2007,1729 2008,1729 2215,1729 2215,1729 2215,1685 2216,1684 2217,1684 2218,1683 2226,1683 2227,1682 2227,1681 2228,1680 2229,1680 2230,1679 2427,1679 2427,1679 2427,1678 2429,1676 2430,1676 2431,1675 2432,1675 2433,1676 2434,1676 2435,1678 2435,1679 2436,1679 2437,1679 2439,1682 2439,1729 2440,1729 2817,1729 2817,1729 2817,1719 2818,1718 2840,1718 2840,1718 2840,1715 2841,1714 2842,1714 2846,1710 2850,1710 2851,1712 2851,1722 2852,1722 3055,1722 3055,1722 3055,1686 3058,1683 3059,1683 3059,1683 3059,1682 3062,1679 3082,1679 3082,1679 3082,1678 3084,1676 3085,1676 3086,1675 3105,1675 3106,1674 3106,1673 3107,1672 3166,1672 3167,1671 3167,1670 3169,1668 3232,1668 3233,1670 3233,1671 3234,1672 3235,1672 3236,1672 3237,1674 3237,1695 3238,1695 3313,1695 3314,1697 3314,1702 3316,1703 3317,1703 3318,1705 3318,1729 3320,1730 3321,1730 3321,1731 3321,1736 3323,1737 3324,1737 3325,1739 3325,1744 3327,1745 3328,1745 3329,1747 3329,1752 3328,1753 3327,1753 3325,1755 3325,1787 3325,1787 3324,1787 3321,1790 3321,1791 3321,1791 3320,1791 3318,1793 3318,1797 3308,1807 2965,1807 2961,1811 2610,1811 2608,1813 2608,1814 2608,1814 2607,1814 2606,1815 2604,1815 2603,1814 2322,1814 2319,1817 2319,1818 2319,1818 2306,1818 2304,1820 2304,1821 2303,1822 2294,1822 2292,1821 2292,1820 2291,1818 1896,1818 1895,1819 1895,1860 1894,1861 1893,1861 1892,1862 1892,1875 1892,1875"/><TextEquiv index="1"><Unicode>mère. Elle eſt à l'article de la mort. Elle</Unicode></TextEquiv></TextLine><TextLine id="r0_l007"><Coords points="1195,2070 1194,2070 1194,2012 1194,2011 999,2011 998,2012 998,2013 996,2015 995,2015 993,2014 993,2012 993,2011 694,2011 693,2012 693,2037 692,2038 691,2038 689,2040 689,2041 688,2042 687,2042 685,2044 685,2049 685,2049 684,2049 681,2052 681,2053 681,2053 656,2053 654,2052 654,2012 654,2011 479,2011 477,2010 477,2009 476,2007 363,2007 361,2006 361,2005 360,2003 359,2003 358,2003 358,2002 357,2001 357,1997 357,1996 356,1996 354,1995 354,1994 353,1993 353,1949 354,1948 354,1947 356,1945 357,1945 357,1945 357,1944 359,1942 360,1942 361,1941 361,1940 363,1938 364,1938 365,1937 365,1936 367,1934 372,1934 373,1933 373,1932 375,1930 380,1930 380,1930 380,1929 383,1926 604,1926 604,1926 604,1893 606,1891 611,1891 612,1893 612,1926 613,1926 692,1926 693,1928 693,1929 695,1930 908,1930 908,1930 908,1929 911,1926 912,1926 912,1926 912,1925 915,1922 924,1922 924,1922 924,1905 926,1903 1020,1903 1020,1904 1020,1930 1021,1930 1285,1930 1286,1929 1286,1909 1288,1907 1289,1907 1290,1906 1290,1905 1292,1903 1293,1903 1294,1902 1294,1901 1295,1900 1296,1899 1297,1899 1298,1898 1298,1897 1300,1895 1301,1895 1302,1894 1302,1889 1303,1888 1304,1888 1306,1886 1306,1885 1307,1884 1308,1884 1310,1882 1310,1881 1311,1880 1312,1880 1314,1878 1314,1877 1315,1876 1343,1876 1344,1878 1344,1903 1345,1903 1559,1903 1560,1902 1560,1893 1561,1892 1562,1892 1563,1891 1567,1891 1568,1890 1568,1889 1569,1888 1574,1888 1575,1887 1575,1886 1577,1884 1582,1884 1583,1883 1583,1882 1585,1880 1613,1880 1614,1882 1614,1883 1616,1884 1617,1884 1618,1886 1618,1887 1619,1887 1620,1887 1622,1890 1622,1891 1623,1891 1624,1891 1626,1894 1626,1930 1627,1930 1829,1930 1830,1929 1830,1928 1831,1927 1832,1926 1833,1926 1834,1925 1834,1924 1836,1922 1884,1922 1884,1922 1884,1882 1886,1880 1887,1880 1887,1880 1887,1879 1888,1878 1888,1876 1889,1875 1892,1875 1893,1876 1894,1876 1895,1878 1895,1895 1896,1895 2029,1895 2030,1897 2030,1930 2031,1930 2164,1930 2165,1929 2165,1928 2167,1926 2168,1926 2169,1928 2169,1929 2171,1930 2442,1930 2442,1930 2442,1887 2443,1886 2443,1885 2444,1884 2445,1884 2445,1884 2447,1882 2447,1881 2448,1880 2485,1880 2485,1880 2485,1854 2486,1853 2492,1853 2493,1855 2493,1877 2494,1877 2559,1877 2560,1876 2561,1876 2562,1875 2562,1874 2564,1872 2619,1872 2620,1871 2620,1870 2622,1868 2626,1868 2628,1871 2628,1875 2632,1879 2632,1922 2633,1922 3082,1922 3082,1922 3082,1921 3085,1918 3098,1918 3098,1918 3098,1908 3099,1907 3105,1907 3106,1909 3106,1918 3107,1918 3294,1918 3294,1918 3294,1906 3295,1905 3295,1904 3296,1903 3305,1903 3306,1905 3306,1972 3307,1972 3316,1972 3318,1975 3318,1976 3319,1976 3320,1976 3321,1978 3321,1991 3320,1992 3319,1992 3318,1993 3318,1994 3316,1996 3304,1996 3302,1998 3302,1999 3302,1999 3139,1999 3136,2002 3136,2003 3136,2003 2925,2003 2924,2004 2924,2007 2924,2007 2703,2007 2701,2009 2701,2010 2700,2011 2121,2011 2119,2013 2119,2014 2118,2015 1878,2015 1876,2014 1876,2013 1875,2011 1629,2011 1427,2011 1425,2013 1425,2014 1424,2015 1273,2015 1271,2014 1271,2013 1270,2011 1206,2011 1205,2012 1205,2070 1205,2070"/><TextEquiv index="1"><Unicode>areçu tous ſes Sacrémens. Elle nous a</Unicode></TextEquiv></TextLine><TextLine id="r0_l008"><Coords points="2016,2265 2015,2265 2015,2264 2014,2262 1995,2262 1994,2261 1993,2261 1992,2261 1992,2260 1991,2258 1987,2258 1986,2257 1985,2257 1984,2257 1984,2256 1983,2254 1982,2254 1980,2253 1980,2248 1979,2246 1978,2246 1976,2245 1976,2209 1976,2208 1615,2208 1614,2209 1614,2253 1613,2254 1612,2254 1610,2256 1610,2257 1610,2257 1609,2257 1606,2260 1606,2261 1606,2261 1605,2261 1604,2262 1602,2262 1601,2261 1600,2261 1599,2261 1599,2260 1598,2258 1570,2258 1567,2256 1567,2255 1567,2254 1566,2254 1564,2253 1564,2243 1564,2242 1473,2242 1471,2241 1471,2209 1471,2208 1403,2208 1402,2209 1402,2210 1401,2211 1400,2211 1399,2212 1398,2212 1397,2211 1396,2211 1394,2210 1394,2209 1394,2208 1390,2208 1389,2207 1388,2207 1387,2207 1387,2206 1386,2204 1134,2204 1132,2206 1132,2207 1132,2207 1131,2207 1130,2208 1120,2208 1119,2207 1118,2207 1117,2207 1117,2205 1117,2204 772,2204 770,2203 770,2202 769,2200 360,2200 357,2198 357,2197 357,2196 356,2196 354,2195 354,2194 353,2193 353,2128 354,2127 354,2120 355,2119 387,2119 388,2118 388,2117 390,2115 515,2115 515,2116 515,2117 518,2119 523,2119 523,2120 523,2123 524,2123 1105,2123 1105,2123 1105,2078 1106,2077 1107,2077 1111,2073 1112,2073 1113,2072 1120,2072 1120,2072 1120,2071 1122,2069 1124,2069 1125,2070 1329,2070 1330,2069 1340,2069 1340,2070 1340,2075 1343,2077 1344,2077 1344,2078 1344,2092 1345,2092 1351,2092 1352,2094 1352,2095 1353,2095 1354,2095 1355,2096 1413,2096 1413,2097 1413,2098 1414,2099 1414,2123 1415,2123 1598,2123 1598,2123 1598,2121 1600,2119 1664,2119 1664,2119 1664,2074 1665,2073 1674,2073 1676,2071 1676,2070 1677,2069 1687,2069 1687,2070 1687,2071 1688,2071 1690,2073 1691,2073 1691,2074 1691,2099 1692,2099 1781,2099 1782,2100 1783,2100 1784,2102 1784,2103 1785,2103 1786,2103 1787,2105 1787,2123 1788,2123 1833,2123 1834,2125 1834,2126 1835,2126 2034,2126 2034,2126 2034,2101 2035,2100 2036,2100 2037,2099 2040,2099 2041,2100 2042,2100 2042,2101 2042,2123 2043,2123 2114,2123 2115,2125 2115,2126 2116,2126 2342,2126 2342,2126 2342,2071 2344,2069 2369,2069 2369,2070 2369,2071 2372,2073 2373,2073 2373,2074 2373,2075 2376,2077 2548,2077 2549,2076 2550,2076 2551,2075 2551,2074 2552,2073 2553,2073 2553,2073 2554,2072 2554,2071 2556,2069 2585,2069 2585,2070 2585,2071 2592,2077 2593,2077 2593,2078 2593,2095 2594,2095 2778,2095 2778,2095 2778,2094 2780,2092 2785,2092 2786,2094 2786,2119 2787,2119 2873,2119 2875,2117 2875,2116 2876,2115 2877,2115 2878,2114 2878,2113 2880,2111 2881,2111 2882,2113 2882,2114 2884,2115 3044,2115 3044,2115 3044,2070 3045,2069 3089,2069 3090,2068 3090,2067 3092,2065 3152,2065 3152,2065 3152,2063 3154,2061 3159,2061 3159,2061 3159,2060 3162,2057 3224,2057 3225,2059 3225,2060 3226,2061 3227,2061 3228,2061 3229,2063 3229,2095 3230,2095 3307,2095 3308,2096 3309,2096 3310,2098 3310,2118 3312,2119 3313,2119 3313,2120 3314,2121 3314,2122 3316,2123 3317,2123 3317,2124 3317,2125 3318,2126 3318,2130 3319,2130 3320,2130 3321,2132 3321,2141 3314,2148 3314,2179 3312,2181 3311,2181 3310,2182 3310,2183 3308,2185 3307,2185 3306,2186 3306,2187 3305,2188 3304,2188 3302,2190 3302,2191 3301,2192 3293,2192 3290,2195 3290,2196 3290,2196 2952,2196 2951,2197 2951,2199 2950,2200 2949,2200 2948,2201 2948,2202 2946,2204 2798,2204 2797,2205 2797,2230 2796,2231 2792,2231 2790,2230 2790,2205 2790,2204 2683,2204 2682,2205 2682,2206 2681,2207 2523,2207 2522,2208 2519,2208 2518,2207 2398,2207 2397,2208 2397,2264 2397,2264 2393,2264 2392,2264 2392,2208 2392,2207 2287,2207 2286,2208 2128,2208 2127,2209 2127,2241 2126,2242 2052,2242 2050,2244 2050,2248 2044,2254 2040,2254 2034,2260 2034,2261 2034,2261 2033,2261 2032,2262 2028,2262 2026,2264 2026,2265 2026,2265"/><TextEquiv index="1"><Unicode>recommandé le plus grand ſecret. Elle</Unicode></TextEquiv></TextLine><TextLine id="r0_l009"><Coords points="2113,2459 2112,2459 2112,2405 2112,2404 450,2404 449,2405 449,2451 449,2451 441,2451 440,2451 440,2444 440,2443 340,2443 338,2442 338,2441 341,2438 342,2438 342,2438 342,2425 344,2423 349,2423 350,2422 350,2321 352,2319 357,2319 357,2319 357,2287 359,2285 360,2285 361,2284 361,2279 363,2277 364,2277 365,2276 365,2275 367,2273 491,2273 495,2269 499,2269 500,2268 500,2267 502,2265 565,2265 566,2264 566,2263 568,2261 2530,2261 2531,2263 2531,2264 2532,2264 2533,2265 2534,2265 2535,2267 2535,2277 2536,2277 3413,2277 3414,2279 3414,2280 3413,2281 2536,2281 2535,2282 2535,2296 2536,2296 3282,2296 3283,2298 3283,2299 3285,2300 3286,2300 3286,2301 3286,2302 3289,2304 3313,2304 3314,2306 3314,2307 3316,2308 3317,2308 3317,2309 3317,2310 3318,2311 3318,2354 3319,2354 3321,2354 3321,2355 3321,2372 3322,2373 3322,2374 3321,2375 3321,2377 3321,2377 3320,2377 3308,2389 3300,2389 3298,2391 3298,2392 3298,2392 3139,2392 3138,2393 3134,2393 3133,2394 3133,2395 3132,2396 2833,2396 2832,2397 2832,2442 2832,2442 2831,2442 2830,2443 2123,2443 2122,2444 2122,2459 2122,2459"/><TextEquiv index="1"><Unicode>juſtifie ſon fils. On attend le moment</Unicode></TextEquiv></TextLine><TextLine id="r0_l010"><Coords points="1034,2651 1032,2650 1032,2649 1032,2648 1031,2647 1030,2647 1028,2646 1028,2598 1028,2597 860,2597 859,2597 859,2596 858,2595 858,2594 858,2593 745,2593 743,2592 743,2591 742,2589 571,2589 570,2589 570,2588 568,2585 429,2585 425,2581 363,2581 361,2580 361,2579 361,2578 356,2578 354,2577 354,2576 353,2574 348,2574 347,2574 346,2573 346,2568 345,2566 344,2566 342,2565 342,2560 341,2558 340,2558 338,2557 338,2509 338,2508 182,2508 180,2507 180,2506 182,2504 364,2504 368,2500 379,2500 381,2503 381,2504 382,2504 438,2504 438,2504 438,2453 440,2451 450,2451 450,2452 450,2458 451,2458 630,2458 631,2457 631,2456 633,2454 688,2454 689,2456 689,2457 691,2458 692,2458 693,2460 693,2508 694,2508 757,2508 759,2511 759,2512 760,2512 761,2512 762,2514 762,2515 764,2516 1150,2516 1151,2515 1151,2514 1153,2512 1201,2512 1201,2512 1201,2500 1202,2499 1202,2498 1203,2497 1204,2497 1205,2496 1205,2491 1207,2489 1208,2489 1209,2488 1209,2487 1211,2485 1212,2485 1213,2484 1213,2483 1215,2481 1216,2481 1217,2480 1217,2475 1218,2474 1219,2474 1220,2473 1228,2473 1229,2472 1229,2471 1230,2470 1231,2470 1232,2469 1232,2469 1232,2468 1234,2466 1269,2466 1270,2465 1271,2465 1271,2465 1271,2464 1273,2462 1281,2462 1283,2460 1283,2459 1284,2458 1305,2458 1305,2459 1305,2460 1308,2462 1309,2462 1309,2463 1309,2464 1310,2465 1310,2512 1311,2512 1533,2512 1533,2512 1533,2475 1534,2474 1535,2474 1535,2474 1537,2472 1537,2471 1538,2470 1540,2470 1541,2469 1561,2469 1562,2470 1563,2470 1564,2472 1564,2473 1565,2473 1597,2473 1599,2476 1599,2477 1600,2477 1605,2477 1606,2479 1606,2480 1608,2481 1609,2481 1610,2483 1610,2484 1611,2484 1612,2485 1613,2485 1614,2487 1614,2488 1615,2488 1616,2489 1617,2489 1618,2491 1618,2492 1620,2493 1621,2493 1622,2495 1622,2511 1624,2512 1625,2512 1625,2513 1625,2514 1626,2515 1626,2516 1627,2516 1829,2516 1829,2516 1829,2515 1832,2512 1961,2512 1961,2512 1961,2471 1962,2470 1963,2470 1964,2469 1965,2468 1965,2467 1966,2466 1967,2466 1969,2464 1969,2463 1970,2462 1975,2462 1976,2461 1976,2460 1978,2458 1987,2458 1988,2459 2123,2459 2123,2460 2123,2461 2125,2462 2126,2462 2126,2463 2126,2464 2127,2465 2127,2508 2128,2508 2129,2508 2130,2510 2130,2511 2131,2512 2131,2570 2132,2570 2327,2570 2327,2570 2327,2518 2329,2516 2334,2516 2334,2516 2334,2515 2335,2514 2335,2463 2336,2462 2337,2462 2339,2460 2339,2459 2340,2458 2395,2458 2399,2454 2403,2454 2404,2456 2404,2476 2407,2478 2408,2478 2408,2479 2408,2512 2409,2512 2589,2512 2589,2512 2589,2502 2590,2501 2591,2501 2593,2499 2593,2491 2595,2489 2596,2489 2597,2488 2597,2483 2599,2481 2600,2481 2601,2480 2601,2475 2603,2473 2604,2473 2604,2473 2604,2472 2606,2470 2611,2470 2612,2469 2612,2468 2614,2466 2615,2466 2616,2465 2616,2464 2618,2462 2784,2462 2792,2454 2804,2454 2805,2453 2805,2452 2806,2451 2807,2450 2808,2450 2809,2452 2809,2453 2811,2454 2819,2454 2821,2457 2821,2458 2822,2458 2997,2458 2997,2459 2997,2460 2998,2461 2998,2493 2999,2493 3128,2493 3129,2495 3129,2500 3130,2500 3229,2500 3229,2500 3229,2483 3231,2481 3239,2481 3241,2484 3241,2500 3242,2500 3254,2500 3262,2508 3263,2508 3263,2509 3263,2510 3264,2511 3264,2550 3265,2550 3300,2550 3301,2551 3302,2551 3302,2552 3302,2553 3305,2555 3306,2555 3306,2556 3306,2557 3309,2559 3310,2559 3310,2560 3310,2572 3306,2576 3306,2642 3306,2642 3285,2642 3284,2643 3283,2643 3282,2643 3282,2586 3282,2585 3062,2585 3059,2588 3059,2589 3059,2589 2876,2589 2875,2590 2875,2591 2874,2592 2874,2593 2874,2593 2602,2593 2601,2594 2601,2615 2600,2616 2594,2616 2593,2616 2593,2598 2593,2597 2530,2597 2527,2595 2527,2594 2527,2593 2236,2593 2235,2594 2235,2606 2234,2607 2234,2608 2234,2608 2233,2608 2231,2610 2231,2615 2230,2616 2229,2616 2227,2618 2227,2619 2227,2619 2226,2620 2225,2620 2223,2622 2223,2623 2222,2624 2217,2624 2215,2626 2215,2627 2214,2628 2211,2626 2211,2625 2211,2624 2210,2624 2207,2622 2207,2598 2207,2597 1542,2597 1541,2598 1541,2599 1539,2601 1451,2601 1448,2599 1448,2598 1448,2597 1068,2597 1067,2598 1067,2642 1066,2643 1065,2643 1063,2645 1063,2650 1062,2651"/><TextEquiv index="1"><Unicode>où elle va paſſer. Pour lui, il eſt furieux.</Unicode></TextEquiv></TextLine><TextLine id="r0_l011"><Coords points="1199,2820 1198,2820 1198,2819 1197,2817 1196,2817 1194,2816 1194,2791 1194,2790 1166,2790 1165,2789 1164,2789 1163,2789 1163,2787 1163,2786 980,2786 978,2788 978,2789 978,2789 977,2789 976,2790 958,2790 957,2789 956,2789 955,2789 955,2788 954,2786 695,2786 693,2785 693,2783 693,2782 518,2782 515,2780 515,2776 514,2774 324,2774 323,2774 323,2760 324,2759 326,2759 326,2759 326,2651 327,2650 327,2648 328,2647 360,2647 362,2645 362,2644 363,2643 411,2643 411,2644 411,2646 412,2647 412,2701 413,2701 745,2701 749,2697 889,2697 889,2697 889,2696 893,2692 893,2684 896,2681 897,2681 897,2681 897,2672 899,2670 900,2670 901,2669 901,2668 903,2666 904,2666 905,2665 905,2664 907,2662 908,2662 909,2661 909,2660 911,2658 912,2658 912,2658 912,2657 914,2655 915,2655 916,2654 916,2653 918,2651 939,2651 939,2652 939,2653 942,2655 943,2655 943,2656 943,2657 946,2659 947,2659 947,2660 947,2661 949,2662 950,2662 951,2664 951,2705 952,2705 1162,2705 1163,2704 1163,2703 1165,2701 1174,2701 1174,2702 1174,2703 1175,2704 1175,2705 1176,2705 1428,2705 1429,2707 1429,2708 1430,2708 1431,2708 1433,2711 1433,2712 1434,2712 1435,2712 1437,2715 1437,2759 1438,2759 1614,2759 1614,2759 1614,2664 1616,2662 1621,2662 1622,2661 1622,2660 1624,2658 1736,2658 1737,2660 1737,2661 1738,2661 1739,2662 1740,2662 1741,2664 1741,2708 1742,2708 2130,2708 2130,2708 2130,2661 2133,2658 2138,2658 2138,2658 2138,2657 2140,2655 2141,2655 2142,2654 2151,2654 2152,2655 2153,2655 2154,2657 2154,2662 2155,2662 2195,2662 2196,2664 2196,2665 2197,2665 2198,2666 2199,2666 2199,2667 2199,2668 2201,2669 2202,2670 2203,2670 2204,2672 2204,2712 2205,2712 2338,2712 2339,2711 2339,2710 2340,2709 2341,2709 2342,2708 2454,2708 2454,2708 2454,2707 2456,2705 2751,2705 2751,2705 2751,2695 2753,2693 2905,2693 2905,2693 2905,2684 2908,2681 2909,2681 2909,2681 2909,2668 2911,2666 2912,2666 2913,2665 2913,2664 2915,2662 2916,2662 2917,2661 2917,2660 2918,2659 2919,2658 2920,2658 2921,2657 2921,2656 2922,2655 2923,2655 2924,2654 2924,2653 2926,2651 2927,2651 2928,2650 2928,2649 2930,2647 2958,2647 2959,2649 2959,2650 2960,2650 2961,2650 2963,2653 2963,2654 2964,2654 2965,2654 2967,2657 2967,2697 2968,2697 3267,2697 3267,2697 3267,2677 3268,2676 3268,2675 3269,2674 3270,2674 3271,2673 3271,2665 3274,2662 3275,2662 3275,2662 3275,2653 3277,2651 3278,2651 3279,2650 3279,2645 3281,2643 3284,2643 3285,2642 3306,2642 3306,2643 3306,2689 3307,2689 3309,2689 3310,2691 3310,2716 3311,2716 3312,2716 3314,2719 3314,2761 3312,2763 3311,2763 3310,2764 3310,2765 3308,2767 3307,2767 3306,2768 3306,2769 3305,2770 3300,2770 3299,2771 3299,2772 3297,2774 3222,2774 3221,2775 3221,2777 3220,2778 3215,2778 3214,2779 3214,2780 3213,2781 3213,2782 3213,2782 2992,2782 2990,2784 2990,2785 2990,2785 2989,2785 2988,2786 2772,2786 2770,2788 2770,2789 2770,2789 2769,2789 2768,2790 2336,2790 2335,2791 2335,2792 2334,2793 2333,2793 2331,2795 2331,2796 2330,2797 2325,2797 2323,2796 2323,2794 2323,2793 2224,2793 2223,2793 2223,2791 2223,2790 1974,2790 1972,2792 1972,2793 1972,2793 1720,2793 1719,2794 1718,2794 1717,2793 1230,2793 1229,2793 1229,2792 1228,2790 1203,2790 1202,2791 1202,2819 1201,2820"/><TextEquiv index="1"><Unicode>Il veut ſe tuer. Nous l'avons enfermé</Unicode></TextEquiv></TextLine><TextLine id="r0_l012"><Coords points="2579,3042 2578,3042 2578,2983 2578,2982 2403,2982 2399,2986 2364,2986 2361,2989 2361,2990 2361,2990 2078,2990 2077,2990 2077,2989 2075,2986 1823,2986 1728,2986 1725,2989 1725,2990 1725,2990 1654,2990 1653,2990 1653,2989 1651,2986 1165,2986 1163,2985 1163,2984 1162,2982 1127,2982 942,2982 939,2985 939,2986 939,2986 934,2986 931,2984 931,2983 931,2982 741,2982 739,2981 739,2980 739,2979 738,2979 735,2977 735,2976 735,2975 476,2975 472,2971 433,2971 431,2970 431,2969 430,2967 367,2967 365,2966 365,2965 364,2963 336,2963 335,2963 335,2962 333,2960 333,2959 332,2959 331,2959 331,2958 331,2957 329,2955 328,2955 327,2955 327,2954 325,2951 324,2951 323,2951 323,2950 321,2947 320,2947 319,2947 319,2946 317,2943 316,2943 315,2943 315,2930 317,2928 318,2928 319,2927 319,2915 321,2913 322,2913 323,2912 323,2907 325,2905 326,2905 326,2905 326,2904 329,2901 330,2901 330,2901 330,2900 333,2897 334,2897 334,2897 334,2892 336,2890 345,2890 346,2889 346,2884 348,2882 349,2882 350,2881 350,2880 352,2878 357,2878 357,2878 357,2842 360,2839 361,2839 361,2839 361,2834 363,2832 368,2832 369,2831 369,2830 371,2828 376,2828 377,2830 377,2831 379,2832 380,2832 380,2833 380,2834 383,2836 384,2836 384,2837 384,2838 385,2839 385,2890 386,2890 426,2890 427,2892 427,2893 428,2893 583,2893 585,2896 585,2897 586,2897 734,2897 735,2899 735,2900 737,2901 1151,2901 1151,2901 1151,2861 1153,2859 1162,2859 1163,2858 1163,2857 1165,2855 1166,2855 1167,2854 1167,2853 1169,2851 1185,2851 1186,2853 1186,2854 1188,2855 1189,2855 1190,2857 1190,2905 1191,2905 1464,2905 1464,2905 1464,2860 1465,2859 1466,2859 1472,2853 1472,2852 1473,2851 1478,2851 1479,2850 1479,2849 1481,2847 1493,2847 1494,2849 1494,2853 1497,2855 1498,2855 1498,2856 1498,2901 1499,2901 1667,2901 1668,2903 1668,2904 1670,2905 1834,2905 1834,2905 1834,2852 1835,2851 1925,2851 1926,2850 1926,2849 1927,2848 1928,2848 1929,2847 1933,2847 1934,2849 1934,2885 1936,2886 1937,2886 1938,2888 1938,2901 1939,2901 2142,2901 2142,2901 2142,2872 2143,2871 2144,2871 2146,2869 2146,2864 2147,2863 2152,2863 2154,2861 2154,2860 2155,2859 2156,2859 2158,2857 2158,2856 2159,2855 2160,2855 2162,2853 2162,2852 2163,2851 2172,2851 2173,2850 2173,2849 2175,2847 2183,2847 2184,2849 2184,2850 2186,2851 2195,2851 2196,2853 2196,2854 2198,2855 2199,2855 2199,2856 2200,2857 2200,2858 2202,2859 2203,2859 2204,2861 2204,2870 2205,2870 2206,2870 2207,2872 2207,2884 2208,2885 2208,2904 2209,2904 2385,2904 2385,2904 2385,2903 2387,2901 2441,2901 2443,2904 2443,2905 2444,2905 2654,2905 2654,2905 2654,2904 2657,2901 2758,2901 2759,2900 2759,2899 2761,2897 3028,2897 3028,2897 3028,2896 3030,2894 3031,2894 3032,2893 3105,2893 3105,2893 3105,2851 3106,2850 3106,2849 3108,2847 3109,2847 3109,2847 3109,2846 3112,2843 3117,2843 3117,2843 3117,2842 3118,2841 3119,2840 3120,2840 3121,2839 3126,2839 3127,2840 3128,2840 3129,2842 3129,2843 3130,2843 3131,2843 3133,2846 3133,2886 3134,2886 3294,2886 3294,2887 3294,2888 3297,2890 3298,2890 3298,2891 3298,2892 3301,2894 3302,2894 3302,2895 3302,2954 3300,2956 3299,2956 3298,2957 3298,2962 3297,2963 3292,2963 3291,2964 3291,2965 3289,2967 3288,2967 3287,2968 3287,2969 3285,2971 3230,2971 3229,2972 3229,2973 3227,2975 3057,2975 3056,2976 3056,3026 3055,3027 3055,3028 3055,3028 3054,3028 3053,3029 3020,3029 3019,3028 3018,3028 3017,3028 3017,3027 3016,3025 3015,3025 3013,3024 3013,2979 3013,2978 2838,2978 2837,2979 2779,2979 2778,2980 2778,2981 2777,2982 2687,2982 2686,2983 2686,3034 2685,3035 2685,3036 2685,3036 2652,3036 2651,3036 2651,3035 2649,3032 2648,3032 2647,3032 2647,2983 2647,2982 2594,2982 2593,2983 2593,3042 2593,3042"/><TextEquiv index="1"><Unicode>dans une chambre. Il eſt un peu plus</Unicode></TextEquiv></TextLine><TextLine id="r0_l013"><Coords points="2092,3237 2091,3237 2091,3236 2091,3235 1677,3235 1676,3235 1676,3224 1676,3223 706,3223 705,3223 705,3172 705,3171 587,3171 585,3170 585,3169 584,3167 444,3167 442,3166 442,3165 441,3163 440,3163 438,3162 438,3161 438,3160 330,3160 329,3159 328,3159 327,3159 327,3158 326,3156 318,3156 317,3155 316,3155 315,3155 315,3154 313,3151 312,3151 311,3151 311,3142 310,3140 309,3140 308,3139 307,3139 307,3138 307,3137 276,3137 275,3136 274,3136 273,3136 273,3119 275,3117 307,3117 307,3117 307,3108 310,3105 311,3105 311,3105 311,3100 313,3098 314,3098 315,3097 315,3092 317,3090 318,3090 319,3089 319,3088 321,3086 326,3086 327,3085 327,3084 329,3082 334,3082 334,3082 334,3081 336,3079 340,3079 341,3078 342,3078 342,3078 342,3077 344,3075 446,3075 446,3075 446,3042 448,3040 449,3040 450,3039 450,3038 452,3036 453,3036 454,3035 454,3034 456,3032 461,3032 461,3032 461,3031 464,3028 466,3031 466,3032 467,3032 468,3032 469,3034 469,3040 470,3040 850,3040 851,3042 851,3043 853,3044 2576,3044 2578,3042 2982,3042 2984,3040 3243,3040 3245,3038 3245,3037 3246,3036 3251,3036 3252,3038 3252,3039 3254,3040 3255,3040 3256,3042 3256,3043 3258,3044 3259,3044 3260,3046 3260,3047 3262,3048 3263,3048 3263,3049 3263,3050 3266,3052 3267,3052 3267,3053 3267,3054 3268,3055 3268,3086 3269,3086 3293,3086 3295,3089 3295,3090 3296,3090 3297,3090 3298,3092 3298,3155 3297,3156 3296,3156 3294,3158 3294,3159 3294,3159 3293,3159 3291,3161 3291,3162 3290,3163 3285,3163 3283,3165 3283,3166 3282,3167 3166,3167 3163,3170 3163,3171 3163,3171 3054,3171 3051,3174 3051,3175 3051,3175 2825,3175 2824,3176 2824,3190 2825,3190 3386,3190 3387,3192 3387,3193 3385,3195 3384,3195 3383,3196 3383,3201 3382,3202 3381,3202 3379,3204 3379,3205 3378,3206 2825,3206 2824,3207 2824,3224 2823,3225 2822,3225 2821,3226 2821,3227 2819,3229 2271,3229 2270,3230 2270,3237 2270,3237"/><TextEquiv index="1"><Unicode>calme dans ce moment. Je crois qu'il eſt</Unicode></TextEquiv></TextLine><TextLine id="r0_l014"><Coords points="2084,3422 2083,3422 2083,3365 2083,3364 1908,3364 1907,3365 1907,3394 1906,3395 1901,3395 1899,3394 1899,3365 1899,3364 1822,3364 1821,3365 1821,3419 1821,3419 1808,3419 1807,3419 1807,3365 1807,3364 1785,3364 1784,3365 1784,3366 1782,3368 1778,3368 1776,3367 1776,3366 1775,3364 1261,3364 1259,3363 1259,3362 1258,3360 941,3360 940,3360 940,3359 938,3356 853,3356 850,3354 850,3353 850,3352 626,3352 623,3355 623,3356 623,3356 602,3356 600,3355 600,3354 599,3352 313,3352 311,3351 311,3350 310,3348 301,3348 300,3348 300,3347 298,3344 297,3344 296,3344 296,3339 295,3337 294,3337 292,3336 292,3269 293,3268 294,3268 295,3267 303,3267 304,3266 304,3265 305,3264 306,3264 307,3263 307,3262 309,3260 314,3260 319,3266 319,3271 320,3271 569,3271 569,3271 569,3232 570,3231 570,3230 571,3229 572,3229 573,3228 573,3228 573,3227 575,3225 584,3225 585,3224 585,3223 587,3221 595,3221 597,3223 716,3223 718,3225 896,3225 897,3227 897,3263 898,3263 991,3263 992,3264 993,3264 993,3265 993,3266 995,3267 996,3267 997,3269 997,3279 998,3279 1073,3279 1077,3283 1443,3283 1444,3282 1444,3281 1446,3279 1448,3279 1448,3280 1448,3281 1449,3282 1449,3283 1450,3283 1671,3283 1671,3283 1671,3241 1672,3240 1672,3238 1673,3237 1674,3237 1676,3235 1683,3235 1683,3236 1683,3283 1684,3283 1783,3283 1783,3284 1783,3285 1786,3287 1995,3287 1995,3287 1995,3240 1996,3239 1996,3238 1997,3237 1998,3237 1999,3236 2161,3236 2161,3236 2161,3235 2163,3233 2188,3233 2188,3234 2188,3235 2190,3236 2369,3236 2369,3236 2369,3235 2371,3233 2380,3233 2381,3235 2381,3240 2382,3240 2383,3240 2385,3243 2385,3260 2386,3260 2431,3260 2431,3261 2431,3290 2432,3290 2596,3290 2597,3289 2597,3288 2598,3287 2607,3287 2608,3286 2608,3285 2610,3283 2619,3283 2620,3285 2620,3286 2622,3287 2693,3287 2693,3288 2693,3289 2694,3289 2851,3289 2851,3289 2851,3246 2853,3244 2854,3244 2855,3243 2855,3242 2856,3241 2857,3241 2858,3240 2917,3240 2917,3240 2917,3238 2918,3237 2936,3237 2937,3236 3040,3236 3040,3236 3040,3235 3042,3233 3050,3233 3052,3231 3052,3230 3053,3229 3078,3229 3078,3230 3078,3231 3081,3233 3082,3233 3082,3234 3082,3235 3085,3237 3086,3237 3086,3238 3086,3287 3087,3287 3243,3287 3244,3286 3244,3266 3246,3264 3247,3264 3248,3263 3250,3263 3254,3267 3262,3267 3264,3270 3264,3286 3266,3287 3290,3287 3291,3289 3291,3290 3293,3291 3294,3291 3294,3292 3294,3293 3295,3294 3294,3295 3294,3302 3294,3302 3292,3302 3291,3303 3291,3358 3281,3368 3204,3368 3202,3370 3202,3371 3202,3371 3199,3371 3198,3371 3198,3370 3197,3368 2899,3368 2897,3370 2897,3371 2897,3371 2896,3371 2895,3372 2885,3372 2884,3371 2883,3371 2882,3371 2882,3370 2881,3368 2691,3368 2689,3370 2689,3371 2689,3371 2688,3371 2687,3372 2673,3372 2672,3371 2671,3371 2670,3371 2670,3370 2669,3368 2414,3368 2412,3367 2412,3366 2411,3364 2094,3364 2093,3365 2093,3422 2093,3422"/><TextEquiv index="1"><Unicode>tombé de nouveau en défaillance. Il faut</Unicode></TextEquiv></TextLine><TextLine id="r0_l015"><Coords points="1115,3607 1113,3606 1113,3584 1113,3583 945,3583 943,3582 943,3581 943,3580 942,3580 939,3578 939,3554 939,3553 776,3553 774,3552 774,3551 773,3549 606,3549 604,3548 604,3547 603,3545 390,3545 389,3545 389,3544 387,3541 290,3541 288,3540 288,3412 290,3410 299,3410 299,3410 299,3409 302,3406 310,3406 311,3408 311,3409 313,3410 314,3410 315,3412 315,3414 316,3414 569,3414 569,3415 569,3416 570,3417 570,3418 571,3418 2230,3418 2231,3420 2231,3421 2232,3421 2706,3421 2707,3422 2708,3422 2709,3424 2709,3425 2710,3425 2711,3425 2712,3427 2712,3428 2713,3429 2713,3441 2714,3441 3560,3441 3560,3442 3560,3452 3560,3452 3559,3452 3557,3454 3557,3455 3556,3456 2714,3456 2713,3457 2713,3472 2714,3472 2854,3472 2855,3474 2855,3475 2856,3475 3281,3475 3283,3478 3283,3479 3284,3479 3285,3479 3287,3482 3287,3483 3288,3483 3289,3483 3291,3486 3291,3489 3290,3490 3290,3491 3290,3491 3285,3491 3283,3493 3283,3494 3282,3495 3281,3495 3279,3497 3279,3498 3278,3499 3276,3499 3275,3500 3275,3556 3275,3556 3274,3556 3273,3557 2972,3557 2971,3558 2971,3570 2970,3571 2970,3572 2970,3572 2969,3572 2967,3574 2967,3578 2965,3580 2961,3580 2959,3582 2959,3590 2954,3595 2953,3595 2952,3596 2952,3597 2950,3599 2938,3599 2936,3598 2936,3573 2936,3572 1122,3572 1121,3573 1121,3605 1119,3607"/><TextEquiv index="1"><Unicode>l'enlever, le ſouſtraire à la Juſtice; car</Unicode></TextEquiv></TextLine><TextLine id="r0_l016"><Coords points="2521,3806 2520,3806 2520,3749 2520,3748 2516,3748 2515,3749 2503,3749 2500,3752 2500,3753 2500,3753 2495,3753 2492,3751 2492,3750 2492,3749 1931,3749 1930,3750 1930,3752 1929,3753 1928,3753 1926,3755 1926,3764 1926,3764 1925,3764 1924,3765 1922,3767 1922,3768 1922,3768 1921,3768 1918,3771 1918,3772 1918,3772 1913,3772 1911,3774 1911,3775 1910,3776 1901,3776 1899,3778 1899,3779 1898,3780 1893,3780 1892,3780 1892,3779 1890,3776 1889,3776 1888,3776 1888,3775 1887,3774 1887,3750 1887,3749 1689,3749 1687,3748 1687,3747 1686,3745 1408,3745 1407,3746 1406,3746 1405,3745 1126,3745 1124,3744 1124,3743 1124,3742 717,3742 716,3743 716,3748 715,3749 714,3749 712,3751 712,3756 711,3757 710,3757 708,3759 708,3760 707,3761 706,3761 704,3763 704,3764 703,3765 694,3765 693,3766 693,3767 691,3769 680,3769 677,3767 677,3739 677,3738 459,3738 458,3739 458,3740 457,3741 455,3741 454,3741 454,3740 453,3738 313,3738 311,3737 311,3736 302,3726 298,3726 296,3725 296,3721 294,3718 293,3718 292,3718 292,3701 291,3699 290,3699 288,3698 288,3674 290,3672 291,3672 292,3671 292,3670 294,3668 299,3668 299,3668 300,3667 300,3662 301,3661 302,3661 303,3660 307,3660 307,3660 307,3659 309,3657 318,3657 319,3656 319,3655 321,3653 458,3653 458,3653 458,3643 460,3641 461,3641 461,3641 461,3633 462,3632 462,3631 463,3630 464,3630 465,3629 465,3625 466,3624 466,3623 467,3622 468,3622 470,3620 470,3619 471,3618 472,3618 473,3617 473,3616 475,3614 480,3614 481,3613 481,3612 482,3611 483,3611 485,3609 485,3608 486,3607 491,3607 492,3606 492,3605 494,3603 512,3603 512,3603 512,3596 513,3595 518,3595 522,3599 523,3599 523,3600 523,3660 524,3660 556,3660 558,3663 558,3664 559,3664 603,3664 604,3666 604,3667 606,3668 607,3668 608,3669 787,3669 788,3668 789,3668 789,3668 789,3663 792,3660 793,3660 793,3660 793,3655 795,3653 796,3653 797,3652 797,3647 799,3645 800,3645 801,3644 801,3635 802,3634 803,3634 805,3632 805,3631 806,3630 807,3630 809,3628 809,3627 810,3626 811,3626 812,3625 812,3624 814,3622 815,3622 816,3621 816,3620 818,3618 819,3618 820,3617 820,3616 822,3614 827,3614 828,3613 828,3612 830,3610 843,3610 843,3610 843,3609 845,3607 849,3607 851,3605 851,3604 852,3603 858,3603 858,3604 858,3605 859,3606 859,3610 860,3610 861,3610 862,3612 862,3664 863,3664 1024,3664 1024,3664 1024,3659 1026,3657 1035,3657 1036,3659 1036,3664 1037,3664 1236,3664 1236,3664 1236,3616 1237,3615 1238,3615 1239,3614 1243,3614 1244,3613 1244,3612 1245,3611 1246,3611 1247,3610 1258,3610 1259,3612 1259,3614 1260,3614 1297,3614 1298,3616 1298,3617 1304,3622 1305,3622 1305,3623 1305,3624 1306,3625 1306,3633 1308,3634 1309,3634 1309,3635 1309,3636 1310,3637 1310,3653 1311,3653 1533,3653 1533,3653 1533,3647 1535,3645 1536,3645 1537,3644 1537,3631 1538,3630 1539,3630 1541,3628 1541,3624 1543,3622 1544,3622 1544,3622 1544,3621 1545,3620 1545,3616 1547,3614 1548,3614 1548,3614 1548,3613 1551,3610 1554,3610 1555,3611 1556,3611 1556,3612 1556,3613 1559,3615 1560,3615 1560,3616 1560,3617 1562,3618 1563,3618 1564,3620 1564,3625 1566,3626 1567,3626 1568,3628 1568,3633 1570,3634 1571,3634 1572,3636 1572,3641 1573,3641 1574,3641 1576,3644 1576,3645 1577,3645 1578,3645 1579,3647 1579,3664 1580,3664 1756,3664 1756,3664 1756,3621 1759,3618 1760,3618 1760,3618 1760,3617 1763,3614 1778,3614 1780,3617 1780,3649 1781,3649 1829,3649 1830,3651 1830,3652 1832,3653 1833,3653 1834,3655 1834,3656 1836,3657 1841,3657 1841,3658 1841,3672 1842,3672 1848,3672 1849,3674 1849,3676 1850,3676 2029,3676 2030,3675 2030,3674 2032,3672 2037,3672 2038,3671 2038,3670 2040,3668 2496,3668 2496,3668 2496,3667 2499,3664 2503,3664 2504,3666 2504,3667 2506,3668 2951,3668 2951,3668 2951,3667 2954,3664 3098,3664 3098,3664 3098,3620 3100,3618 3101,3618 3102,3617 3102,3616 3104,3614 3116,3614 3117,3616 3117,3617 3119,3618 3120,3618 3121,3620 3121,3664 3122,3664 3181,3664 3183,3667 3183,3668 3184,3668 3282,3668 3282,3669 3282,3670 3285,3672 3286,3672 3287,3674 3287,3682 3285,3684 3284,3684 3283,3685 3283,3690 3282,3691 3276,3691 3275,3692 3275,3749 3275,3749 3185,3749 3182,3752 3182,3753 3182,3753 2764,3753 2763,3753 2763,3752 2761,3749 2695,3749 2694,3748 2528,3748 2527,3749 2527,3806 2527,3806"/><TextEquiv index="1"><Unicode>enfin, ſi on l'arrêtoit, comme meurtrier</Unicode></TextEquiv></TextLine><TextLine id="r0_l017"><Coords points="1336,4004 1335,4004 1335,3994 1335,3993 756,3993 755,3993 755,3935 755,3934 525,3934 523,3933 523,3932 522,3930 394,3930 392,3929 392,3928 392,3927 310,3927 307,3925 307,3924 307,3923 302,3923 300,3922 300,3921 299,3919 298,3919 296,3918 296,3917 295,3915 294,3915 292,3914 292,3913 291,3912 291,3911 290,3911 288,3910 288,3878 289,3877 290,3877 292,3875 292,3871 300,3863 300,3859 302,3857 307,3857 307,3857 307,3856 310,3853 314,3853 315,3852 315,3851 316,3850 317,3850 318,3849 326,3849 326,3849 326,3799 327,3798 327,3797 329,3795 334,3795 334,3795 334,3794 336,3792 337,3792 338,3791 581,3791 581,3791 581,3790 583,3788 585,3788 586,3787 587,3788 588,3788 589,3790 589,3803 590,3803 2095,3803 2095,3804 2095,3805 2097,3806 2527,3806 2528,3807 2600,3807 2600,3808 2600,3809 2603,3811 3028,3811 3028,3812 3028,3813 3031,3815 3036,3815 3036,3816 3036,3865 3037,3865 3259,3865 3260,3867 3260,3868 3262,3869 3263,3869 3264,3871 3264,3872 3265,3872 3269,3872 3270,3873 3271,3873 3271,3874 3271,3875 3274,3877 3275,3877 3275,3878 3275,3887 3277,3888 3278,3888 3279,3890 3279,3933 3278,3934 3277,3934 3275,3936 3275,3937 3274,3938 3273,3938 3272,3939 3272,3940 3270,3942 3265,3942 3264,3943 3264,3944 3262,3946 3261,3946 3260,3947 3260,3948 3258,3950 3257,3950 3256,3951 3256,3952 3254,3954 2535,3954 2534,3955 2534,3965 2535,3965 3594,3965 3595,3967 3595,3976 3595,3976 3594,3976 3593,3977 2535,3977 2534,3978 2534,4001 2534,4001 1615,4001 1614,4002 1614,4003 1614,4003 1358,4003 1357,4004"/><TextEquiv index="1"><Unicode>de ſa mère, jugez quel ſupplice. Il ne</Unicode></TextEquiv></TextLine><TextLine id="r0_l018"><Coords points="1756,4193 1755,4192 1754,4192 1753,4192 1753,4191 1752,4189 1748,4189 1747,4188 1746,4188 1745,4188 1745,4136 1745,4135 1276,4135 1275,4136 1275,4137 1273,4139 1272,4139 1271,4140 1271,4149 1270,4150 1269,4150 1268,4151 1267,4152 1267,4153 1266,4154 1265,4154 1263,4156 1263,4157 1262,4158 1253,4158 1252,4159 1252,4160 1250,4162 1243,4162 1242,4161 1241,4161 1240,4161 1240,4160 1239,4158 1238,4158 1236,4157 1236,4132 1236,4131 1080,4131 1078,4133 1078,4134 1077,4135 1018,4135 1017,4136 1017,4183 1015,4185 976,4185 974,4184 974,4136 974,4135 873,4135 872,4134 871,4134 870,4134 870,4133 869,4131 618,4131 616,4130 616,4129 615,4127 560,4127 558,4126 558,4125 557,4123 348,4123 346,4122 346,4121 345,4119 286,4119 284,4118 284,4110 287,4107 288,4107 288,4107 288,3990 290,3988 299,3988 300,3987 300,3986 302,3984 303,3984 303,3984 303,3983 306,3980 313,3980 314,3981 315,3981 315,3982 315,4038 316,4038 372,4038 373,4040 373,4041 375,4042 380,4042 380,4043 380,4044 383,4046 631,4046 631,4046 631,4033 634,4030 635,4030 635,4030 635,4025 637,4023 638,4023 639,4022 639,4013 641,4011 642,4011 643,4010 643,3997 644,3996 645,3996 647,3994 647,3993 648,3992 657,3992 658,3993 762,3993 762,3994 762,3995 764,3996 765,3996 766,3998 766,3999 768,4000 769,4000 770,4002 770,4042 771,4042 807,4042 809,4045 809,4046 810,4046 811,4046 812,4048 812,4050 813,4050 1158,4050 1159,4049 1159,4048 1161,4046 1162,4046 1162,4046 1163,4045 1163,4044 1165,4042 1166,4042 1167,4044 1167,4045 1169,4046 1174,4046 1174,4047 1174,4048 1177,4050 1332,4050 1332,4050 1332,4007 1333,4006 1333,4005 1334,4004 1394,4004 1394,4004 1394,3998 1396,3996 1397,3996 1398,3995 1398,3994 1400,3992 1401,3992 1402,3994 1402,3995 1403,3995 1404,3996 1405,3996 1406,3998 1406,4003 1407,4003 1408,4003 1410,4006 1410,4054 1411,4054 1525,4054 1525,4055 1525,4056 1527,4057 1591,4057 1591,4057 1591,4009 1592,4008 1593,4008 1594,4007 1606,4007 1606,4007 1606,4004 1607,4003 1614,4003 1614,4004 1614,4057 1615,4057 1756,4057 1757,4056 1757,4055 1758,4054 1814,4054 1814,4054 1814,4052 1816,4050 1822,4050 1822,4051 1822,4054 1823,4054 1949,4054 1949,4055 1949,4056 1951,4057 2134,4057 2134,4057 2134,4056 2136,4054 2284,4054 2284,4054 2284,4007 2285,4006 2285,4005 2286,4004 2291,4004 2292,4003 2292,4002 2294,4000 2303,4000 2304,4002 2304,4003 2305,4003 2306,4003 2308,4006 2308,4054 2309,4054 2481,4054 2481,4054 2481,4017 2483,4015 2484,4015 2484,4015 2485,4014 2485,4013 2486,4012 2487,4012 2489,4010 2489,4009 2490,4008 2491,4008 2492,4007 2523,4007 2524,4006 2524,4005 2525,4004 2526,4004 2527,4003 2527,4002 2528,4001 2535,4001 2537,4003 2548,4003 2549,4004 2550,4004 2551,4006 2551,4007 2552,4007 2584,4007 2585,4009 2585,4010 2586,4011 2587,4011 2588,4011 2589,4013 2589,4038 2590,4038 2592,4038 2593,4040 2593,4057 2594,4057 2994,4057 2994,4057 2994,4009 2996,4007 3001,4007 3001,4007 3001,4006 3003,4004 3004,4004 3005,4003 3014,4003 3015,4004 3016,4004 3017,4006 3017,4007 3018,4007 3019,4007 3021,4010 3021,4054 3022,4054 3078,4054 3079,4056 3079,4057 3080,4057 3258,4057 3260,4060 3260,4061 3261,4061 3262,4061 3264,4064 3264,4065 3265,4065 3266,4065 3267,4067 3267,4068 3268,4069 3268,4127 3269,4127 3270,4127 3271,4129 3271,4133 3274,4135 3275,4135 3275,4136 3275,4141 3277,4142 3278,4142 3279,4144 3279,4146 3279,4146 3278,4146 3277,4147 3276,4147 3275,4148 3275,4149 3274,4150 3273,4150 3271,4152 3271,4161 3270,4162 3269,4162 3267,4164 3267,4165 3267,4165 3266,4165 3265,4166 3261,4166 3260,4167 3260,4172 3259,4173 3258,4173 3256,4175 3256,4176 3255,4177 3250,4177 3248,4179 3248,4180 3247,4181 3246,4181 3244,4183 3244,4184 3243,4185 3238,4185 3237,4186 3237,4187 3235,4189 3232,4187 3232,4186 3232,4185 3231,4185 3229,4184 3229,4143 3229,4142 3069,4142 3067,4141 3067,4140 3067,4139 2927,4139 2924,4137 2924,4136 2924,4135 2741,4135 2740,4136 2740,4137 2739,4138 2630,4138 2629,4139 2494,4139 2493,4140 2493,4141 2492,4142 2483,4142 2481,4141 2481,4140 2481,4139 2245,4139 2244,4138 2048,4138 2047,4139 1785,4139 1784,4140 1784,4191 1783,4192 1782,4192 1781,4193"/><TextEquiv index="1"><Unicode>le mérite pas, il n'a pas voulu l'immoler;</Unicode></TextEquiv></TextLine><TextLine id="r0_l019"><Coords points="1997,4388 1996,4387 1993,4387 1992,4387 1992,4332 1992,4331 1912,4331 1911,4332 1911,4345 1909,4347 1908,4347 1907,4348 1907,4353 1905,4355 1904,4355 1903,4356 1903,4361 1902,4362 1901,4362 1900,4363 1899,4364 1899,4365 1898,4366 1897,4366 1896,4367 1895,4368 1895,4369 1894,4370 1889,4370 1888,4371 1888,4372 1886,4374 1884,4373 1884,4372 1883,4370 1882,4370 1880,4369 1880,4332 1880,4331 1512,4331 1508,4327 1442,4327 1441,4327 1441,4326 1440,4324 1432,4324 1431,4323 1258,4323 1257,4324 1253,4324 1252,4325 1252,4326 1251,4327 1234,4327 1232,4326 1232,4325 1232,4324 1095,4324 1094,4325 1094,4384 1094,4384 1083,4384 1082,4384 1082,4325 1082,4324 1049,4324 1047,4326 1047,4327 1047,4327 968,4327 966,4326 966,4325 966,4324 860,4324 760,4324 758,4326 758,4327 758,4327 702,4327 701,4327 701,4326 700,4324 457,4324 456,4323 312,4323 311,4323 311,4321 311,4320 306,4320 303,4318 303,4317 303,4316 302,4316 299,4314 299,4313 299,4312 298,4312 296,4311 296,4310 295,4308 290,4308 288,4307 288,4306 287,4304 286,4304 284,4303 284,4294 284,4293 283,4293 280,4291 280,4287 282,4285 283,4285 284,4284 284,4272 287,4269 288,4269 288,4269 288,4252 290,4250 291,4250 292,4249 292,4248 293,4247 294,4247 296,4245 296,4244 297,4243 298,4243 299,4242 303,4242 304,4241 304,4240 305,4239 306,4239 307,4238 307,4237 309,4235 353,4235 353,4235 353,4192 354,4191 354,4190 355,4189 356,4189 358,4187 358,4186 359,4185 364,4185 365,4184 365,4183 367,4181 376,4181 377,4183 377,4188 378,4188 411,4188 412,4189 419,4189 419,4190 419,4235 420,4235 639,4235 639,4235 639,4194 640,4193 641,4193 643,4191 643,4190 644,4189 645,4189 646,4188 654,4188 654,4188 654,4187 656,4185 665,4185 666,4187 666,4188 667,4188 802,4188 803,4189 804,4189 805,4191 805,4192 806,4192 807,4192 808,4194 808,4195 809,4196 809,4242 810,4242 1053,4242 1054,4243 1055,4243 1055,4244 1055,4245 1057,4246 1225,4246 1225,4246 1225,4194 1227,4192 1246,4192 1248,4195 1248,4199 1252,4203 1252,4266 1253,4266 1420,4266 1421,4265 1421,4260 1423,4258 1424,4258 1425,4257 1425,4256 1427,4254 1428,4254 1429,4253 1429,4252 1431,4250 1436,4250 1437,4249 1437,4248 1439,4246 1444,4246 1444,4246 1444,4245 1446,4243 1447,4243 1448,4242 1579,4242 1579,4242 1579,4241 1581,4239 1641,4239 1641,4240 1641,4241 1645,4245 1645,4246 1646,4246 1884,4246 1884,4246 1884,4206 1886,4204 1887,4204 1887,4204 1887,4203 1890,4200 2126,4200 2126,4200 2126,4199 2129,4196 2141,4196 2142,4198 2142,4199 2144,4200 2145,4200 2146,4202 2146,4227 2147,4227 2168,4227 2169,4229 2169,4250 2170,4250 2291,4250 2292,4252 2292,4253 2293,4253 2294,4254 2295,4254 2296,4256 2296,4257 2297,4257 2298,4258 2299,4258 2300,4260 2300,4261 2302,4262 2303,4262 2304,4264 2304,4269 2305,4269 2306,4269 2308,4272 2308,4296 2309,4296 2340,4296 2341,4297 2342,4297 2342,4298 2342,4299 2344,4300 2345,4300 2346,4302 2346,4311 2347,4311 2348,4311 2349,4312 2530,4312 2531,4311 2531,4310 2533,4308 2534,4308 2535,4307 2535,4306 2537,4304 2538,4304 2539,4303 2539,4302 2540,4301 2541,4301 2543,4299 2543,4287 2545,4285 2546,4285 2547,4284 2547,4275 2549,4273 2550,4273 2550,4273 2550,4269 2551,4268 2551,4267 2552,4266 2553,4266 2554,4265 2554,4257 2555,4256 2555,4255 2556,4254 2557,4254 2558,4253 2558,4241 2560,4239 2561,4239 2562,4238 2562,4229 2564,4227 2570,4227 2570,4227 2570,4206 2572,4204 2573,4204 2573,4204 2573,4203 2576,4200 2665,4200 2666,4199 2666,4198 2667,4197 2668,4197 2669,4196 2676,4196 2682,4203 2682,4250 2683,4250 2707,4250 2709,4253 2709,4254 2710,4254 2715,4254 2716,4256 2716,4257 2717,4258 2718,4258 2719,4258 2720,4260 2720,4261 2722,4262 2723,4262 2724,4264 2724,4304 2725,4304 2940,4304 2940,4304 2940,4260 2942,4258 2943,4258 2943,4258 2943,4257 2946,4254 3102,4254 3102,4254 3102,4225 3104,4223 3109,4223 3109,4224 3109,4254 3110,4254 3201,4254 3202,4256 3202,4258 3203,4258 3247,4258 3248,4260 3248,4261 3250,4262 3255,4262 3256,4264 3256,4315 3258,4316 3259,4316 3260,4317 3260,4318 3260,4319 3262,4320 3263,4320 3263,4321 3264,4322 3264,4323 3265,4323 3266,4323 3267,4325 3267,4330 3269,4331 3270,4331 3271,4333 3271,4335 3271,4335 3215,4335 3214,4336 3214,4360 3213,4361 3213,4362 3213,4362 3208,4362 3206,4361 3206,4332 3206,4331 2833,4331 2832,4332 2832,4346 2832,4346 2831,4346 2824,4353 2824,4357 2819,4362 2815,4362 2812,4365 2812,4366 2812,4366 2799,4366 2797,4365 2797,4364 2796,4362 2795,4362 2793,4361 2793,4332 2793,4331 2587,4331 2585,4330 2585,4329 2584,4327 2521,4327 2520,4327 2520,4326 2518,4323 2484,4323 2345,4323 2344,4324 2340,4324 2339,4325 2339,4326 2338,4327 2291,4327 2288,4330 2288,4331 2288,4331 2004,4331 2003,4332 2003,4388 2003,4388"/><TextEquiv index="1"><Unicode>elle lui rend cette juſtice. Ah, mon</Unicode></TextEquiv></TextLine><TextLine id="r0_l020"><Coords points="131,4566 130,4566 130,4565 126,4561 126,4560 126,4559 125,4559 122,4557 125,4554 126,4554 126,4554 126,4553 128,4551 276,4551 276,4551 276,4438 279,4435 280,4435 280,4435 280,4434 283,4431 1059,4431 1059,4431 1059,4421 1060,4420 1061,4420 1065,4416 1066,4416 1066,4416 1066,4415 1067,4414 1067,4410 1069,4408 1070,4408 1070,4408 1070,4403 1072,4401 1073,4401 1074,4400 1074,4395 1076,4393 1077,4393 1078,4392 1078,4387 1080,4385 1081,4385 1082,4384 1094,4384 1095,4385 2492,4385 2493,4387 2493,4388 2495,4389 2538,4389 2539,4391 2539,4392 2541,4393 2542,4393 2543,4395 2543,4424 2544,4424 2858,4424 2859,4426 2859,4435 2860,4435 3278,4435 3279,4437 3279,4442 3278,4443 2940,4443 2939,4444 2940,4445 2940,4446 2942,4447 3078,4447 3078,4448 3078,4449 3081,4451 3082,4451 3082,4452 3082,4453 3083,4454 3083,4489 3084,4489 3116,4489 3117,4491 3117,4493 3118,4493 3205,4493 3206,4495 3206,4497 3207,4497 3247,4497 3248,4499 3248,4500 3250,4501 3251,4501 3252,4503 3252,4504 3253,4504 3254,4504 3256,4507 3256,4508 3257,4508 3258,4508 3260,4511 3260,4519 3259,4520 3258,4520 3256,4522 3256,4523 3255,4524 3254,4524 3252,4526 3252,4527 3251,4528 3246,4528 3245,4529 3245,4530 3243,4532 2973,4532 2971,4531 2971,4530 2970,4528 1921,4528 1918,4526 1918,4525 1918,4524 628,4524 627,4525 627,4535 627,4535 626,4535 625,4536 316,4536 315,4537 315,4566 315,4566"/><TextEquiv index="1"><Unicode>pauvre maître! il eſt bien malheureux....</Unicode></TextEquiv></TextLine><TextLine id="r0_l021"><Coords points="289,4756 3253,4756 3253,4937 289,4937"/><TextEquiv index="1"><Unicode></Unicode></TextEquiv></TextLine><TextLine id="r0_l022"><Coords points="274,5122 3561,5122 3561,5338 274,5338"/><TextEquiv index="1"><Unicode>Dumoulin, à Sénac &amp; Touſſaint ſes amis.</Unicode></TextEquiv></TextLine><TextLine id="r0_l023"><Coords points="2178,5448 2925,5448 2925,5639 2178,5639"/><TextEquiv index="1"><Unicode>Chamberri.</Unicode></TextEquiv></TextLine><TextLine id="r0_l024"><Coords points="285,5899 284,5899 284,5812 284,5811 282,5811 280,5810 280,5809 279,5807 274,5807 273,5807 273,5806 272,5804 256,5804 253,5802 253,5795 254,5794 254,5793 255,5792 256,5792 257,5791 257,5790 259,5788 276,5788 276,5788 276,5787 279,5784 298,5784 300,5787 300,5788 301,5788 391,5788 392,5790 392,5791 394,5792 395,5792 396,5794 396,5795 398,5796 399,5796 400,5798 400,5806 398,5808 397,5808 396,5809 396,5810 395,5811 362,5811 361,5812 361,5818 360,5819 359,5819 358,5820 358,5821 357,5822 357,5897 357,5897 347,5897 346,5898 338,5898 337,5899"/><TextEquiv index="1"><Unicode>L</Unicode></TextEquiv></TextLine><TextLine id="r0_l025"><Coords points="2560,6148 2559,6148 2559,6125 2559,6124 1502,6124 1501,6123 1500,6123 1498,6122 1498,6118 1498,6117 567,6117 566,6117 566,6067 566,6066 325,6066 323,6065 323,6064 322,6062 259,6062 258,6062 258,6061 256,6058 255,6058 254,6058 254,6057 253,6056 253,6045 256,6042 261,6042 261,6042 261,6041 262,6040 263,6039 264,6039 265,6038 296,6038 296,6038 296,5975 298,5973 299,5973 300,5972 300,5932 301,5931 301,5922 312,5911 313,5911 316,5908 317,5908 319,5906 320,5906 322,5904 323,5904 324,5903 325,5903 326,5902 327,5902 328,5901 330,5901 331,5900 332,5900 333,5899 337,5899 338,5898 346,5898 347,5897 357,5897 357,5898 357,5911 358,5912 358,5931 359,5931 700,5931 700,5932 700,5933 702,5934 706,5934 707,5935 708,5935 708,5936 708,5937 710,5938 1501,5938 1502,5940 1502,5942 1503,5942 3139,5942 3140,5944 3140,5996 3141,5996 3201,5996 3202,5998 3202,5999 3204,6000 3209,6000 3209,6001 3209,6002 3212,6004 3213,6004 3213,6005 3213,6006 3216,6008 3217,6008 3217,6009 3217,6010 3220,6012 3221,6012 3221,6013 3221,6018 3224,6020 3225,6020 3225,6021 3225,6050 3226,6050 3240,6050 3240,6051 3240,6054 3240,6054 3230,6054 3229,6055 3229,6072 3227,6074 3226,6074 3225,6075 3225,6076 3224,6077 3219,6077 3218,6078 3218,6079 3216,6081 3212,6081 3209,6084 3209,6085 3209,6085 3026,6085 3025,6086 3025,6087 3023,6089 2879,6089 2878,6090 2878,6100 2879,6100 3278,6100 3279,6102 3279,6107 3278,6108 2879,6108 2878,6109 2878,6134 2877,6135 2876,6135 2875,6136 2874,6137 2874,6138 2873,6139 2574,6139 2573,6140 2573,6148 2573,6148"/><TextEquiv index="1"><Unicode>Il eſt en sûreté, mes amis. Ah, quelle</Unicode></TextEquiv></TextLine><TextLine id="r0_l026"><Coords points="1881,6289 1880,6289 1880,6288 1878,6285 1754,6285 1692,6285 1691,6286 1691,6288 1690,6289 1423,6289 1421,6288 1421,6287 1420,6285 1199,6285 1198,6285 1198,6283 1198,6282 1043,6282 1042,6281 1041,6281 1040,6281 1040,6280 1039,6278 969,6278 966,6276 966,6275 966,6274 880,6274 878,6273 878,6272 877,6270 872,6270 870,6269 870,6268 869,6266 749,6266 741,6258 621,6258 620,6258 620,6257 619,6255 611,6255 610,6254 609,6254 608,6254 608,6252 608,6251 487,6251 485,6250 485,6248 485,6247 371,6247 369,6246 369,6245 368,6243 252,6243 246,6238 246,6229 247,6228 248,6228 249,6227 253,6227 253,6227 253,6118 256,6115 257,6115 257,6115 257,6114 259,6112 260,6112 261,6111 261,6110 263,6108 283,6108 284,6110 284,6162 285,6162 310,6162 312,6165 312,6166 313,6166 562,6166 562,6166 562,6121 563,6120 564,6120 567,6117 573,6117 575,6119 621,6119 622,6120 623,6120 623,6121 623,6122 625,6123 710,6123 711,6124 712,6124 712,6125 712,6126 715,6128 716,6128 716,6129 716,6181 717,6181 772,6181 780,6189 785,6189 785,6190 785,6193 786,6193 900,6193 901,6195 901,6196 903,6197 1112,6197 1113,6196 1206,6196 1207,6197 1209,6197 1209,6198 1209,6199 1211,6200 1533,6200 1533,6200 1533,6168 1535,6166 1543,6166 1545,6164 1545,6163 1546,6162 1559,6162 1560,6164 1560,6208 1561,6208 1764,6208 1764,6208 1764,6207 1767,6204 1933,6204 1934,6203 1934,6202 1935,6201 1936,6201 1937,6200 1943,6200 1944,6201 1945,6201 1945,6202 1945,6203 1947,6204 1952,6204 1953,6206 1953,6207 1955,6208 2234,6208 2234,6208 2234,6207 2237,6204 2245,6204 2246,6203 2246,6202 2247,6201 2250,6201 2250,6202 2250,6203 2252,6204 2477,6204 2477,6204 2477,6203 2478,6202 2480,6200 2481,6200 2481,6200 2481,6152 2483,6150 2484,6150 2488,6146 2500,6146 2500,6146 2500,6145 2502,6143 2508,6143 2508,6144 2508,6145 2511,6147 2512,6147 2513,6148 2574,6148 2574,6149 2574,6150 2575,6150 2576,6150 2578,6153 2578,6154 2579,6154 2580,6154 2581,6156 2581,6160 2582,6161 2582,6162 2583,6162 2584,6162 2585,6164 2585,6168 2589,6172 2589,6176 2591,6177 2592,6177 2593,6179 2593,6200 2594,6200 2735,6200 2735,6200 2735,6199 2737,6197 2739,6197 2740,6199 2740,6200 2741,6200 2803,6200 2804,6201 2805,6201 2805,6202 2805,6204 2806,6204 2993,6204 2994,6203 2994,6202 2995,6201 2996,6201 2997,6200 3001,6200 3002,6199 3002,6198 3003,6197 3070,6197 3071,6199 3071,6200 3072,6200 3119,6200 3125,6207 3125,6211 3127,6212 3128,6212 3128,6213 3128,6214 3129,6215 3129,6220 3130,6220 3213,6220 3213,6221 3213,6222 3216,6224 3217,6224 3217,6225 3217,6238 3212,6243 3204,6243 3202,6245 3202,6246 3201,6247 3138,6247 3137,6248 3137,6271 3136,6272 3136,6273 3135,6274 3134,6274 3133,6275 3133,6276 3131,6278 3022,6278 3021,6279 3021,6280 3019,6282 3011,6282 3009,6284 3009,6285 3009,6285 3007,6285 3005,6284 3005,6283 3005,6282 2355,6282 2354,6283 2354,6284 2353,6285 2252,6285 2250,6287 2250,6288 2249,6289"/><TextEquiv index="1"><Unicode>horrible aventure! vous avez dû en en-</Unicode></TextEquiv></TextLine><TextLine id="r0_l027"><Coords points="2041,6552 2040,6551 2039,6551 2038,6551 2038,6491 2038,6490 1630,6490 1629,6491 1629,6535 1628,6536 1627,6536 1626,6537 1626,6538 1624,6540 1582,6540 1575,6534 1575,6487 1575,6486 1377,6486 1375,6488 1375,6489 1375,6489 1374,6489 1373,6490 1303,6490 1302,6491 1302,6535 1301,6536 1300,6536 1299,6537 1298,6538 1298,6539 1297,6540 1258,6540 1255,6538 1255,6537 1255,6536 1254,6536 1250,6532 1249,6532 1248,6532 1248,6514 1248,6513 1131,6513 1124,6507 1124,6483 1124,6482 995,6482 994,6482 994,6481 988,6474 748,6474 747,6475 747,6511 741,6517 730,6517 727,6515 727,6514 727,6513 703,6513 700,6511 700,6460 700,6459 626,6459 623,6457 623,6456 623,6455 618,6455 615,6453 615,6452 615,6451 482,6451 481,6451 481,6450 480,6449 480,6448 480,6447 429,6447 426,6444 327,6444 326,6443 324,6443 323,6443 323,6442 322,6440 260,6440 257,6438 257,6437 257,6436 256,6436 253,6434 253,6433 253,6432 252,6432 249,6430 249,6364 248,6362 247,6362 246,6362 246,6352 247,6351 248,6351 249,6350 249,6346 252,6343 260,6343 261,6342 261,6341 263,6339 268,6339 268,6340 268,6341 273,6346 273,6350 275,6351 500,6351 500,6351 500,6318 502,6316 503,6316 504,6315 504,6314 506,6312 507,6312 508,6311 508,6310 510,6308 518,6308 519,6310 519,6311 521,6312 526,6312 527,6314 527,6362 528,6362 580,6362 581,6364 581,6365 583,6366 638,6366 639,6368 639,6369 641,6370 645,6370 647,6373 647,6374 648,6374 738,6374 739,6376 739,6378 740,6378 928,6378 928,6378 928,6341 930,6339 931,6339 932,6338 932,6337 934,6335 943,6335 943,6335 943,6334 945,6332 947,6332 947,6333 947,6334 950,6336 951,6336 951,6337 951,6338 954,6340 955,6340 955,6341 955,6389 956,6389 1015,6389 1017,6392 1017,6393 1018,6393 1023,6393 1024,6395 1024,6396 1026,6397 1100,6397 1101,6399 1101,6401 1102,6401 1320,6401 1321,6400 1321,6399 1323,6397 1494,6397 1494,6397 1494,6350 1495,6349 1495,6348 1496,6347 1513,6347 1514,6349 1514,6350 1516,6351 1517,6351 1518,6353 1518,6362 1519,6362 1722,6362 1722,6362 1722,6356 1723,6355 1724,6355 1725,6354 1726,6353 1726,6352 1727,6351 1745,6351 1745,6351 1745,6349 1747,6347 1756,6347 1756,6348 1756,6349 1757,6350 1757,6401 1758,6401 2053,6401 2053,6401 2053,6357 2055,6355 2056,6355 2057,6354 2057,6354 2057,6353 2059,6351 2060,6351 2061,6350 2061,6349 2063,6347 2072,6347 2072,6348 2072,6349 2075,6351 2076,6351 2076,6352 2076,6353 2077,6354 2077,6397 2078,6397 2362,6397 2362,6397 2362,6352 2363,6351 2368,6351 2370,6349 2370,6348 2371,6347 2384,6347 2385,6349 2385,6393 2386,6393 2503,6393 2504,6395 2504,6396 2506,6397 2581,6397 2581,6397 2581,6346 2582,6345 2582,6344 2583,6343 2708,6343 2708,6343 2708,6342 2711,6339 2715,6339 2716,6341 2716,6342 2717,6343 2718,6343 2719,6343 2720,6345 2720,6393 2721,6393 2989,6393 2990,6392 2990,6376 2992,6374 2993,6374 2994,6373 2994,6368 2996,6366 2997,6366 2998,6365 2998,6360 2999,6359 3000,6359 3002,6357 3002,6356 3003,6355 3004,6355 3005,6354 3005,6353 3007,6351 3012,6351 3013,6350 3013,6349 3015,6347 3051,6347 3051,6347 3051,6346 3054,6343 3059,6343 3059,6343 3059,6342 3062,6339 3093,6339 3094,6341 3094,6382 3095,6382 3202,6382 3202,6383 3202,6385 3203,6385 3208,6385 3210,6388 3210,6393 3211,6393 3212,6393 3214,6396 3214,6403 3212,6405 3211,6405 3210,6406 3210,6407 3208,6409 3203,6409 3202,6410 3202,6458 3201,6459 3200,6459 3198,6461 3198,6470 3198,6470 3193,6470 3190,6473 3190,6474 3190,6474 3119,6474 3117,6476 3117,6477 3116,6478 2957,6478 2955,6480 2955,6481 2954,6482 2776,6482 2774,6481 2774,6480 2773,6478 2610,6478 2609,6479 2609,6537 2608,6538 2608,6539 2607,6540 2598,6540 2597,6540 2597,6479 2597,6478 2459,6478 2458,6479 2458,6485 2457,6486 2194,6486 2192,6488 2192,6489 2192,6489 2191,6489 2190,6490 2062,6490 2061,6491 2061,6537 2059,6539 2058,6539 2055,6542 2054,6542 2052,6544 2049,6542 2049,6491 2049,6490 2048,6490 2047,6491 2047,6548 2044,6551 2043,6551 2042,6552"/><TextEquiv index="1"><Unicode>tendre parler, quoiqu'on cherche à étouffer</Unicode></TextEquiv></TextLine><TextLine id="r0_l028"><Coords points="2682,6732 2675,6732 2674,6732 2674,6723 2673,6721 2672,6721 2670,6720 2670,6691 2670,6690 2417,6690 2416,6690 2416,6689 2415,6688 2415,6684 2414,6682 2375,6682 2373,6681 2373,6576 2373,6575 2075,6575 2073,6574 2073,6553 2073,6552 2047,6552 2046,6551 2045,6551 2044,6551 2048,6547 2052,6547 2052,6547 2052,6544 2054,6542 2055,6542 2058,6539 2059,6539 2061,6537 2061,6538 2061,6540 2062,6540 2605,6540 2605,6541 2605,6543 2606,6543 2652,6543 2653,6544 2654,6544 2655,6546 2655,6551 2656,6551 2657,6551 2658,6552 2659,6554 2659,6555 2660,6555 2711,6555 2713,6558 2713,6559 2714,6559 2715,6559 2716,6561 2716,6578 2716,6578 2715,6578 2713,6580 2713,6676 2712,6677 2712,6678 2712,6678 2711,6678 2709,6680 2709,6696 2707,6698 2706,6698 2705,6699 2705,6708 2704,6709 2703,6709 2701,6711 2701,6712 2700,6713 2699,6713 2697,6715 2697,6716 2696,6717 2695,6717 2693,6719 2693,6724 2692,6725 2691,6725 2689,6727 2689,6728 2689,6728 2688,6728 2685,6731 2685,6732 2685,6732 2684,6732 2683,6733"/><TextEquiv index="1"><Unicode>Eii</Unicode></TextEquiv></TextLine></TextRegion></Page></PcGts>