4266 8338
1503 714 2210 933 i.
452 970 3555 1186 On a couru chez la mère, qui reſpiroit
471 1182 3516 1377 encore. On lui a demandé ſi elle vou-
476 1382 3506 1581 loit voir ſon fils, pour lui pardonner.
484 1581 3513 1778 On eſt venu, de ſa part, le prier de
464 1777 3524 1979 paſſer chez elle. Nous le tenions par-
471 1970 3528 2177 deſſous les bras, pour le ſoutenir, &
253 2166 3520 2373 pour lui retenir les mains, en cas qu'il
397 2368 3520 2568 voulût attenter à ſa propre vie. Nous
467 2564 3524 2774 ſommes entrés chez la mère agoniſante.
452 2759 3634 2969 Son fils a treſſailli en y mettant les pieds;
460 2962 3524 3167 il s'eſt rejeté en arrière, en appercevant
459 3153 3536 3548 enſiee dos aaus datſe onvet à
459 3543 3536 3743 genoux au pied du lit mortuaire. „Ma
452 3739 3528 3944 “mère, a-t-il dit, je viens vous apporter
116 3930 3528 4139 “mon ſang. Je ſuis un monſtre; mais
178 4137 3856 4343 “vous m'avez donné la vie; ne ne con-
323 4332 3891 4531 “damnez pas à la mort éternelle. Ré-
116 4531 3547 4727 “voquez votre malédiction.“ -- „Mon
463 4722 3536 4924 “fils, lui a-t-elle dit, avec la plus grande
471 4918 3805 5125 “peine, je ſuis plus coupable que vous.
479 5122 3583 5320 “Je me vois punie par l'idole que je
476 5321 3662 5516 “me ſuis faite. Dieu eſt juſte; tu n'es
488 5520 3810 5719 “que l'inſtrument de ſa juſtice. Je t'ai
499 5722 3684 5924 “corrompu, par mes indignes complai-
315 5914 3866 6123 “ſances. J'ai été cruelle à ma fille, pour
502 6116 3528 6315 “qui, grand Dieu? Ah! que je ſuis
492 6320 3537 6519 “coupable! Tu ne l'es point de ma
2568 6523 2916 6667 Eiv
