4266 8370
72 1069 3436 1291 “ami, au nom de notre amitié ſacrée.
336 1275 3327 1486 “Mande - moi de ſes nouvelles; je ne
45 1477 3226 1679 “puis reſpirer, ſi elle ne vit pas.“
515 1663 3343 1873 Je lui ai promis tout ce qu'il a voulu.
45 1864 3451 2070 Nous avions pris le chemin de la Savoie.
344 2062 3339 2264 Nous ſommes arrivés au Pont de Beau-
344 2241 3381 2463 voiſin, nous avons paſſé la Grotte, &
340 2454 3350 2629 nous ſommes arrivés à Chamberri. En
336 2644 3346 2853 arrivant, il a fallu le mettre au lit. Il
340 2846 3350 3044 éprouvoit le tremblement d'une fièvre
332 3040 3614 3243 continue & violente. Il a le tranſport;
321 3234 3362 3440 à tout moment il veut ſe jeter par la
329 3428 3362 3630 fenêtre. Il pouſſe des cris. Il dit qu'il eſt
332 3622 3366 3824 le meurtrier de ſa mère. Il ſe croit con-
134 3823 3486 4020 damné à la roue, au bûcher, pour ce
135 4017 3409 4213 crime énorme. Il ſouffre des tourmens
340 4211 3374 4394 inouis. Ces tourmens mêmes ſont une
344 4409 3408 4606 preuve de la beauté de ſon ame. Car,
356 4599 3726 4799 enfin, il n'eſt que malheureux, il n'eſt
267 4797 3745 4997 pas coupable. Il n'en vouloit qu'à un
367 4991 3385 5190 petit chien. La déplorable mère s'eſt jetée
371 5185 3475 5387 au-devant du coup. O! mes amis, que le
371 5383 3377 5585 crime rend malheureux ceux qui l'oſent
395 5580 3420 5771 commettre! Que cet infortuné mérite
383 5767 3750 5978 d'être plaint! que nous ſommes heureux
387 5961 3389 6174 de ne nous être pas trouvés dans d'auſſi
146 6155 3385 6378 douloureuſes circonſtances que lui! Pour-
383 6360 3381 6570 quoi eſt-il né plus riche que nous? Pour-
387 6554 3370 6771 quoi n'eſt - il pas reſté, comme nous,
2536 6767 2815 6920 Fv
