4266 8656
915 1013 4110 1255 ment que Madame de Perlencour a diſ-
915 1242 4094 1472 paru, comme ſon mari. On ne ſait ce
911 1451 4180 1668 qu'elle eſt devenue; on ne dit point qu'elle
902 1660 4090 1870 ſoit morte. On n'a point vu ſon convoi.
911 1864 4090 2138 Il a pu être fait la nuit. Je me ſuis tranſ-
903 2069 4151 2290 porte à ſa Paroiſſe. Elle n'eſt point ſur les
899 2282 4131 2495 regiſtres mortuaires; mais on ſoupçonne
895 2486 4082 2700 qu'elle étoit en ſecret Proteſtante, & qu'elle
899 2695 4172 2909 a pu être enterrée dans le Cimetière des
891 2899 4074 3114 Religionnaires. Je n'ai pu encore vérifier
891 3108 4188 3315 ce fait intéreſſant, tant j'ai eu d'occu-
886 3312 4188 3526 pations! Ce qu'il y a de sûr, c'eſt qu'elle
883 3521 4065 3734 n'eſt plus chez elle; car j'ai viſité la mai-
519 3730 4069 3942 ſon, depuis le grenier juſqu'à la cave.
883 3937 4065 4147 Ce bel Hôtel eſt à louer pour le préſent,
870 4147 4069 4344 & l'on y travaille. Comment aura-t-on
870 4351 4131 4771 te teouereit, ſent ejeſe , nseu ele aip ped n ne
874 4765 4086 4975 tranſport? Pourquoi la faire diſparoître?
862 4944 4053 5179 Il eſt vrai que le myſtère étoit néceſ-
862 5170 4147 5387 ſaire; qu'il ne falloit pas s'expoſer à voir
850 5382 4159 5591 porter la lumière, ſur cette déplorable
854 5587 4033 5808 affaire. Je ne ſais pas comment il pour-
502 5791 4029 6017 roit ſe faire que ta mère vécût; cepen-
854 6000 4020 6223 dant, tant que tu n'es pas sûr de ſa
842 6221 4135 6459 mort, tu peux te flatter qu'elle reſpire,
813 6426 3623 6634 & que tu n'es pas ſon meurtrier.
1050 6626 4020 6851 Le Chevalier Marqué n'a point encore
850 6839 4025 7064 re ndu ſon ame infernale; mais il eſt bien
