4266 8306
1526 757 2182 968 i.
292 998 3477 1212 malade. Il a eu pluſieurs membres caſſés.
417 1201 3504 1451 C'eſt un avant-goût du ſupplice qu'il mé-
436 1397 3481 1595 rite. Rien ne va mieux a un roué, que
96 1592 3688 1791 l'état où eſt ce miſérable. Il a fait écrire
93 1791 3641 1995 à Frédégonde, pour lui demander des ſe-
89 1990 3669 2193 cours. Il a fait même parler à cette Furie.
96 2185 3524 2384 Elle a répondu, à la perſonne, qui ar-
432 2380 3719 2584 rive de Paris: „Qu'eſt-ce qu'un cettain
428 2564 3649 2779 “Chevalier Marqué? Eſt-ce que je con-
116 2774 3657 2962 “nois des horreurs comme cela, moi?“
119 2940 3493 3174 Tu vois comme les coquins s'entr'eſ-
421 3169 957 3310 timent.
574 3334 3590 3561 Je ſuis accablé d'occupations, qui
428 3551 3493 3755 m'échauffent horriblement. Je ne me ſens
424 3750 3653 3953 pas bien, mon cher ami. Je crains de
424 3949 3622 4167 couver quelque maladie grave. Notre
424 4145 3684 4341 ami Touſſaint eſt auſſi bien malade, &
135 4340 3680 4537 notre ami Sénac eſt allé ſoigner bien des
136 4535 3540 4730 malades à S. Etienne, où il y a une épi-
143 4726 3668 4928 démie; de ſorte que je me trouve ſeul,
147 4925 3497 5123 dans un moment où j'aurois beſoin de
237 5116 3590 5324 ſecours. Je tâcherai toujours de t'écrire,
444 5316 3747 5499 ou au moins de te faire ſavoir de mes
148 5520 1265 5731 nouvelles.
