4266 8342
1824 1174 4196 1389 :
475 1167 1826 1373 t
741 1536 3681 1774 Céſar de Perlencour, à Dumoulin.
3092 1886 3716 2023 Turin.
776 2208 3836 2446 'Ai lié connoiſſance avec des Anglois,
772 2435 3977 2642 ſur ces Montagnes, où j'aimois tant à
772 2630 3973 2853 m'égarer. Ils m'ont entraîné, preſque
768 2828 4110 3034 malgré moi, à Turin. Ils m'ont pré-
764 3020 3899 3226 ſenté à la Cour, quand je deſirois de
764 3217 3825 3420 me cacher à l'Univers & à moi-même.
698 3411 4000 3617 On donne ici de fort belles fêtes. Que les
745 3606 4063 3813 plaiſirs à préſent ſont amers & affreux
748 3812 1650 4004 pour moi!
850 4004 3801 4205 On m'a offert du ſervice à cette Cour.
756 4194 4117 4435 Ainſi j'obtiens, chez l'Etranger, ce que
702 4394 4106 4598 m'a refuſé ma Patrie. Je ſuis indigne,
737 4593 4012 4793 pour le préſent, de toute fonction, de
733 4785 2856 4989 tout miniſtère honorable.
912 4977 3801 5172 Je ſuis horriblement inquiet ſur le
624 5179 3867 5380 compte de ma chère Laure, dont la
725 5363 3793 5577 ſanté doit décliner, ſi le Chirurgien, que
534 5566 3985 5968 laperols qeeil a sdooninee cen lganes
713 5956 3782 6167 Je crains que l'infortunée ne manque
713 6155 3774 6360 d'argent, & que cet inconvénient ne la
705 6358 3817 6568 prive des ſecours de l'Eſculape, & de
717 6557 3907 6793 ceux de tout le monde. Pour moi, je
