4266 8247
2358 756 2946 974 i.
1084 971 4266 1207 ma mère? Pourquoi ne pas, de-là, voler
1095 1180 4266 1395 à Paris, pour rendre, à Laure, la ſanté,
926 1381 4267 1778 role n e aau i aoe aaan
1080 1762 4267 1966 tain à mes yeux, crois - tu qu'elle ſoit
941 1949 4268 2166 effacée de mon cœur? Ah! je la vois
1080 2153 4268 2378 ſans ceſſe: vue adorable, qui devroit faire
1084 2358 4150 2559 mes délices, qui fait mon tourment!
1091 2528 4269 2753 Ce vil Marqué ſouffre donc, comme
1076 2740 4269 2934 il le mérite. Le ſcélérat! il en a fait ſouf-
1080 2934 4270 3134 frir bien d'autres. Le monſtre! il eſt la
1080 3131 4270 3332 cauſe de tous mes malheurs. Sans lui
1072 3327 4271 3552 j'euſſe été vertueux, j'euſſe été heureux.
1062 3676 4272 3923 e
1752 4025 3529 4227 Le même, au même.
3362 4373 4134 4550 Turin.
1132 4683 4274 4905 Mon bon ami, fort inquiet de ne
1057 4899 4274 5100 point recevoir de tes nouvelles, je vais
1049 5091 4275 5293 me mettre en route pour en chercher. Je
1049 5291 4275 5502 ne puis ſupporter le poids des ſoucis ron-
960 5490 4275 5712 geurs qui me dévorent. J'ai, d'ailleurs,
1072 5683 4276 5893 de nouveaux motifs de quitter ce pays-ci;
887 5876 4276 6081 je m'y endetterois. Je me ſuis trouvé fau-
1057 6057 4277 6262 filé dans le Grand-Monde. J'ai été obligé
1057 6260 4277 6474 de jouer. J'ai perdu conſidérablement.
1057 6459 4278 6672 Ces maiſons honnêtes ne valent peut
