4266 8346
1956 750 2674 990 Ii.
653 968 3978 1199 entièrement lés affreux orages dont je
890 1182 4133 1394 me ſuis vu le jouer. J'ai donc paſſé par
887 1377 4106 1583 ce vénérable Monaſtère. J'y ai ſenti quel-
875 1579 4090 1782 qu'ombre de paix renaître dans mon
875 1770 3915 1978 cœur. Le Prieur a daigné m'accueillir avec
875 1965 3919 2117 bonté. Il connoît ma famille & s'inté-
634 2160 3927 2370 reſſe à moi particulièrement. Je lui ai
851 2362 3997 2565 raconté une partie de mes malheurs &
847 2553 3915 2759 de mes crimes. Il a pleuré ſur moi; &
532 2751 4075 2954 m'a fait donner une Cellule entière,
848 2942 3900 3144 ſemblable à celle de ſes Religieux, pour
727 3144 3962 3340 que j'y paſſe, dans la retraite, tout le
836 3335 3900 3542 temps dont j'aurai beſoin, pour rétablir
817 3530 2755 3734 le calme dans mon ame.
945 3709 3880 3929 J'ai donc une maiſon toute entière,
820 3927 3978 4130 où je me plais aſſez. Le petit jardin, ſur-
509 4121 3876 4329 tout, que je cultive avec ſoin, me fait
793 4320 4087 4719 uescdar euu, e nemaur deem ace
816 4705 3873 4910 eux, les jours de leur recréation. Je m'édi-
661 4896 3873 5099 fie dans cette ſainte compagnie. J'ai loué,
805 5095 3857 5300 outre cela, un logement bourgeois, hors
801 5286 3849 5496 du Couvent, où je vais me diſſiper quand
762 5487 3853 5687 j'en ai beſoin. J'y vois un jeune-homme,
524 5679 4060 5896 de la figure la plus douce & la plus
762 5876 3946 6088 agréable, qui m'inſpire une tendre ami-
778 6072 3830 6271 tié, & qui ſemble en concevoir une
599 6270 3818 6481 pareille pour moi. Je me plais ſingulière-
785 6469 3814 6691 ment dans ſa compagnie. Il a voulu, je
