4266 8569
2184 695 2880 902 i
740 959 4017 1170 tude, tout, tout m'élève, m'attendrit,
490 1167 4189 1373 & la Grande Chartreuſe eſt devenue pour
640 1370 2091 1598 moi le Parnaſſe.
2021 1781 4189 1975 L
845 1812 1035 1945 .
2243 2161 2678 2329 Suite.
446 2569 3984 2815 e petit Luzi, c'eſt le nom de mon
704 2799 4181 3005 nouvel ami, ne peut obtenir la permiſ-
820 3000 4068 3208 ſion de paſſer quelques jours chez les
817 3208 3980 3412 Chartreux; mais il reſte encore quelque
470 3411 4088 3618 temps dans le pays, pour m'y tenir com-
809 3613 4149 3819 pagnie. Comme il a plus de liberté que
809 3810 4137 4026 moi-même, il vient quelquefois me voir
801 4020 3984 4218 dans ma Cellule; je vais le voir dans la
801 4225 3964 4433 ſienne; car il s'eſt fait, dans ſon loge-
426 4431 4088 4838 ous m aa eons e en ed qequu l'e ſſei
789 4838 4072 5044 hors du Couvent, & bientôt nous y
712 5031 3952 5237 coucherons, je crois; car il ſe dit fort
708 5237 4165 5466 peureux, la nuit; c'eſt une des raiſons
714 5441 3939 5648 qui lui ont fait quitter l'idée d'entrer
672 5643 4161 5853 dans le Monaſtère. Ce jeune-homme eſt
635 5849 4141 6061 un peu efféminé. Sa grande jeuneſſe fait
768 6054 3927 6264 excuſer ce défaut, qu'il perdra, ſans
668 6260 4064 6471 doute, avec l'âge. Du reſte, il eſt extrême-
652 6461 4169 6677 ment aimable, & d'une douceur d'Ange.
727 6667 4060 6893 Il me rend la vie fort agréable. J'aime à
