4266 8141
1491 783 2004 966 n
322 1003 3269 1203 me trouver avec lui à table, & à la pro-
322 1201 3258 1394 menade; mais je ne deſire point d'être
326 1391 3258 1596 au lit, dans la compagnie d'un homme.
482 1585 3326 1779 J'ai eu quelques petits momens de
337 1779 3597 1969 vocation pour l'état des Chartreux. Cette
326 1965 3277 2165 vie eſt bien ſérieuſe. Il ſeroit difficile
223 2163 3562 2362 qu'elle me rendît heureux; mais je ne
182 2353 3285 2556 mérite pas de l'être. Il faut que je faſſe
208 2551 3288 2939 oui, le boioun mee iuerdir ſe uii
318 2935 3292 3131 un malheureux, un réprouvé, livré aux
311 3109 3402 3317 Furies. Ce ſeroit encore une trop grande
181 3311 3300 3501 félicité pour moi d'être un Cénobite, un
292 3494 3296 3692 Solitaire obſcur & pénitent; mais je
269 3687 3304 3890 me dois à ma chère Laure, à mon ado-
337 3878 3304 4061 rable Aurore, ſi elle exiſte encore, à
334 4072 3307 4275 mes enfans, ſur - tout, qui ne deman-
159 4266 3608 4486 doient pas à naître, & à qui je dois adou-
174 4456 2916 4652 cir, au moins, les peines de la vie.
277 4634 3471 4848 Mon petit camarade égaie un peu la
158 4817 3311 5041 mienne; mais il eſt d'une ſanté bien
170 5022 3311 5228 foible. Son enflure, qui augmente à vue
353 5220 3345 5426 d'œil, inquiète ſes amis. Le Chirurgien
219 5403 3353 5608 du Monaſtère veut abſolument lui faire
220 5597 3319 5798 la ponction. Je m'y oppoſe de toutes mes
356 5779 3334 6003 forces. J'ai une idée aveugle, qui me
170 5969 3387 6198 fait ſoupçonner qu'on ne connoît pas ſa
368 6163 1121 6308 maladie.
426 6358 3331 6583 Je rencontre, en me promenant dans
