4266 8602
2247 727 3014 918 ra.
734 965 4209 1189 la campagne, de fort jolies Payſannes;
1086 1171 4201 1393 je ne puis me diſpenſer de leur parler.
1090 1373 4193 1587 J'en vois déjà quelques-unes bien diſpo-
1078 1558 4193 1798 ſées en ma faveur. Malheureux! dans
1078 1781 4177 2001 l'état où je ſuis, dans une maiſon de
1082 1987 4250 2201 pénitence & d'auſtérité, dois-je penſer
1082 2189 2953 2399 à l'amour & au plaiſir?
1070 2598 4161 2829 e
2416 2989 3010 3160 Suite.
1070 3219 1260 3410 L
936 3389 4144 3628 es embarras me ſuivent par - tout,
823 3615 4141 3824 mon cher ami. Voilà qu'il m'en ſurvient
1053 3821 4132 4033 de nouveaux, auxquels je n'aurois jamais
1037 4031 2221 4238 dû m'attendre.
1159 4205 4132 4447 La maladie de mon petit camarade
1045 4439 4136 4654 n'étoit pas ce qu'on penſoit. Son enflure
1033 4633 4132 4850 n'avoit pas pour cauſe l'hydropiſie. Je
1041 4844 4124 5045 m'en étois douté. J'avois un ſoupçon
1033 5041 4120 5247 vague de ce qu'étoit ce prétendu jeune-
1029 5243 4165 5450 homme; la ſainteté dans laquelle je vis,
1029 5445 4145 5653 écartoit de moi l'idée de ce qu'il pouvoit
1025 5647 4100 5857 être. Combien les Chartreux frémiroient,
1025 5849 4100 6060 s'ils apprenoient jamais qu'unejeune fillea
1021 6039 4096 6266 voulu être reçue chez eux. Hélas! ils
928 6250 4201 6456 n'en ſavoient rien, les vénérables Pères.
1009 6464 4092 6670 Au reſte, perſonne n'eſt coupable, qu'un
1004 6645 4092 6892 ſcélérat qui s'eſt permis le plus horrible
3817 6859 4096 7046 abus
