4266 8161
139 969 3394 1175 abus de l'innocence & de la ſimplicité.
439 1170 3481 1371 Quoi qu'il en ſoit, hier j'étois dans
143 1359 3345 1559 mon logement bourgeois; mon petit ca-
154 1545 3462 1757 marade éprouvoit des tranchées violentes
170 1737 3614 1936 qui m'alarmoient. Je ne ſavois com-
419 1928 3390 2128 ment le ſecourir. Je voulois appeler du
412 2120 3398 2322 monde. Il s'y eſt oppoſé fortement.. Mon
408 2303 3356 2514 “cher ami, m'a - t - il dit, je ſouffre
412 2500 3375 2701 “beaucoup; mais je ſuis honteux de
408 2689 3361 2896 “mes ſouffrances. Sans ſavoir pourquoi,
412 2882 3413 3086 “je ne veux pas les divulguer.“ Que
181 3065 3410 3266 te dirai- je, mon cher Dumoulin? Bien-
423 3220 3360 3449 tôt la nature s'eſt ſoulagée d'elle-même.
416 3440 3364 3637 La perſonne ſouffrante a mis bas un
419 3631 3368 3827 fardeau qui la tourmentoit, & j'ai vu
363 3818 3584 4017 ſortir, à la lumière, une petite fille
344 4012 3383 4208 criant, & s'annonçant, dans le monde,
196 4174 3421 4584 lirpriet l'ai il eit lie ouen uia nierult
188 4576 3383 4770 plus un homme. Elle a paru encore plus
188 4766 3387 4963 confondue que moi. „Mais je ſuis donc
185 4952 3641 5152 “une femme, s'écria-t-elle, toute éplo-
188 5145 3576 5346 “rée!“ -- „Mais il me ſemble qu'oui,
192 5334 3387 5541 “lui répondis-je.“ Au reſte, nous n'a-
192 5516 3682 5738 vions pas le temps d'entrer, là-deſſus,
203 5705 3405 5918 dans aucune explication; il falloit ſoigner
465 5895 3634 6089 la mère, & nous débarraſſer de l'enfant.
469 6088 3428 6298 Heureuſement cette Belle, un peu
253 6266 3402 6484 foible pour le rôle d'homme, ne l'étoit
480 6471 1519 6687 Tome l
