4266 8454
2347 752 2874 934 n
1036 984 4131 1193 moment où elle étoit accouchée; ce qui
925 1186 4218 1392 ſuppoſoit, dans elle, une grande inno-
1040 1388 4123 1595 cence. „Comment donc avez - vous été
1032 1586 4115 1791 “élevée, lui dis-je?“ -- „Mon cher
1008 1784 4167 1990 “ami, répondit-elle, il eſt aiſé de vous
997 1986 3226 2181 “raconter mon hiſtoire.
1168 2181 4101 2379 “Je ſuis née à Paris, du commerce d'un
1028 2378 4100 2581 Seigneur, avec une fille de l'Opéra. Mon
1012 2576 4092 2783 père étoit homme à ſyſtême, & ſe mêloit
1004 2777 4096 2976 de Philoſophie. Il voulut m'élever ſelon
774 2975 4080 3173 les loix de la pure nature. Pour cet effet
1032 3173 4080 3380 il m'enferma dans un grand appartement,
1032 3367 4171 3575 où, nue, ſur un tapis, je fus abandonnée
763 3565 4119 3772 à moi - même, comme ſi je n'avois été
925 3771 4143 3965 qu'un animal brut. On me donna bientôt,
1020 3957 4080 4191 pour compagne, une petite ſœur qui fut
957 4170 2569 4369 élevé comme moi.
973 4368 4080 4575 “Nous étions réduits à l'inſtinct, in-
680 4564 4080 4765 capables de réflexion, & je ne puis vous
976 4760 4068 4954 rendre un compte bien détaillé de nos
985 4954 4072 5356 onrte raaion 'eeriu nn mueee au
988 5350 4056 5554 rut ou décampa, ou ſon amant l'aban-
961 5551 4052 5750 donna. Bref, deux vieilles dévotes, pa-
715 5750 4056 5956 rentes, je crois, de mon père, vou-
969 5944 4056 6146 lurent bien ſe charger chacune d'un de
688 6150 4155 6349 nous. Elles ſavoient que l'un des deux
704 6343 4040 6550 enfans étoit garçon, & l'autre fille. Elles
961 6545 4040 6775 ne ſe donnèrent pas la peine de nous
