4266 8505
974 858 4079 1086 dans un pareil état. C'eſt ce qui me con-
978 1081 4063 1288 fond. Je ne puis vous rien dire de certain
982 1280 4063 1488 là-deſſus. Je n'ai que des ſoupçons. Je vais
970 1483 2248 1671 vous les déclarer.
1161 1678 4075 1886 “Parmi tous les dévots qui fréquen-
867 1881 4178 2077 toient ma bienfaitrice, il y avoit un
839 2084 4170 2289 vieil hypocrite, connu, en ſecret, pour
970 2279 4063 2491 être libertin, qui ſe doutoit, ſans doute,
974 2482 4075 2686 de mon ſexe, & qui me faiſoit une
966 2681 4067 2892 eſpèce de cour, depuis que j'étois deve-
962 2888 4071 3092 nue grandelette. Cet homme, qui m'en-
970 3087 4067 3288 nuyoit en me faiſant les doux yeux, ne
966 3285 4150 3490 m'inſpiroit que de la répugnance, & je
966 3481 4063 3692 le fuyois de toutes mes forces. Un jour
910 3684 4071 3894 il parvint à me faire boire un verre de
576 3883 4067 4093 liqueur, qui me parut avoir un goût
962 4086 4063 4298 ſingulier. Dans le moment, je me ſentis
958 4289 4071 4502 accablée d'un ſommeil extraordinaire. Je
958 4492 4071 4704 me couchai ſur mon lit, & j'y reſtai fort
878 4695 4071 4899 long-temps. A la fin je m'éveillai, tour-
954 4894 4063 5098 mentée par un homme qui ſe ſauva dès
962 5095 4063 5300 que j'ouvris les yeux. Encore à moitié
954 5300 4055 5504 endormie, je ne pus le reconnoître par-
775 5499 4055 5709 faitement; mais je le pris pour le vieux
938 5698 4051 5909 débauché, & depuis ce temps-là, le mal-
958 5901 4202 6112 heureux n'a plus reparu chez Madame
966 6104 4210 6312 du Roſaire. Je ne me doutai de rien;
966 6303 4051 6515 mais il faut que le ſcélérat m'ait plongée
966 6506 4051 6730 dans le ſommeil, par quelque narcotique
