4266 8313
2392 551 2855 756 i§.
1115 799 4105 1000 “Dieu! ſi j'étois homme, que je ſerois
1114 999 4116 1200 “content!“ -- „Mais, malheureux!
1118 1183 4088 1393 “dit la Dame, qu'avez-vous fait à vos
1121 1391 4084 1589 “compagnes? Vous avez abuſé de leur
1121 1587 4077 1766 “innocence.“ -- „J'étois innocent,
1102 1781 4073 1981 “comme elles, reprit le jeune garçon.
1110 1978 4069 2175 “Je me croyois une fille comme elles.
1111 2176 4074 2365 “En cette qualité, j'ai cédé aux invi-
1106 2367 4073 2565 “tations qu'elles m'ont fait preſque
1044 2564 4077 2764 “toutes l'une après l'autre, de partager
1102 2753 4143 2956 “leur lit. Alors..... je ne ſais pas trop
1102 2950 4069 3151 “ce que j'ai fait. La nature impérieuſe
1095 3147 4065 3290 “m'a entraîné. Perſonne de nous n'eſt
1095 3336 4142 3545 “coupable. Nous ſommes- cependant
739 3534 3190 3715 “toutes bien honteuſes.“
1289 3730 4066 3923 “Honteuſes, reprit la maîtreſſe! me
833 3927 4066 4123 “voilà bien avancée!“ -- „Madame,
1098 4122 4154 4320 “reprit humblement le jeune-homme,
894 4316 4158 4514 “je vais ſortir de chez vous; c'eſt tout
1091 4512 4065 4705 “ce que je puis faire.....“ -- „Après
855 4694 4092 4897 “que le mal eſt fait, s'écria la Dame
1087 4891 4065 5091 “irritée, me voilà dans ma Commu-
1068 5089 4080 5234 “nauté avec une trentaine de filles
1083 5280 4057 5481 “groſſes ſur les bras; & que voulez-vous
1079 5473 4162 5683 “que je faſſe de tout cela, moi? Com-
1067 5674 4077 5875 “ment voulez-vous que j'aille dire aux
1052 5870 4169 6067 “parens: „vos filles ſorrent fécondées
1060 6063 4123 6269 “de chez moi?“ -- „Il faut leur ca-
1067 6248 4042 6484 “cher ce ſcandale, m'écriai-je, &, quand
