4266 8370
1617 719 2352 929 r.
468 940 3497 1149 “il ſera temps, il faudra les faire accou-
355 1148 3481 1342 “cher ſecrettement. N'avez - vous pas
467 1341 3705 1543 “des moyens pour cela?“ -- „Je verrai
455 1535 3577 1736 “dans le temps, répondit-elle. Je ſuis
460 1737 2592 1930 “dans un grand embarras.“
641 1925 3481 2127 M. Sophie Luzi ſortit le même jour
475 2126 3484 2325 de la Penſion, en faiſant ſes excuſes à
459 2316 3469 2522 la maîtreſſe. On ne permit pas qu'il fît
455 2513 3570 2707 ſes adieux aux Belles. Toutes le pleu-
421 2711 3782 2912 rèrent & le regrettèrent. La grave mère
455 2908 3488 3102 les ſemonça toutes vertement, & leur
451 3097 3484 3297 apprit leur turpitude, dont elles ſe dou-
421 3294 3488 3485 toient. La Dame prit ſes meſures pour
452 3484 3507 3683 les faire accoucher toutes en ſecret,
455 3678 3492 3872 quand le terme ſeroit arrivé. Pour moi,
297 3871 3484 4092 je reſtai chargé du frère & de la ſœur. Ils
455 4068 3833 4265 troquèrent tous deux d'habits, & préten-
459 4258 3500 4461 dirent fort embarraſſés. „Tranquilliſez-
451 4459 3523 4655 “vous, leur dis-je, les deux dévotes qui
463 4652 3504 4846 “vous ont élevés, ne vous retireront pas
471 4842 3511 5040 “leurs bienfaits, parce que vous avez
405 5039 3511 5237 “changé de ſexe. Il faut retourner chacun
425 5229 3508 5432 “chez vos bienfaitrices, & dévoiler le
486 5430 3872 5620 “myſtère à ces Dames. Que voulez-vous
494 5627 3531 5828 “qu'elles diſent?“ Je conduiſis, en effet,
185 5817 3535 6025 Mademoiſelle Luzi métamorphoſée, chez
509 6001 3546 6215 Madame du Roſaire, & M. Sophie Luzi
509 6203 3689 6422 pareillement changé, chez Madame
513 6393 3550 6629 Agnus. Nous découvrîmes, aux Dames,
2534 6615 3041 6808 vi
