4266 8517
12 8 2495 117 ..-- --- ---- - -------
2350 574 3122 792 i
1084 823 4190 1046 qu'il avoit perdu, l'a rendu plus flegma-
1100 1040 4181 1249 tique. Quand il s'eſt vu lardé de quatre
729 1240 4173 1450 coups d'épée, & la mort ſur les lèvres, il
1096 1445 4173 1642 a entendu raiſon. Il a conçu merveilleuſe-
1096 1650 4169 1853 ment comment, ſon amante & moi, nous
1100 1851 4242 2056 étions parfaitement excuſables, quelque
1096 2052 4242 2257 choſe que nous puſſions avoir fait enſemble,
1088 2253 4242 2461 réunis dans ſon abſence, ou plutôt ſa
1080 2458 4242 2664 retraite, ſans que perſonne alors pût
1080 2659 4242 2865 s'oppoſer à nos deſirs. Il m'a remercié
951 2859 4242 3068 de l'avoir éclairé. Je lui ai bandé ſes
799 3060 4242 3471 le iae eene lſ ſe ui don aua ne
959 3430 4242 3677 pâli en l'appercevant dans ce malheureux
742 3667 4242 3879 état; mais il lui a dit que je m'étois plei-
697 3872 4242 4084 nement juſtifié à ſes yeux, que je l'avois
1072 4073 4242 4285 pareillement juſtifiée, que j'étois l'homme
967 4276 4242 4486 du monde le plus généreux & le meil-
1064 4474 4242 4693 leur de ſes amis. Comme quelques coups
1072 4682 4242 4888 d'épée rendent un homme raiſonnable!
1063 4876 4242 5093 Il me ſembloit qu'il eût mieux vallu, pour
1060 5077 4242 5316 lui, entendre raiſon, ſans une leçon ſi
1072 5282 1811 5487 cruelle.
1120 5460 4242 5706 Nous l'avons mis au lit, & j'ai quitté,
1052 5688 4242 5910 fort amicalement, ce couple intéreſſant
1060 5893 4242 6107 Je me ſuis hâté d'arriver chez Laure.
802 6098 4242 6318 Bon Dieu! qu'elle eſt changée! Que cette
1064 6298 4242 6525 belle fleur eſt cruellement deſſéchée! que
1047 6515 4234 6684 mon cœur s'eſt ſerré à cette vue! Le
