4266 8219
1583 636 2135 813 i
421 854 3396 1062 cruel Chirurgien, qui m'avoit promis de
217 1053 3399 1249 la ſoigner, a manqué indignement à ſa
114 1245 3476 1635 fnnsante a éueege paé on anoate
424 1632 3411 1829 a été obligée de ſévrer ſon enfant, qui
114 1826 3767 2019 dépérit comme elle. Tous mes autres
421 2015 3415 2215 petits marmots jouiſſent d'une ſanté par-
118 2213 3422 2409 faite. J'en ai un de Levrette, un autre d'Al-
122 2402 3445 2583 mide l'Africaine, un troiſième de l'ado-
424 2598 3430 2794 rable Aurore. Ce n'eſt pas là encore tout....
413 2790 3403 3001 Je ſuis ſans le ſou, & il faut que je
410 2986 1821 3128 nourriſſe tout cela.
531 3169 3415 3370 Pour moi, ma ſanté eſt parfaitement
421 3364 3415 3562 rétablie; je vais m'occuper de celle de
394 3556 3426 3756 Laure, & de ma petite fille. Je vais auſſi
233 3748 3430 3951 chercher des reſſources. Je ne trouve plus
428 3940 3671 4334 iun peee m nn i daamui, ie
167 4323 3415 4525 ſuis leur ſeul héritier; tous leurs biens
436 4522 3695 4715 m'appartiennent. Prends en main mes
436 4710 3710 4913 intérêts, toi homme d'affaires; hâte-toi
451 4902 3415 5102 de m'envoyer des fonds; j'en ai le beſoin
451 5090 1487 5293 le plus urgent.
728 5559 3235 5865 Fin de la troiſième Liaſſe.
