<PcGts xmlns="http://schema.primaresearch.org/PAGE/gts/pagecontent/2017-07-15" xmlns:xsi="http://www.w3.org/2001/XMLSchema-instance" xsi:schemaLocation="http://schema.primaresearch.org/PAGE/gts/pagecontent/2017-07-15 http://schema.primaresearch.org/PAGE/gts/pagecontent/2017-07-15/pagecontent.xsd"><Metadata><Creator>User123</Creator><Created>2020-10-15T18:12:08</Created><LastChange>2020-10-15T18:12:08</LastChange></Metadata><Page imageFilename="0169.png" imageHeight="8236" imageWidth="4266"><TextRegion id="r0" type="paragraph" orientation="0.125"><Coords points="1,1 4264,1 4264,8234 1,8234"/><TextLine id="r0_l001"><Coords points="-16,1 3655,-7 3655,108 -16,116"/><TextEquiv index="1"><Unicode></Unicode></TextEquiv></TextLine><TextLine id="r0_l002"><Coords points="3966,464 4265,464 4265,665 3966,665"/><TextEquiv index="1"><Unicode></Unicode></TextEquiv></TextLine><TextLine id="r0_l003"><Coords points="2324,546 2824,545 2824,732 2324,733"/><TextEquiv index="1"><Unicode>(1o)</Unicode></TextEquiv></TextLine><TextLine id="r0_l004"><Coords points="4000,715 4265,715 4266,943 4001,943"/><TextEquiv index="1"><Unicode></Unicode></TextEquiv></TextLine><TextLine id="r0_l005"><Coords points="3452,1019 3451,1018 3400,1018 3399,1017 3363,1017 3362,1016 2919,1017 2918,1016 2874,1016 2873,1015 2819,1015 2818,1014 2816,1015 2815,1014 2815,1002 2816,1002 2818,1001 2819,1000 2819,995 2820,994 2821,994 2822,993 2865,993 2865,993 2865,969 2868,966 2869,966 2869,966 2869,965 2872,962 2873,962 2873,962 2873,914 2876,911 2879,911 2880,912 2881,912 2881,913 2881,956 2882,956 2884,954 2920,954 2920,954 2920,953 2922,951 3016,951 3018,949 3018,948 3019,947 3571,946 3572,944 3572,943 3573,943 3614,943 3614,943 3614,944 3617,947 3733,947 3734,947 3751,947 3751,948 3751,954 3752,954 3764,954 3765,955 3766,955 3766,956 3766,957 3768,958 3769,958 3770,960 3770,961 3772,962 3773,962 3774,964 3774,969 3776,970 3777,970 3778,972 3778,977 3780,978 3781,978 3782,980 3782,997 3783,997 3789,997 3789,998 3781,1006 3780,1006 3777,1009 3776,1009 3774,1011 3772,1011 3771,1012 3770,1012 3769,1013 3767,1013 3766,1014 3756,1014 3754,1016 3733,1017 3732,1018 3467,1018 3466,1019"/><TextEquiv index="1"><Unicode></Unicode></TextEquiv></TextLine><TextLine id="r0_l006"><Coords points="1385,1028 1384,1027 1305,1027 1304,1026 1288,1026 1287,1025 1263,1025 1262,1024 1244,1024 1243,1023 1240,1023 1239,1022 1239,1011 1239,1011 1216,1011 1214,1009 1214,1007 1214,1007 1212,1007 1210,1006 1211,1005 1247,1005 1247,1004 1247,983 1249,982 1250,982 1251,980 1251,971 1253,970 1262,970 1262,969 1262,968 1265,966 1278,966 1278,965 1278,964 1281,962 1289,962 1290,960 1290,959 1291,959 1292,959 1293,958 1395,958 1395,957 1395,952 1397,951 1398,951 1399,950 1400,950 1401,951 1441,951 1442,951 1449,951 1450,953 1450,954 1451,954 1569,954 1571,957 1571,958 1572,958 1604,958 1610,965 1610,969 1616,974 1617,974 1617,975 1617,976 1618,977 1618,997 1619,997 1670,997 1671,998 1672,998 1672,998 1672,999 1675,1002 1676,1002 1676,1002 1676,1003 1678,1005 1679,1005 1680,1006 1680,1014 1680,1015 1679,1015 1677,1017 1676,1017 1675,1018 1674,1018 1672,1020 1670,1020 1669,1021 1668,1021 1667,1022 1665,1022 1664,1023 1661,1023 1660,1024 1642,1024 1641,1025 1576,1025 1575,1026 1551,1026 1550,1027"/><TextEquiv index="1"><Unicode>.</Unicode></TextEquiv></TextLine><TextLine id="r0_l007"><Coords points="4237,1178 4234,1175 3518,1177 3517,1175 3517,1140 3516,1140 2570,1142 2569,1141 2569,1140 2568,1139 1092,1142 1091,1141 1091,1140 1089,1138 1061,1138 1060,1138 1060,1136 1059,1134 1058,1134 1057,1134 1056,1133 1056,1132 1055,1130 1054,1130 1052,1129 1052,1128 1051,1126 1050,1126 1048,1125 1048,1124 1047,1122 1046,1122 1045,1121 1044,1121 1044,1120 1043,1118 1011,1118 1009,1117 1009,1116 1009,1115 1008,1115 1005,1113 1005,1112 1005,1111 1004,1111 1001,1109 1001,1108 1001,1107 996,1107 993,1105 993,1104 993,1103 992,1103 989,1101 989,1100 989,1099 988,1099 986,1098 986,1097 985,1095 984,1095 983,1095 983,1094 982,1093 982,1072 983,1071 985,1071 986,1070 986,1065 987,1064 992,1064 994,1062 994,1061 995,1060 1000,1060 1001,1059 1001,1058 1003,1056 1004,1056 1005,1055 1005,1054 1007,1052 1032,1052 1032,1052 1032,1051 1035,1048 1036,1048 1036,1048 1036,1043 1039,1040 1040,1040 1040,1040 1040,1039 1043,1036 1044,1036 1044,1036 1044,1035 1047,1032 1052,1032 1052,1032 1052,1031 1058,1025 1070,1025 1072,1023 1072,1022 1073,1021 1200,1021 1200,1021 1200,1011 1202,1009 1203,1009 1204,1008 1204,1007 1206,1005 2191,1003 2191,1002 2191,998 2192,998 2193,998 2195,995 2195,994 2196,994 2197,994 2199,991 2199,990 2200,990 2296,990 2296,990 2296,992 2297,993 4263,988 4263,988 4263,957 4264,956 4265,956 4265,957 4266,1175 4265,1175 4264,1175 4263,1176 4242,1176 4242,1177 4242,1178 4241,1178"/><TextEquiv index="1"><Unicode>.</Unicode></TextEquiv></TextLine><TextLine id="r0_l008"><Coords points="2596,1549 2595,1548 2453,1548 2452,1548 2452,1521 2452,1520 2051,1521 2050,1521 2050,1519 2050,1518 1212,1520 1211,1520 1211,1513 1211,1512 1210,1512 1208,1511 1208,1427 1208,1426 1186,1426 1184,1425 1184,1424 1184,1423 1180,1423 1179,1422 1178,1422 1177,1422 1177,1416 1178,1415 1179,1415 1181,1413 1181,1412 1182,1411 1187,1411 1189,1409 1189,1408 1190,1407 1465,1406 1465,1406 1465,1324 1466,1323 1466,1322 1466,1321 3546,1317 3548,1318 3548,1319 3549,1321 3550,1321 3552,1322 3552,1323 3553,1324 3553,1325 3554,1325 3556,1326 3556,1348 3556,1349 4010,1348 4012,1349 4012,1355 4011,1356 4004,1356 4004,1356 4004,1491 4003,1493 3271,1495 3257,1509 3255,1509 3254,1509 3254,1512 3253,1514 3222,1514 3221,1514 3221,1516 3221,1517 2898,1517 2897,1518 2897,1543 2897,1543 2894,1543 2893,1544 2601,1545 2600,1545 2600,1548 2600,1549"/><TextEquiv index="1"><Unicode></Unicode></TextEquiv></TextLine><TextLine id="r0_l009"><Coords points="1073,1697 1072,1696 1072,1659 1071,1658 1071,1620 1070,1619 1069,1582 1068,1581 1068,1543 1067,1542 1067,1505 1067,1504 914,1505 912,1503 912,1501 914,1500 1069,1499 1069,1500 1069,1520 1070,1520 3139,1516 3140,1517 3220,1517 3220,1517 3220,1519 3221,1520 3253,1520 3260,1527 3260,1560 3261,1561 3716,1560 3716,1560 3716,1565 3718,1567 3719,1567 3720,1568 3720,1586 3721,1587 3781,1586 3782,1588 3782,1590 3783,1590 3792,1590 3792,1591 3792,1592 3798,1597 3798,1601 3799,1602 3800,1602 3801,1603 3801,1604 3802,1605 3802,1617 3802,1617 4153,1617 4154,1618 4155,1618 4156,1618 4156,1619 4157,1621 4158,1621 4160,1622 4160,1624 4159,1625 4158,1625 4157,1626 4008,1626 4008,1626 4008,1686 4006,1688 4005,1688 4005,1688 4004,1689 4004,1690 4002,1692 3287,1693 3287,1694 3287,1702 3284,1704 1602,1708 1602,1709 1602,1710 1600,1711 1075,1712 1075,1713"/><TextEquiv index="1"><Unicode>Eva</Unicode></TextEquiv></TextLine><TextLine id="r0_l010"><Coords points="3332,1566 3331,1565 3317,1565 3316,1564 3312,1564 3311,1563 3309,1563 3308,1562 3307,1562 3306,1562 3306,1528 3306,1527 3261,1528 3252,1519 3252,1514 3255,1511 3255,1510 3271,1495 3302,1494 3302,1494 3302,1472 3303,1471 3304,1471 3305,1470 3307,1470 3308,1469 3311,1469 3312,1468 3316,1468 3317,1467 3326,1467 3327,1466 3532,1466 3532,1465 3532,1461 3533,1461 3702,1461 3702,1461 3702,1473 3703,1474 3863,1473 3864,1475 3864,1477 3864,1477 3855,1477 3851,1481 3703,1482 3702,1482 3702,1558 3703,1559 3715,1559 3715,1559 3715,1560 3573,1560 3572,1561 3562,1561 3561,1562 3349,1562 3348,1563 3347,1563 3345,1565 3345,1566 3345,1566"/><TextEquiv index="1"><Unicode></Unicode></TextEquiv></TextLine><TextLine id="r0_l011"><Coords points="1736,1572 1735,1571 1568,1571 1567,1570 1402,1571 1401,1570 1398,1570 1397,1569 1395,1569 1394,1568 1392,1568 1391,1567 1391,1564 1393,1563 1394,1563 1395,1561 1395,1560 1397,1559 1567,1558 1567,1558 1567,1471 1568,1470 1610,1470 1610,1471 1610,1477 1611,1477 1679,1477 1680,1478 1680,1479 1682,1481 1687,1481 1688,1482 1688,1487 1690,1489 1691,1489 1692,1490 1692,1566 1693,1567 1746,1567 1746,1567 1746,1571 1746,1572"/><TextEquiv index="1"><Unicode>P</Unicode></TextEquiv></TextLine><TextLine id="r0_l012"><Coords points="2031,1844 3939,1840 3939,2066 2031,2070"/><TextEquiv index="1"><Unicode>L</Unicode></TextEquiv></TextLine><TextLine id="r0_l013"><Coords points="1073,1915 1669,1914 1669,2054 1073,2055"/><TextEquiv index="1"><Unicode></Unicode></TextEquiv></TextLine><TextLine id="r0_l014"><Coords points="1438,2231 3560,2226 3561,2429 1439,2434"/><TextEquiv index="1"><Unicode>Quatrième Liasse.</Unicode></TextEquiv></TextLine><TextLine id="r0_l015"><Coords points="1002,2835 4176,2828 4176,3065 1002,3072"/><TextEquiv index="1"><Unicode>Céſar de Perlencour, à Dumoulin.</Unicode></TextEquiv></TextLine><TextLine id="r0_l016"><Coords points="983,3217 1412,3216 1412,3333 983,3334"/><TextEquiv index="1"><Unicode></Unicode></TextEquiv></TextLine><TextLine id="r0_l017"><Coords points="2254,3553 2254,3552 2254,3495 2253,3495 2222,3495 2220,3497 2219,3497 2218,3498 2125,3498 2125,3499 2125,3543 2123,3544 2118,3544 2117,3546 2117,3547 2115,3548 2110,3548 2109,3550 2109,3551 2107,3552 2094,3552 2094,3552 2094,3551 2091,3548 2090,3548 2090,3548 2090,3547 2089,3546 2089,3497 2088,3496 1913,3496 1912,3497 1911,3497 1910,3498 1754,3499 1754,3499 1754,3546 1752,3548 1723,3548 1723,3548 1723,3550 1721,3552 1712,3552 1711,3550 1711,3497 1710,3497 1617,3497 1617,3498 1617,3553 1616,3553 1611,3553 1611,3553 1611,3498 1610,3497 1337,3498 1337,3498 1337,3507 1335,3509 1329,3509 1329,3508 1329,3494 1328,3494 1053,3494 1038,3509 1034,3509 1032,3512 1032,3513 1031,3513 1022,3513 1021,3515 1021,3516 1019,3517 1006,3517 1005,3519 1005,3520 1003,3521 995,3521 993,3519 993,3518 992,3517 989,3517 988,3516 979,3517 978,3515 978,3514 976,3513 975,3513 974,3511 974,3510 972,3509 971,3509 970,3507 970,3498 968,3497 967,3497 966,3495 966,3479 967,3478 968,3478 969,3477 970,3476 970,3475 971,3474 972,3474 974,3472 974,3471 975,3470 988,3469 991,3466 1021,3466 1022,3466 1021,3413 1023,3411 1024,3411 1025,3410 1025,3343 1027,3341 1027,3334 1028,3333 1091,3333 1091,3334 1091,3337 1091,3337 1090,3337 1087,3340 1087,3357 1088,3357 1410,3357 1411,3355 1411,3354 1413,3353 1418,3353 1418,3352 1418,3351 1421,3349 1422,3349 1423,3350 1423,3356 1424,3357 1429,3357 1434,3362 1434,3404 1435,3405 1624,3404 1625,3403 1625,3402 1627,3400 1632,3400 1633,3402 1633,3403 1634,3403 1635,3403 1637,3406 1637,3408 1638,3408 1887,3408 1887,3407 1887,3354 1889,3353 1898,3353 1898,3352 1898,3346 1900,3345 1901,3345 1903,3347 1903,3348 1904,3348 1905,3348 1905,3349 1905,3350 1906,3351 1906,3352 1908,3353 1917,3353 1918,3355 1918,3356 1920,3357 1921,3357 1922,3359 1922,3404 1923,3404 1980,3404 1980,3405 1980,3407 1981,3407 2229,3407 2230,3405 2230,3404 2231,3404 2277,3404 2277,3403 2277,3358 2283,3353 2295,3353 2296,3354 2296,3355 2298,3357 2299,3357 2300,3358 2300,3404 2301,3405 2440,3404 2440,3405 2440,3406 2443,3408 2655,3408 2655,3407 2655,3373 2657,3372 2795,3372 2795,3371 2795,3366 2797,3365 2798,3365 2798,3364 2799,3363 2799,3362 2801,3361 2806,3361 2807,3359 2807,3358 2809,3357 2814,3357 2815,3355 2815,3354 2817,3353 2821,3352 2822,3353 2829,3353 2834,3359 2834,3404 2835,3404 3095,3404 3095,3403 3095,3364 3096,3363 3096,3361 3097,3361 3098,3361 3099,3359 3100,3358 3100,3357 3101,3357 3106,3357 3108,3354 3108,3353 3109,3353 3114,3353 3115,3351 3115,3350 3117,3349 3126,3349 3127,3350 3127,3351 3129,3353 3130,3353 3131,3354 3131,3399 3132,3400 3318,3399 3318,3399 3318,3355 3320,3353 3473,3353 3474,3352 3474,3351 3476,3349 3496,3349 3497,3351 3498,3458 3498,3458 3692,3458 3693,3457 3692,3413 3695,3411 3696,3411 3696,3410 3696,3409 3698,3408 3706,3408 3707,3407 3708,3407 3708,3406 3708,3405 3712,3401 3712,3400 3713,3400 3751,3399 3751,3399 3751,3358 3752,3357 3763,3357 3763,3357 3763,3350 3764,3349 3770,3349 3770,3350 3770,3380 3771,3380 3800,3380 3802,3383 3802,3388 3803,3388 3894,3388 3895,3390 3895,3404 3896,3404 3922,3404 3922,3404 3922,3336 3924,3334 3925,3334 3926,3333 3933,3333 3934,3335 3934,3337 3933,3338 3932,3338 3931,3339 3931,3404 3932,3404 3980,3404 3981,3405 3981,3414 3982,3415 3983,3415 3985,3417 3986,3477 3986,3478 4194,3477 4195,3477 4194,3425 4196,3423 4199,3423 4199,3423 4199,3367 4201,3365 4202,3365 4203,3364 4203,3332 4206,3329 4207,3329 4207,3329 4207,3328 4208,3327 4270,3327 4270,3328 4271,3546 4270,3546 4204,3546 4204,3546 4204,3544 4203,3543 4188,3544 4188,3543 4188,3541 4189,3540 4194,3539 4195,3539 4195,3482 4194,3481 3981,3482 3981,3482 3981,3484 3980,3485 3979,3485 3977,3487 3977,3488 3976,3489 3975,3489 3974,3490 3880,3490 3880,3491 3880,3492 3878,3493 3877,3493 3876,3494 3845,3494 3844,3496 3844,3497 3843,3497 3833,3497 3833,3498 3833,3520 3831,3521 3822,3521 3821,3520 3821,3505 3820,3504 3587,3505 3587,3505 3587,3507 3585,3509 3584,3509 3583,3510 3583,3511 3581,3513 3580,3513 3579,3514 3579,3515 3577,3517 3572,3517 3572,3517 3572,3518 3569,3521 3564,3521 3564,3521 3564,3522 3561,3525 3556,3525 3556,3525 3556,3526 3553,3529 3550,3529 3544,3522 3544,3490 3543,3490 3357,3490 3357,3491 3357,3492 3354,3494 3344,3494 3343,3493 3078,3494 3076,3492 2900,3492 2899,3493 2898,3493 2897,3494 2893,3494 2893,3495 2893,3496 2891,3497 2870,3497 2869,3496 2869,3495 2868,3494 2674,3495 2674,3495 2674,3496 2673,3497 2604,3497 2604,3497 2604,3546 2602,3548 2570,3548 2569,3547 2569,3499 2568,3498 2443,3498 2442,3497 2441,3497 2440,3496 2440,3495 2439,3494 2260,3495 2260,3495 2260,3552 2259,3553"/><TextEquiv index="1"><Unicode>Je n'entends point parler de toi, mon</Unicode></TextEquiv></TextLine><TextLine id="r0_l018"><Coords points="3224,3747 3223,3746 3223,3743 3223,3743 3109,3743 3108,3742 3108,3741 3106,3739 3101,3739 3100,3738 3100,3737 3099,3736 3099,3691 3099,3691 1845,3694 1843,3696 1842,3696 1841,3696 1840,3697 1840,3698 1839,3700 1826,3700 1825,3700 1825,3701 1823,3704 1814,3704 1813,3703 1813,3702 1811,3700 1806,3700 1805,3699 1805,3698 1803,3696 1802,3696 1801,3695 1801,3692 1801,3692 1426,3693 1425,3692 1147,3692 1146,3692 1146,3691 1145,3689 1141,3689 1140,3688 1139,3688 1138,3688 1138,3687 1136,3684 1135,3684 1134,3684 1134,3682 1134,3681 990,3681 989,3680 973,3681 972,3680 971,3680 970,3679 970,3678 969,3677 965,3677 954,3666 954,3658 952,3657 951,3657 951,3656 951,3627 952,3626 953,3626 954,3625 954,3620 956,3618 957,3618 958,3617 958,3616 960,3614 961,3614 962,3613 962,3612 964,3610 969,3610 970,3609 970,3608 972,3606 976,3606 979,3603 987,3602 988,3601 989,3601 990,3601 990,3600 990,3599 1035,3599 1036,3599 1036,3555 1037,3554 1037,3553 1037,3552 1038,3552 1041,3550 1041,3549 1041,3548 1054,3548 1056,3550 1056,3554 1056,3554 2162,3552 2163,3553 3215,3551 3217,3549 3217,3548 3217,3548 3637,3547 3638,3546 3638,3545 3639,3544 3667,3544 3668,3545 3940,3544 3942,3546 3942,3547 3942,3547 4270,3546 4271,3547 4271,3729 4271,3729 4203,3729 4202,3730 4200,3730 4199,3730 4199,3724 4199,3723 4186,3724 4184,3722 4184,3721 4183,3720 4183,3703 4183,3703 3230,3705 3229,3705 3229,3746 3229,3747"/><TextEquiv index="1"><Unicode>cher ami. Je ſuis dans la plus affreuſe</Unicode></TextEquiv></TextLine><TextLine id="r0_l019"><Coords points="4200,3934 4199,3933 4199,3920 4195,3916 4195,3911 4194,3911 4193,3911 4192,3909 4191,3832 4191,3832 4017,3832 4016,3832 4016,3835 4016,3836 4015,3836 4012,3838 4012,3839 4012,3840 4011,3840 4008,3842 4008,3847 4008,3848 4007,3848 4005,3849 4004,3850 4004,3851 4004,3852 3999,3852 3996,3854 3996,3855 3996,3856 3995,3856 3992,3858 3992,3859 3992,3860 3970,3860 3969,3860 3969,3874 3968,3876 3967,3876 3965,3877 3965,3878 3964,3880 3962,3880 3960,3882 3960,3883 3960,3883 3959,3883 3958,3884 3809,3884 3808,3885 3809,3914 3807,3915 3806,3915 3806,3916 3806,3917 3803,3919 3801,3917 3800,3885 3800,3884 3677,3885 3675,3887 3674,3887 3673,3888 3547,3888 3546,3887 3545,3887 3543,3885 3543,3884 3543,3884 3386,3884 3385,3883 3143,3884 3141,3885 3141,3886 3141,3887 3112,3887 3110,3885 3110,3884 3110,3884 2901,3884 2900,3885 2900,3886 2899,3887 2828,3887 2826,3890 2826,3891 2825,3891 2823,3891 2822,3890 2737,3891 2737,3890 2737,3889 2734,3887 2528,3887 2526,3890 2526,3891 2525,3891 2476,3891 2476,3891 2476,3890 2473,3887 2410,3887 2409,3886 2017,3887 2015,3890 2015,3891 2014,3891 2008,3891 2008,3891 2008,3890 2005,3887 2000,3887 1999,3887 1999,3886 1998,3884 1909,3884 1908,3883 1713,3884 1712,3885 1711,3885 1710,3885 1710,3886 1710,3887 1634,3887 1633,3888 1632,3888 1631,3887 1536,3887 1535,3887 1535,3885 1535,3884 1461,3884 1460,3883 1186,3884 1185,3885 1185,3886 1184,3887 1185,3901 1184,3902 1184,3903 1183,3903 1182,3903 1181,3905 1181,3908 1180,3908 1169,3908 1169,3908 1168,3885 1168,3884 1137,3884 1136,3883 1135,3883 1134,3883 1134,3882 1133,3880 1016,3880 1015,3879 957,3880 954,3877 954,3876 954,3876 953,3876 951,3874 951,3872 952,3872 953,3872 954,3870 954,3804 955,3803 955,3802 956,3802 957,3802 958,3800 958,3799 960,3798 962,3798 962,3797 962,3748 964,3747 965,3747 966,3745 966,3744 968,3743 985,3743 986,3744 986,3745 988,3746 989,3746 989,3747 989,3749 990,3750 990,3798 991,3798 1075,3798 1075,3799 1075,3800 1077,3801 1301,3801 1301,3800 1301,3758 1302,3757 1302,3755 1303,3755 1304,3755 1306,3752 1306,3751 1307,3751 1308,3751 1310,3748 1310,3747 1311,3747 1406,3747 1407,3748 1407,3797 1408,3798 1445,3797 1446,3799 1446,3800 1448,3801 1617,3801 1617,3801 1617,3754 1618,3753 1618,3752 1619,3751 1644,3751 1645,3753 1645,3801 1646,3801 1709,3801 1710,3802 1711,3802 1711,3802 1711,3803 1713,3805 1717,3805 1727,3815 1727,3819 1729,3821 1730,3821 1730,3821 1730,3822 1731,3823 1731,3851 1732,3852 1887,3852 1887,3851 1887,3849 1889,3848 1894,3848 1894,3847 1894,3772 1897,3770 1898,3770 1898,3769 1898,3768 1901,3766 1902,3766 1902,3765 1902,3764 1905,3761 1906,3761 1908,3759 1912,3759 1913,3758 1914,3758 1914,3758 1914,3757 1916,3755 1928,3755 1930,3753 1930,3752 1931,3751 1940,3751 1944,3755 1956,3755 1957,3757 1957,3758 1959,3759 1960,3759 1961,3761 1961,3774 1962,3774 1964,3774 1964,3775 1964,3776 1965,3777 1965,3801 1966,3801 2025,3801 2026,3802 2027,3802 2027,3803 2027,3804 2029,3805 2218,3805 2218,3804 2218,3756 2220,3755 2221,3755 2222,3753 2222,3752 2224,3751 2233,3751 2234,3752 2234,3753 2236,3755 2237,3755 2238,3756 2238,3800 2239,3801 2409,3800 2411,3798 2420,3798 2421,3799 2487,3799 2487,3799 2487,3780 2489,3778 2490,3778 2491,3777 2491,3777 2491,3776 2493,3774 2498,3774 2499,3776 2499,3777 2501,3778 2502,3778 2503,3780 2503,3781 2505,3782 2506,3782 2507,3784 2507,3805 2508,3805 2693,3805 2694,3803 2694,3802 2695,3802 2739,3802 2740,3801 2807,3801 2807,3800 2807,3799 2808,3799 2809,3798 2810,3798 2811,3797 2812,3797 2813,3798 2814,3798 2814,3798 2815,3799 2815,3801 2816,3802 3088,3801 3088,3800 3088,3756 3094,3751 3220,3751 3220,3750 3220,3749 3221,3748 3221,3747 3222,3747 3239,3747 3240,3748 3240,3801 3241,3802 3438,3801 3439,3800 3439,3787 3440,3786 3610,3786 3610,3785 3610,3753 3611,3752 3611,3751 3612,3751 3613,3751 3615,3748 3615,3747 3616,3747 3621,3747 3622,3745 3622,3744 3624,3743 3629,3743 3630,3744 3801,3743 3801,3744 3801,3745 3804,3747 3805,3747 3805,3748 3805,3757 3806,3758 3806,3762 3807,3762 3955,3762 3956,3763 3957,3763 3958,3765 3958,3766 3959,3766 3964,3766 3965,3767 3965,3768 3967,3770 3972,3770 3973,3771 3973,3772 3975,3774 3976,3774 3977,3775 3977,3784 3979,3786 3984,3786 3985,3787 3985,3792 3987,3794 3988,3794 3989,3795 3989,3820 3990,3821 4019,3821 4020,3822 4020,3828 4021,3829 4184,3829 4184,3828 4184,3814 4186,3813 4187,3813 4187,3812 4187,3811 4190,3809 4195,3808 4195,3808 4195,3756 4196,3755 4196,3743 4197,3742 4199,3742 4200,3741 4200,3731 4201,3730 4202,3730 4203,3729 4271,3729 4271,3730 4272,3930 4271,3930 4270,3930 4269,3931 4242,3931 4241,3932 4229,3932 4228,3933 4205,3933 4204,3934"/><TextEquiv index="1"><Unicode>inquiétude. Serois-tu retombé malade?</Unicode></TextEquiv></TextLine><TextLine id="r0_l020"><Coords points="1010,4020 1009,4019 1009,4018 1007,4016 1006,4016 1005,4015 1005,3977 1004,3976 959,3977 958,3975 958,3974 956,3973 955,3973 955,3972 955,3971 952,3969 951,3969 951,3968 951,3967 950,3966 950,3964 951,3963 951,3962 951,3962 952,3962 954,3960 954,3940 955,3939 955,3938 955,3938 1160,3937 1161,3937 1161,3936 1159,3934 1154,3934 1153,3933 1159,3926 1160,3926 1161,3926 1161,3925 1163,3922 1164,3922 1165,3922 1165,3921 1167,3918 1168,3918 1169,3918 1169,3909 1169,3908 1180,3908 1181,3909 1181,3910 1182,3911 1183,3911 1185,3913 1185,3922 1185,3922 1186,3922 1189,3925 1189,3926 1189,3926 1190,3926 1192,3928 1192,3930 1191,3930 1186,3930 1184,3933 1184,3934 1183,3934 1178,3934 1177,3936 1177,3937 1175,3938 1082,3938 1082,3939 1083,3940 1083,3941 1084,3942 1085,3942 1087,3944 1087,3957 1087,3957 1119,3957 1120,3958 1121,3958 1122,3959 1122,3969 1121,3969 1087,3969 1087,3970 1087,3972 1083,3976 1083,3977 1082,3977 1033,3977 1033,3978 1033,4018 1032,4019 1032,4020 1031,4020"/><TextEquiv index="1"><Unicode></Unicode></TextEquiv></TextLine><TextLine id="r0_l021"><Coords points="4185,4132 4184,4131 4184,4130 4183,4129 4183,4128 4184,4127 4184,4126 4186,4125 4188,4125 4188,4124 4188,4094 4187,4094 3802,4094 3802,4094 3802,4089 3801,4088 3268,4090 3267,4088 3267,4086 3266,4086 3053,4086 3052,4085 1731,4088 1731,4088 1731,4127 1730,4129 1721,4129 1719,4130 1719,4131 1718,4133 1686,4133 1684,4131 1684,4082 1683,4082 1113,4083 1112,4082 1111,4082 1111,4082 1111,4081 1108,4078 1107,4078 1107,4078 1107,4076 1106,4075 990,4075 989,4074 984,4075 983,4074 982,4074 982,4073 982,4072 980,4071 979,4071 978,4069 978,4064 979,4063 996,4062 998,4061 998,4060 998,4059 999,4059 1001,4058 1001,4046 1003,4043 1004,4043 1005,4043 1005,4042 1007,4039 1008,4039 1009,4039 1009,4038 1011,4035 1012,4035 1013,4035 1013,4034 1014,4032 1018,4032 1021,4030 1021,4029 1021,4028 1059,4028 1060,4028 1060,4025 1060,4024 1098,4024 1099,4024 1099,4006 1100,4004 1105,4004 1107,4003 1107,4002 1108,4000 1136,4000 1138,3999 1138,3998 1138,3997 1139,3997 1140,3996 1289,3996 1290,3995 1290,3986 1291,3985 1292,3985 1294,3983 1294,3974 1295,3973 1296,3973 1298,3971 1298,3966 1299,3965 1300,3965 1302,3963 1302,3958 1302,3958 1303,3958 1306,3955 1306,3954 1306,3954 1307,3954 1310,3951 1310,3950 1310,3950 1311,3950 1313,3948 1313,3947 1314,3946 1315,3946 1317,3944 1317,3943 1318,3942 1347,3942 1348,3942 1348,3943 1350,3946 1440,3946 1442,3947 1442,3948 1442,3949 3645,3944 3646,3943 3646,3942 3646,3942 4201,3940 4202,3940 4202,3935 4202,3934 4204,3934 4205,3933 4228,3933 4229,3932 4262,3932 4263,3931 4269,3931 4270,3930 4271,3930 4272,3931 4272,4131 4272,4131"/><TextEquiv index="1"><Unicode>u ſais que toutes les reſſources me</Unicode></TextEquiv></TextLine><TextLine id="r0_l022"><Coords points="3019,4339 3018,4338 2543,4339 2542,4339 2542,4336 2542,4335 2014,4336 2007,4330 2007,4327 2007,4326 1327,4328 1325,4326 1325,4325 1324,4324 1311,4324 1309,4322 1309,4289 1309,4289 1171,4289 1169,4288 1169,4278 1169,4277 1108,4277 1107,4277 1107,4276 1105,4273 1104,4273 1103,4273 1103,4271 1103,4270 1004,4270 1003,4269 949,4270 947,4268 947,4262 948,4262 949,4262 951,4259 951,4196 953,4195 962,4195 962,4194 962,4193 965,4191 966,4191 966,4190 966,4189 967,4188 967,4188 793,4188 791,4186 791,4177 793,4176 1828,4174 1828,4173 1828,4170 1828,4170 820,4172 818,4170 818,4169 820,4168 821,4168 822,4166 822,4165 824,4164 1828,4162 1828,4161 1828,4150 1831,4148 1832,4148 1832,4147 1832,4146 1834,4145 1921,4144 1922,4143 1922,4142 1923,4141 1925,4141 1926,4142 3739,4138 3740,4137 3746,4137 3747,4136 3747,4135 3749,4133 4184,4133 4185,4132 4272,4131 4272,4132 4272,4327 4272,4327 3674,4329 3673,4329 3673,4330 3672,4332 3030,4333 3029,4334 3029,4339 3029,4339"/><TextEquiv index="1"><Unicode>manquent. Je me ſuis vu réduit à faire</Unicode></TextEquiv></TextLine><TextLine id="r0_l023"><Coords points="2664,4531 2662,4529 1506,4531 1500,4525 1500,4476 1499,4475 1298,4476 1298,4475 1298,4474 1295,4472 1072,4472 1072,4472 1072,4471 1070,4469 1019,4469 1018,4468 1017,4468 1017,4468 1017,4467 1015,4465 991,4465 990,4464 976,4465 975,4464 974,4464 974,4463 974,4462 972,4461 968,4461 958,4450 958,4446 956,4445 955,4445 955,4444 955,4443 954,4442 954,4420 955,4419 955,4418 955,4418 956,4418 958,4416 958,4412 959,4411 959,4410 959,4410 960,4410 963,4407 963,4406 963,4406 964,4406 966,4404 966,4399 967,4398 972,4398 974,4396 974,4395 974,4395 975,4395 976,4394 980,4394 982,4392 982,4391 982,4391 983,4391 984,4390 993,4389 994,4389 994,4388 994,4387 995,4387 996,4386 997,4386 998,4386 997,4339 998,4338 998,4337 999,4336 1000,4336 1001,4335 1001,4334 1003,4332 1012,4332 1013,4331 1013,4330 1015,4328 1024,4328 1025,4330 1025,4331 1027,4332 1028,4332 1028,4333 1028,4334 1029,4335 1030,4384 1030,4384 2427,4381 2428,4381 2428,4359 2429,4358 2429,4357 2430,4355 2543,4355 2544,4355 2543,4340 2544,4339 2549,4339 2550,4340 4188,4337 4189,4336 4190,4336 4191,4334 4191,4328 4192,4328 4272,4327 4272,4328 4273,4519 4272,4519 3986,4520 3986,4520 3986,4522 3985,4523 2689,4526 2688,4527 2687,4527 2687,4527 2686,4528 2686,4529 2684,4531"/><TextEquiv index="1"><Unicode>des emprunts encore plus onéreux, que</Unicode></TextEquiv></TextLine><TextLine id="r0_l024"><Coords points="4189,4737 4188,4736 4188,4720 4187,4719 4187,4718 4187,4718 3671,4719 3670,4718 3670,4717 3670,4717 1438,4722 1437,4723 1428,4723 1427,4722 1427,4668 1427,4668 1114,4668 1113,4667 1112,4667 1111,4667 1111,4666 1110,4664 1028,4664 1027,4663 973,4664 970,4661 970,4660 970,4660 961,4660 958,4657 958,4656 958,4656 957,4656 954,4653 954,4652 954,4652 953,4652 951,4650 951,4595 949,4593 948,4593 947,4592 947,4591 945,4589 944,4589 943,4588 943,4586 945,4585 946,4585 947,4583 947,4582 948,4582 949,4582 951,4579 951,4578 952,4578 957,4578 959,4575 959,4574 959,4574 964,4574 966,4572 966,4571 967,4570 1141,4569 1142,4569 1142,4556 1143,4554 2089,4552 2091,4550 2120,4550 2121,4550 2121,4544 2121,4543 2122,4543 2123,4542 2428,4541 2429,4541 2429,4540 2429,4539 2613,4539 2614,4538 2615,4538 2616,4537 2616,4536 2617,4535 2622,4535 2623,4534 2623,4533 2625,4531 3964,4528 3965,4528 3965,4526 3966,4525 3966,4524 3966,4523 4183,4523 4184,4522 4184,4520 4184,4520 4272,4519 4273,4520 4273,4735 4273,4735 4242,4735 4241,4736"/><TextEquiv index="1"><Unicode>tous ceux que j'avois faits ci-devant. J'ai</Unicode></TextEquiv></TextLine><TextLine id="r0_l025"><Coords points="4199,4957 4199,4957 4199,4956 4198,4955 4192,4956 4192,4955 4192,4954 4191,4953 4191,4925 4190,4925 4173,4925 4172,4923 4172,4902 4171,4902 3956,4902 3955,4901 3954,4901 3954,4901 3954,4900 3951,4897 3950,4897 3950,4897 3950,4861 3949,4860 2483,4863 2483,4864 2483,4909 2482,4909 2481,4909 2479,4912 2479,4913 2478,4913 2441,4913 2441,4913 2441,4912 2440,4911 1065,4914 971,4915 971,4915 971,4916 970,4917 961,4917 961,4916 961,4843 954,4836 954,4824 952,4823 951,4823 951,4822 951,4821 950,4820 950,4818 951,4817 951,4816 951,4816 952,4816 954,4814 953,4804 954,4803 954,4802 955,4801 955,4800 956,4800 957,4800 962,4794 962,4790 977,4776 985,4776 986,4774 986,4773 987,4772 997,4772 997,4772 997,4732 999,4730 1425,4730 1426,4728 1426,4724 1428,4723 1438,4723 1439,4724 3580,4719 3581,4718 3590,4718 3591,4719 3685,4719 3685,4719 3685,4740 3686,4741 4202,4739 4203,4740 4236,4740 4237,4741 4273,4741 4273,4742 4274,4957 4273,4957"/><TextEquiv index="1"><Unicode>engagé une grande partie de mes biens;</Unicode></TextEquiv></TextLine><TextLine id="r0_l026"><Coords points="2403,5108 2402,5107 2064,5108 2062,5107 2062,5106 2061,5104 2060,5104 2058,5103 2058,5058 2058,5057 1571,5058 1570,5057 1270,5058 1269,5057 634,5058 633,5057 632,5057 631,5057 631,5055 633,5053 994,5052 994,5052 993,5051 993,5050 993,5049 949,5050 947,5048 947,5047 946,5046 945,5046 943,5044 943,4991 942,4991 815,4991 814,4989 814,4988 815,4987 837,4987 838,4986 838,4983 838,4983 942,4983 943,4982 943,4972 943,4972 944,4972 945,4971 953,4971 954,4970 954,4923 955,4922 955,4921 955,4921 956,4921 959,4918 959,4917 959,4917 1016,4916 1017,4916 1017,4915 1018,4913 1023,4913 1024,4914 1024,4915 1026,4917 1027,4917 1028,4918 1028,4919 1029,4920 1029,4922 1029,4922 2346,4920 2347,4919 2347,4918 2348,4917 2366,4916 2367,4917 2372,4917 2373,4918 3187,4917 3190,4919 3190,4920 3190,4921 3191,4921 3193,4922 3193,4926 3195,4929 3196,4929 3197,4929 3197,4967 3197,4968 3262,4968 3263,4969 3313,4968 3314,4969 3314,4970 3315,4971 3350,4971 3351,4972 3352,4972 3353,4973 3353,4974 3354,4975 3358,4975 3361,4978 3361,4979 3361,4979 3362,4979 3365,4982 3365,4987 3365,4987 3366,4987 3369,4990 3369,5022 3369,5022 3405,5022 3408,5025 3408,5029 3412,5033 3412,5048 3410,5050 3409,5050 3408,5051 3408,5052 3406,5054 3257,5055 3255,5057 2887,5057 2886,5058 2761,5059 2760,5059 2760,5103 2760,5104 2759,5104 2758,5104 2756,5106 2756,5107 2756,5108"/><TextEquiv index="1"><Unicode>il ne me reſte preſque plus rien.</Unicode></TextEquiv></TextLine><TextLine id="r0_l027"><Coords points="4207,5305 4207,5305 4207,5297 4205,5295 4204,5295 4203,5294 4203,5292 4202,5291 4135,5292 4134,5291 4133,5291 4132,5290 3265,5292 3263,5289 3262,5260 3262,5260 3073,5260 3071,5258 3071,5256 3071,5256 3066,5256 3064,5254 3064,5253 3064,5253 1822,5256 1821,5255 1151,5256 1150,5256 1150,5255 1149,5253 1148,5252 1147,5252 1146,5252 1146,5171 1146,5170 1100,5170 1099,5170 1099,5169 1098,5167 1094,5167 1093,5166 1092,5166 1091,5166 1091,5165 1091,5164 1089,5162 1088,5162 1087,5162 1087,5153 1089,5151 1161,5151 1161,5151 1161,5122 1163,5120 1164,5120 1165,5119 1165,5119 1165,5118 1167,5116 1172,5116 1173,5115 1173,5114 1175,5112 1762,5111 1762,5110 1762,5109 1764,5108 1773,5108 1773,5108 1773,5109 1774,5110 1774,5114 1775,5115 3720,5111 3720,5110 3720,5108 3721,5108 3992,5107 3992,5106 3992,5100 3993,5099 3993,5097 3995,5096 4184,5096 4184,5095 4184,5087 4185,5087 4187,5087 4188,5086 4274,5085 4274,5086 4275,5304 4274,5304 4242,5304 4241,5305"/><TextEquiv index="1"><Unicode>J'ai eu le malheur de revoir tous ces</Unicode></TextEquiv></TextLine><TextLine id="r0_l028"><Coords points="4274,5510 4219,5510 4218,5509 4075,5510 4074,5509 3880,5509 3879,5509 3879,5508 3879,5507 3190,5509 3189,5508 3186,5508 3185,5507 3185,5503 3185,5503 1427,5507 1426,5506 1426,5493 1425,5493 941,5494 939,5492 939,5483 939,5483 940,5483 943,5480 943,5479 943,5479 944,5479 947,5476 947,5370 948,5369 953,5369 954,5368 954,5336 956,5334 957,5334 958,5333 958,5328 960,5326 961,5326 962,5325 962,5324 963,5323 964,5323 965,5322 1788,5320 1789,5319 1789,5308 1790,5307 1799,5307 1800,5308 2025,5307 2026,5308 2622,5307 2623,5308 4274,5304 4275,5305 4275,5511 4275,5511"/><TextEquiv index="1"><Unicode>jeunes gens titrés, dont la compagnie</Unicode></TextEquiv></TextLine><TextLine id="r0_l029"><Coords points="2868,5705 2866,5703 2294,5705 2292,5703 2292,5688 2292,5688 1452,5689 1450,5688 1450,5643 1450,5642 1322,5643 1321,5642 956,5643 955,5642 948,5642 947,5641 947,5623 947,5623 586,5623 585,5623 585,5620 586,5619 947,5619 947,5618 947,5561 948,5561 949,5561 950,5560 962,5560 962,5559 962,5558 964,5557 965,5557 966,5556 1099,5555 1099,5555 1099,5519 1100,5518 1101,5518 1103,5516 1103,5515 1104,5514 1105,5514 1107,5512 1107,5511 1108,5510 1337,5510 1337,5509 1337,5506 1338,5506 1347,5506 1349,5503 1349,5502 1350,5502 1359,5502 1361,5504 2116,5502 2117,5504 2117,5505 2118,5506 2119,5506 2120,5506 2121,5507 2728,5506 2730,5508 3352,5506 3353,5508 3353,5510 3354,5510 3899,5509 3900,5510 4265,5509 4266,5510 4274,5510 4275,5512 4275,5693 4274,5694 4271,5694 4270,5695 4266,5695 4265,5696 4243,5696 4242,5697 4242,5698 4242,5698 4230,5698 4229,5699 4217,5699 4216,5700 3713,5702 3712,5702 3712,5703 3712,5704"/><TextEquiv index="1"><Unicode>m'a déjà été ſi funeſte. Ils paroiſſent m'ai-</Unicode></TextEquiv></TextLine><TextLine id="r0_l030"><Coords points="4223,5909 4223,5909 4223,5902 4222,5901 2847,5904 2846,5903 2846,5902 2844,5900 2843,5900 2842,5899 2842,5891 2841,5890 1911,5892 1910,5891 1880,5892 1879,5890 1879,5874 1878,5874 920,5876 919,5874 919,5870 920,5869 921,5869 922,5868 938,5868 939,5867 939,5764 940,5763 941,5763 943,5761 943,5760 944,5759 949,5759 951,5757 951,5756 951,5756 952,5756 953,5755 957,5755 958,5754 958,5753 959,5752 960,5752 961,5751 1492,5749 1493,5748 1494,5748 1497,5746 1497,5745 1497,5744 1843,5744 1844,5743 1844,5734 1843,5734 600,5736 600,5736 600,5733 600,5732 1843,5730 1844,5729 1844,5725 1845,5724 2026,5723 2027,5723 2026,5719 2028,5717 2029,5717 2035,5711 2035,5710 2036,5709 2076,5709 2078,5707 2078,5706 2079,5705 2295,5705 2295,5704 2295,5701 2296,5701 2362,5701 2362,5701 2362,5702 2365,5704 3890,5701 3891,5703 3892,5729 3892,5729 4224,5728 4225,5729 4241,5729 4242,5730 4242,5733 4242,5733 4264,5733 4265,5734 4267,5734 4268,5735 4269,5735 4270,5736 4271,5736 4272,5737 4273,5737 4274,5738 4275,5738 4276,5739 4276,5909 4275,5909"/><TextEquiv index="1"><Unicode>mer autant qu'ils ſont capables d'amitié;</Unicode></TextEquiv></TextLine><TextLine id="r0_l031"><Coords points="4228,6097 4227,6097 4227,6082 4227,6081 2433,6085 2432,6086 2432,6100 2432,6100 2423,6100 2422,6100 2422,6090 2422,6089 1846,6091 1843,6088 1843,6087 1843,6087 1842,6087 1840,6085 1840,6036 1840,6036 1463,6036 1462,6035 1151,6036 1150,6036 1150,6035 1149,6033 1052,6033 1051,6032 1003,6032 1002,6031 979,6032 978,6031 978,6030 977,6029 946,6029 945,6028 944,6028 943,6027 943,6021 944,6021 945,6021 947,6018 947,5959 949,5958 950,5958 951,5957 951,5956 951,5955 953,5954 958,5954 958,5953 958,5952 960,5950 965,5950 966,5949 966,5948 967,5947 967,5947 968,5947 969,5946 1180,5945 1181,5945 1181,5905 1181,5904 1182,5904 1185,5902 1185,5897 1185,5896 1451,5895 1452,5896 1456,5896 1457,5897 1457,5898 1459,5900 1460,5900 1461,5901 1461,5902 1462,5903 1462,5909 1462,5909 2712,5907 2713,5906 2713,5898 2714,5897 2714,5896 2714,5896 2723,5896 2725,5897 2725,5898 2725,5899 2726,5899 2729,5901 2729,5902 2729,5903 2730,5903 2731,5904 3906,5901 3907,5902 3907,5910 3907,5910 4275,5909 4276,5910 4276,6084 4275,6085 4274,6085 4273,6086 4272,6086 4271,6087 4270,6087 4269,6088 4268,6088 4267,6089 4265,6089 4264,6090 4243,6090 4242,6091 4242,6094 4242,6094 4241,6094 4240,6095 4235,6095 4234,6096 4230,6096 4229,6097"/><TextEquiv index="1"><Unicode>mais ils ne peuvent m'être d'aucune uti-</Unicode></TextEquiv></TextLine><TextLine id="r0_l032"><Coords points="4213,6298 4212,6297 4211,6297 4211,6297 4211,6263 4210,6262 2694,6266 2694,6266 2694,6299 2693,6300 2682,6300 2682,6299 2682,6293 2681,6293 2255,6294 2253,6291 2253,6235 2252,6235 1950,6235 1949,6234 1949,6233 1947,6231 1912,6231 1911,6230 1509,6231 1508,6230 1057,6231 1056,6230 932,6231 931,6229 931,6181 930,6181 901,6181 899,6179 900,6178 900,6174 902,6173 935,6173 935,6172 935,6100 938,6098 939,6098 939,6097 939,6096 941,6095 953,6095 955,6092 955,6091 956,6091 962,6091 963,6092 1383,6091 1384,6092 1570,6091 1571,6093 1571,6094 1573,6095 1574,6095 1575,6097 1575,6099 1576,6099 1902,6099 1902,6099 1902,6100 1904,6102 2433,6100 2434,6101 3430,6099 3435,6105 3435,6109 3437,6110 3438,6110 3439,6112 3439,6127 3440,6127 4242,6125 4242,6126 4242,6127 4243,6127 4265,6127 4266,6128 4269,6128 4270,6129 4272,6129 4273,6130 4275,6130 4276,6132 4277,6294 4276,6294 4275,6294 4274,6295 4269,6295 4268,6296 4242,6296 4242,6297 4242,6298 4241,6298"/><TextEquiv index="1"><Unicode>lité. Il faut leur prêter continuellement,</Unicode></TextEquiv></TextLine><TextLine id="r0_l033"><Coords points="4204,6510 4203,6510 4203,6466 4203,6465 4200,6465 4199,6464 4197,6465 4196,6464 4196,6463 4195,6462 4195,6459 4197,6458 4199,6457 4199,6457 4199,6356 4198,6355 3966,6356 3966,6357 3966,6400 3965,6401 3965,6402 3963,6403 3962,6403 3962,6404 3962,6405 3960,6407 3959,6407 3958,6408 3958,6452 3956,6454 3955,6454 3954,6455 3954,6456 3952,6458 3951,6458 3950,6459 3950,6460 3949,6461 3947,6461 3946,6461 3946,6439 3946,6438 3788,6438 3786,6440 3786,6441 3785,6442 3627,6443 3626,6443 3626,6444 3625,6446 3624,6446 3622,6447 3622,6448 3621,6450 3620,6450 3618,6448 3618,6447 3617,6446 3347,6446 3345,6448 3345,6449 3344,6450 3336,6450 3333,6448 3333,6447 3333,6446 3328,6446 3327,6445 3101,6446 3100,6446 3100,6447 3098,6450 3095,6447 3095,6446 3095,6446 2989,6446 2988,6445 2750,6446 2749,6446 2749,6447 2747,6450 2742,6450 2741,6450 2741,6452 2741,6453 2740,6453 2739,6454 2737,6452 2737,6451 2736,6450 2611,6450 2607,6446 2352,6447 2351,6447 2351,6455 2349,6458 2348,6458 2347,6458 2347,6471 2346,6473 2345,6473 2343,6474 2343,6475 2342,6477 2341,6477 2339,6478 2339,6483 2338,6485 2337,6485 2335,6486 2335,6487 2334,6489 2329,6489 2327,6490 2327,6495 2327,6496 2326,6496 2325,6497 2323,6497 2322,6496 2321,6496 2320,6495 2320,6494 2319,6493 2319,6489 2319,6489 2318,6489 2316,6487 2316,6442 2316,6442 2056,6442 2055,6443 2055,6444 2054,6445 2053,6446 2052,6446 2051,6446 2051,6445 2049,6442 1990,6442 1989,6441 1787,6442 1785,6440 1785,6435 1784,6434 1577,6434 1574,6437 1574,6438 1574,6438 1361,6439 1360,6439 1360,6440 1359,6442 1350,6442 1349,6441 1349,6440 1348,6439 1348,6434 1348,6434 1292,6434 1290,6432 1290,6431 1289,6430 1213,6430 1212,6430 1212,6429 1211,6428 1211,6427 1211,6426 1042,6426 1041,6425 960,6426 958,6424 958,6423 957,6422 952,6422 951,6421 951,6420 949,6418 949,6418 948,6418 947,6417 947,6416 945,6414 944,6414 943,6413 943,6408 941,6407 940,6407 939,6405 939,6404 937,6403 936,6403 935,6401 935,6396 933,6395 932,6395 931,6393 931,6388 931,6388 932,6388 935,6385 935,6377 937,6375 938,6375 939,6374 939,6365 940,6364 949,6364 950,6363 950,6362 956,6356 957,6356 958,6355 958,6319 962,6315 962,6311 964,6309 965,6309 966,6308 966,6307 968,6305 976,6305 978,6303 978,6302 978,6302 979,6302 980,6301 1184,6300 1185,6300 1185,6295 1185,6294 1186,6294 1188,6293 1189,6292 1189,6291 1189,6290 1245,6290 1247,6288 1247,6287 1248,6286 1253,6286 1255,6287 1255,6288 1256,6290 1257,6290 1259,6291 1259,6343 1259,6344 1319,6344 1320,6345 1975,6343 1976,6343 1976,6300 1978,6297 1979,6297 1980,6297 1980,6296 1981,6294 1990,6294 1992,6293 1992,6292 1993,6290 1998,6290 2000,6292 2000,6293 2001,6294 2002,6294 2004,6296 2004,6297 2004,6297 2005,6298 2006,6298 2008,6300 2008,6346 2008,6346 2202,6346 2204,6344 2209,6344 2210,6343 2210,6342 2211,6341 2213,6341 2214,6341 2214,6346 2215,6348 2330,6348 2331,6347 2331,6318 2332,6317 2349,6317 2350,6317 2350,6318 2352,6321 2353,6321 2354,6321 2354,6322 2355,6323 2355,6355 2355,6356 2463,6355 2464,6355 2464,6354 2465,6352 2466,6352 2468,6354 2468,6355 2469,6356 2673,6356 2674,6355 2674,6311 2676,6309 2677,6309 2678,6308 2678,6307 2680,6305 2681,6305 2682,6304 2682,6300 2682,6300 2693,6300 2694,6301 2695,6301 2698,6303 2698,6304 2698,6305 2699,6305 2702,6307 2702,6355 2702,6356 2931,6355 2932,6355 2932,6350 2933,6348 2934,6348 2936,6347 2936,6342 2936,6341 2937,6341 2940,6339 2940,6330 2940,6329 2941,6329 2942,6328 2944,6327 2944,6326 2944,6325 2945,6325 2952,6319 2952,6318 2952,6317 2957,6317 2959,6316 2959,6315 2960,6313 2965,6313 2967,6312 2967,6311 2968,6309 2981,6309 2983,6308 2983,6307 2984,6305 3004,6305 3006,6304 3006,6303 3006,6302 3007,6302 3008,6301 3015,6301 3018,6304 3018,6305 3018,6305 3035,6305 3037,6307 3037,6308 3038,6309 3043,6309 3045,6311 3045,6316 3046,6317 3047,6317 3049,6319 3049,6352 3049,6352 3258,6352 3259,6351 3259,6338 3260,6337 3261,6337 3263,6335 3263,6326 3264,6325 3265,6325 3267,6323 3267,6318 3268,6317 3269,6317 3271,6315 3271,6314 3271,6314 3272,6314 3275,6311 3275,6306 3275,6306 3276,6306 3277,6305 3281,6304 3283,6303 3283,6302 3283,6301 3284,6301 3285,6300 3286,6300 3287,6300 3287,6299 3287,6298 3288,6298 3289,6297 3297,6297 3299,6296 3299,6295 3299,6294 3312,6294 3318,6300 3318,6305 3318,6305 3319,6305 3322,6308 3322,6352 3322,6352 3539,6352 3540,6351 3540,6303 3542,6301 3543,6301 3544,6300 3544,6299 3545,6298 3546,6298 3547,6297 3556,6297 3557,6298 3558,6298 3560,6299 3560,6300 3560,6301 3561,6301 3564,6303 3564,6347 3564,6348 3859,6347 3860,6347 3860,6346 3860,6345 3861,6345 3862,6344 3910,6344 3911,6344 3911,6342 3911,6341 3912,6341 3913,6340 3917,6340 3919,6339 3919,6338 3919,6337 3920,6337 3921,6336 3930,6336 3931,6337 3933,6337 3934,6338 3934,6339 3935,6340 3943,6340 3946,6343 3946,6344 3946,6344 3947,6344 3950,6347 3950,6348 3950,6348 4206,6347 4207,6347 4207,6319 4208,6317 4209,6317 4211,6316 4211,6307 4211,6306 4212,6306 4214,6305 4214,6299 4214,6298 4262,6298 4263,6298 4263,6297 4263,6296 4268,6296 4269,6295 4274,6295 4275,6294 4276,6294 4277,6295 4277,6506 4276,6507 4272,6507 4271,6508 4243,6508 4242,6509 4209,6509 4208,6510"/><TextEquiv index="1"><Unicode>&amp; ils ne rendent jamais. Ce ſeroit une</Unicode></TextEquiv></TextLine></TextRegion></Page></PcGts>