4266 8162
1480 564 2149 796 r.
182 808 3324 1005 inſulte que de leur redemander ſon ar-
235 1008 3222 1203 gent. Ils ont contribué à ma ruine; &
204 1198 3215 1588 rnn se plui langeteſſeoonſeeoce
235 1587 2190 1777 de ma liaiſon avec eux.
263 1782 3529 1975 Je ſuis las de tous ces gens mépri-
235 1974 3230 2172 ſables. Je le ſuis autant, pour le moins,
33 2171 3385 2369 de ces intrigans qui fourmillent autour
30 2364 3408 2562 d'eux, & tâchent de vivre à leurs dépens,
196 2553 3219 2759 de ces chevaliers d'induſtrie, de ces vils
49 2747 3215 2949 eſcrocs dont j'ai été le jouet. Je vois,
96 2940 3215 3137 avec affadiſſement, les miſérables fineſſes
34 3129 3319 3319 dont ils uſent tous les jours, pour at-
26 3314 3238 3517 traper l'argent des gens ſimples & hon-
26 3512 3218 3709 nêtes. Je ne ſupporte qu'avec peine la
26 3705 3218 3899 vue de des miſérables, qui font profeſſion
22 3898 3218 4101 du ſecret d'emprunter. La plupart n'ont
30 4095 3601 4296 qu'un manège uſé, qu'ils emploient avec
26 4285 3234 4486 tout lemonde. J'en vois un, par exemple,
37 4482 3219 4676 qui emprunte, quelquefois ſans beſoin,
30 4672 3230 4873 de petites ſommes qu'il rend fidèlement,
37 4868 3215 5067 avec les plus grandes démonſtrations de
196 5062 3215 5265 reconnoiſſance, en témoignant le deſir
111 5255 3330 5455 ardent de reconnoître un tel ſervice, en
61 5444 3219 5649 offrant même ſa bourſe à ceux qu'il ſait
150 5637 3218 5835 n'en avoir pas beſoin. Quand il a obtenu
18 5819 3234 6036 de la confiance en rendant ainſi ponctuelle-
10 6024 3219 6233 ment quelques petites ſommes, toujours
10 6208 3215 6434 en croiſſant, il en emprunte une plus
2667 8038 3045 8132 --
