4266 7908
1358 598 1942 846 .
-15 841 3225 1236 p oui eu u qu ui paoi teeusie-
-14 1212 3210 1424 bécile, le plus propre à duper. Il s'ap-
-14 1410 3308 1796 e oeee ſo ſoui e e le eppiue pour
-13 1773 3222 1983 lui. Il eſt frappé, dit - il, par ſa vue,
-12 1968 3214 2173 comme d'un coup d'électricité. Il a ſu le
-12 2158 3218 2362 diſtinguer du reſte de la compagnie. Il a
-11 2353 3218 2545 vu, dans lui, une ame. Tous les autres
-11 2530 3229 2734 hommes végètent; il a trop appris à les
-11 2720 3574 2918 connoître à ſes dépens. Son cœur a été
-10 2898 3573 3102 obligé de ſe fermer pour eux; mais il
-10 3090 3229 3278 s'ouvre quand il rencontre une ame de
-10 3253 3240 3472 ſa trempe. Il eſt encore ſuſceptible d'a-
-9 3460 3240 3656 mitié, & ce ſentiment eſt d'autant plus
-9 3644 3259 4027 llor l éle e l p j a aa des ſaſes ſit
-8 4013 3386 4404 le ouil el oeſuſs uoe péle e iieeà
-7 4385 3244 4592 l'égard de ſes amis. Il éprouve le pen-
-7 4587 3308 4779 chant le plus fort pour l'homme ſimple
-6 4778 3244 4971 dont il veut tirer parti. Ce bon-homme,
-6 4962 3244 5157 tout étonné de ſe voir aimé à ce point,
-5 5151 3547 5367 eſt enchanté, enthouſiaſmé; il eſt tout
-5 5336 3540 5729 e daai, ui a laai, ouu a ſ aoanerii p aie
-4 5710 3263 5901 du moment & des diſpoſitions. Il touche
-4 5860 3248 6090 l'argent, l'emporte, & le bon-homme
