4266 8509
774 887 4173 1111 eſt tout ſurpris de ne plus revoir celui
1057 1109 2385 1311 qui l'aimoit tant.
1263 1304 4158 1502 Ces malheureux ſont toujours entourés
1056 1504 4157 1711 de proſtituées & d'entremetteuſes. Ils ſont
1056 1706 4153 1908 toujours chargés de faux billets, de fauſſes
1052 1908 4149 2115 lettres de change. Ils ont une foule de
1056 2114 4149 2510 e leun, le auetre iſſnnaoou
1062 2519 3718 2721 tous les gens qui ſont ſans état.
1049 2724 4145 2926 J'entendis, l'autre jour, le Chevalier
923 2921 4141 3123 Marqué étaler ſa morale diabolique. Je
919 3122 4145 3323 n'étois ſéparé de lui que par une cloiſon
1040 3321 4145 3519 Il ne me ſavoit pas ſi près, le miſérable.
1040 3523 4149 3737 J'eus la force de l'écouter pendant près
1036 3725 4153 3932 d'un quart - d'heure. Il endoctrinoit un
1040 3926 4153 4138 malheureux petit jeune-homme, un ſe-
1040 4136 4153 4343 cond Céſar, qu'il venoit de prendre dans
1036 4334 4157 4543 ſes filets. Il s'attachoit à détruire les bont
1029 4544 4150 4747 principes qu'on lui avoit donnés, & ren-
1041 4747 4130 4949 verſoit impudemment tontes les notions
1053 4949 4142 5147 du juſte & de l'injuſte. Il en réſultoit le
867 5150 4165 5353 Dialogue dont je vais te donner une
678 5347 4141 5549 eſquiſſe abrégée. „Vous ne vous formez
1048 5557 4137 5772 “pas, mon cher ami, diſoit le tenta-
1044 5763 4157 5970 “teur au jeune - homme, vous avez
1044 5961 4137 6171 “toujours l'air d'un petit écolier qui
1040 6163 4137 6329 “vient de recevoir des férules. Vous
1004 6377 4149 6583 “avez une modeſtie gauche qui vous
