4266 8037
3446 4 4236 125 T
1391 670 2109 870 rr.
82 879 3122 1113 “Monſieur, je n'avois jamais entendu
178 1093 3118 1307 “parler ſur ce ton. Et les excès du vin,
185 1276 3137 1437 “comment les excuſerez - vous?“ --
197 1475 3217 1678 „Par l'exemple du même Sage de l'an-
56 1668 2218 1871 “tiquité, du même Caton.
57 2027 1970 2145 La vertu du vieux Caton
53 2193 2021 2339 Etoit ſouvent, nous dit-on,
251 2385 1811 2535 De Falerne enluminée.
52 2634 3263 2848 “Vous ſavez qu'on l'a rencontré quel-
79 2840 3339 3072 “quefois ivre dans les rues. Anacréon,
171 3032 3404 3218 “le Poëte des honnêtes - gens, Horace,
83 3213 3149 3408 “celui des Sages, ne parlent que d'une
182 3400 3190 3592 “heureuſe ivreſſe, ne célébrent pas autre
41 3591 3435 3791 “choſe. Les Anciens n'avoient - ils pas
56 3783 3156 3982 “diviniſé l'ivreſſe, puiſqu'ils avoient un
52 3972 3152 4176 “Dieu du vin? Outre la conſolation &
48 4163 3156 4362 “la gaîté qu'on puiſe dans les parties
205 4357 3160 4554 “bachiques, rien ne donne, tant que
64 4540 3164 4746 “le vin, cet air de force, de franchiſe, de
94 4735 3160 4935 “réſolution qui appartient à un homme.
209 4925 3164 5124 “Vous l'éprouverez avec le temps, &
30 5120 3171 5311 “vous reconnoîtrez, qu'il ne convient
29 5310 3171 5501 “qu'à des enfans & à des femmes d'être
33 5497 3179 5697 “ſi retenus ſur l'article du vin. Le ſexe
209 5688 3351 5890 “aimable ne ſe donnoit-il pas carrière
29 5878 3187 6076 “dans les orgies de Bacchus?“ -- „C'eſt-
216 6069 3183 6269 “à-dire, qu'à vous entendre, il faudroit
220 6264 3183 6458 “que j'allaſſe m'enivrer ſur-le-champ,
