4266 8411
894 941 4104 1151 “& que je ne ſortiſſe preſque pas de
1068 1142 4100 1354 “cet état.“ -- „Vous n'en feriez peut-
803 1340 4100 1545 “être pas plus mal. J'aime aſſez les gens
1071 1541 4139 1734 “ivres. J'en tire plus aiſément parti,
1069 1743 4085 1936 “que des autres.“ -- „Cette doctrine
1065 1944 4137 2136 “eſt nouvelle; & le jeu?.... Vous m'allez
1064 2135 4065 2342 “dire encore qu'on peut en uſer, mais
1056 2337 4080 2487 “modérément du moins.“ -- „Je ne
1056 2534 4088 2734 “ſais pas ſi cette modération eſt bien
1056 2732 4119 2946 “néceſſaire.“ -- „Quoi! vous voulez
1056 2933 4120 3122 “que je joue juſqu'à me ruiner!“ --
1071 3130 4124 3327 „Pourquoi pas? Ecoutez, il faut voit
1052 3323 4124 3521 “en grand. Je vous prêche ici plus que
894 3520 4120 3773 “la morale des hommes. Je vous expoſe
1048 3721 4124 3919 “celle des héros, parce que vous ete
1044 3918 4092 4121 “fait pour le devenir. Un Philoſophe
1044 4116 4112 4309 “avoit jeté toute ſa fortune à l'eau. U
1037 4318 4117 4511 “grand homme peut faire la même
1036 4514 4120 4713 “choſe, pour en obtenir une plus grande.
969 4711 4124 4901 “Il faut ſacrifier les petites choſes. Vous
898 4908 4092 5106 “ne ſavez pas tout le reſſort que donne
1032 5104 4092 5302 “la rage, quand on a perdu tout c
1036 5302 4124 5505 “qu'on a, comme on fait des efforts,
1024 5496 4124 5703 “comme on acquiert de l'énergie & de
1028 5693 4151 5902 “l'élévation, comme on développe enfin
1024 5890 4187 6088 “ſon ame éprouvée par les revers. Fré-
748 6070 4183 6293 “quentez les Académies de jeu; c'eſt-là
718 6297 4038 6483 “que vous voyez une nature forte &
684 6482 4041 6690 “prononcée, que vous obſervez les
3281 6700 4050 6901 “hommes
718 8214 1388 8321 ----
