4266 8533
917 853 4041 1070 la déplorable exiſtence de Laure & de
921 1066 2011 1273 mes enfans.
833 1262 4202 1477 Je prévoyois ce ſort affreux, & je
921 1467 4205 1672 voulois l'éviter; mais il ne m'a pas été
933 1667 4206 1882 poſſible de le faire. La malédiction du
729 1872 4198 2078 ciel me pourſuit ſans ceſſe, depuis l'hor-
917 2076 4177 2273 rible attentat que j'ai commis, involon-
917 2277 4182 2485 tairement pourtant. Tout tourne à mal
913 2477 4113 2683 contre moi. Ce ſont ces malheureux Sei-
913 2681 4182 3086 landies ſoiene les Caanss de oout laut
893 3070 4170 3286 ſequelle! J'avois fait tous mes préparatifs
901 3283 4150 3484 pour quitter Paris, je partois le lende-
909 3482 4165 3689 main. J'ai eu le malheur de rencontrer
909 3680 4162 3892 un flot de ces roués de Cour. Ils ſe ſont
861 3885 4177 4094 jetés à ſix ſut moi. Ils m'ont entraîné
869 4085 4025 4290 en frac comme j étois, dans une maiſon
877 4290 4169 4503 du plus haut parage. Il a fallu jouer.
877 4494 4173 4707 Quelqu'un a mis d'abord pour moi, ſans
893 4706 4069 4960 ma participation, a gagné, & m'a remis
893 4895 4162 5108 l'argent. „Vous etes aujourd'hui en
885 5106 4125 5314 “main, m'a-t-il dit, proſitez du mo-
893 5312 4005 5505 “ment Le jour eſt arrivé où vous ferez
757 5509 4178 5725 “votre fortune; chacun a, comme cela,
893 5713 4185 5919 “un moment dans ſa vie. Malheur à
889 5910 4186 6127 “qui le manque.“ Je me ſuis trouvé
889 6117 4189 6324 engagé, malgré moi, par de belles
520 6315 4210 6551 Dames auxquelles on ne peut rien refuſen
