4266 8282
1071 981 4235 1188 “mon iunique appui.“ Je cours à ſa
872 1185 4235 1388 maiſon de campagne; on m'apprend
817 1377 4234 1778 uu eaus iueuſee o sdeie pae os
1107 1768 4235 1977 ils ſont allés. Je vole de tous les côtés,
1114 1972 4235 2180 où je ſoupçonne que je puis la trouver.
1103 2171 4235 2375 Peine ſurperflue. Enfin je rencontre un de
790 2371 4235 2573 mes jeunes Seigneurs, qui me paroiſſoit
1005 2563 4235 2785 aſſez gai; il me ſaute au cou, m'accable
1107 2762 4234 2973 de ſes embraſſades. „Mon ami, me dit-il,
1099 2962 4234 3162 “j'ai gagné le Pérou.“ -- „Je lui en fais
1087 3162 4234 3363 “mon compliment, de tout mon cœur.
1095 3350 4234 3563 “Il me conduit chez lui; il me montre
1095 3549 4234 3756 “des rouleaux de louis.“ Alors je ſur-
1114 3752 4234 3953 monte ma timidité, & je lui dis: „Mon
1095 3952 4234 4157 “ami, vous êtes heureux, je vous en
1095 4144 4234 4350 “félicite; mais, pour moi, je ſuis le
1064 4344 4234 4551 “plus malheureux des hommes, j'ai
1083 4543 4234 4739 “perdu tout ce que j'avois, & quatre-
1064 4722 4234 4943 “vingt mille francs ſur ma parole. Ne
1060 4939 4234 5145 “pouvez-vous point m'aider, pour me
1056 5131 4234 5343 “faire cette ſomme?“ -- „Ma foi non,
1083 5330 4234 5538 “répondit-il; on ne joue pas, comme
778 5526 4234 5738 “cela, un jeu d'enfer. C'eſt vouloir,
1079 5725 4234 5930 “de gaîté de cœur, ſe ruiner. Moi, j'ai
1071 5921 4234 6135 “beſoin de tout mon argent. J'en ai
786 6117 4235 6331 “fait la deſtination.“ Le miſérable! je
1067 6317 4235 6533 lui en avois ſouvent prêté, & il ne me
1056 6512 4235 6732 l'avoit jamais rendu. Je pris, ſur moi,
2329 8052 2854 8158 ----
3197 8136 4040 8275 ---
