4266 8851
12 1024 3575 1283 d'inſiſter; refus toujours nouveau de ſa
120 1241 3567 1492 part. Enfin, il apperçut, ſur ſon bu-
275 1451 3617 1697 reau, trois ignobles ſacs de mille francs
129 1664 3950 1904 en argent blanc. „Qu'eſt - ce que c'eſt
108 1877 3571 2116 “que cela, dit-il, d'un air dédaigneux?
133 2095 3768 2330 “Qu'eſt - ce que cela fait ici? Tiens,
104 2304 3592 2540 “débarraſſe-moi de cela, ſi tu veux.“ Je
104 2513 3617 2751 ne me fis pas prier pour enlever les
99 2726 3605 2966 mille écus. „Mais c'eſt une charge de
112 2939 3864 3177 “Porte-faix, me dit-il.“ -- „N'im-
112 3146 3601 3387 “porte, répondis-je, ce ſera toujours
73 3362 3626 3600 “cela de moins à payer.“ -- „Je ſuis
78 3565 3638 3816 “bien fâché, reprit-il, de ne pouvoir
78 3768 3592 4016 “faire mieux; le petit Duc de a
83 3994 3588 4228 “gagné beaucoup plus que moi; il
70 4207 3617 4454 “pourra peut-être t'obliger mieux. Vois,
70 4437 1580 4651 “eſſaye.“
250 4617 3621 4868 Je trouvai le conſeil bon. J'y volai
62 4855 3605 5070 avec mes trois ſacs, fort content de les
62 5065 3642 5282 avoir. Je trouvai mon petit Duc dans le
58 5270 3923 5481 raviſſement. C'étoit le meilleur de ces
53 5481 3588 5718 jeunes Seigneurs, celui ſur lequel je
83 5692 3931 5918 comptois le plus. „Ah! mon cher ami,
36 5901 3596 6143 “me dit - il en m'embraſſant, je ſuis
45 6115 3592 6362 “enchanté de te voir. Viens prendre
41 6324 3605 6566 “part à mon bonheur. J'ai gagné hier
37 6533 3609 6775 “cinq cents mille francs.“ -- „Ah!
36 6745 3605 6989 “mon cher ami, lui répondis-je en l'em-
45 6951 3722 7198 “braſſant de tout mon cœur, je vous
2575 7208 2967 7412 Hv
