4266 8095
1344 722 2080 919 Lr.
41 947 3580 1157 mille qu'il me compta. Le malheureux
41 1142 3302 1345 me fit faire des contrats, & me lia le
37 1332 3309 1542 plus fortement qu'il lui fut poſſible, pour
132 1523 3306 1730 s'aſſurer des biens que je lui tranſmet-
125 1713 3306 1915 tois; de ſorte qu'il obtenoit, de moi,
333 1907 3325 2113 plus de deux millions, pour quatre-
342 2106 3313 2301 vingt mille francs comptant, & pour
346 2296 3493 2492 les cent mille francs antérieurs, dont je
338 2483 3302 2685 n'avois pas touché trente mille francs
113 2677 3321 2876 effectifs. Ainſi, je n'ai plus exactement
113 2860 3317 3044 rien. Je ſuis, au contraire, accablé de
106 3058 3325 3256 pluſieurs autres dettes, que, probablement,
102 3256 2417 3449 je ne pourrai jamais payer.
471 3440 3332 3635 Après avoir recueilli ſi chèrement mon
90 3629 3336 3833 argent, je me hâtai de le porter à mes
94 3820 3611 4019 cruels créanciers. Ils le reçurent fort po-
94 3996 3340 4217 liment, en exaltant beaucoup ma probité,
86 4201 3344 4401 mon honneur. En ſortant, j'entendis des
75 4387 3348 4588 éclats de rire. Je diſtinguai même l'ordre
79 4586 3352 4972 oue s oa l la voſis eureemen
75 4966 3351 5164 “coulé à fond, dit une Dame. Il ne
182 5161 3603 5360 “faut plus voir cela. Il convient bien
56 5353 3355 5542 “à de petits Provinciaux, comme cela,
376 5542 3367 5742 “qui tombent des nues, de ſe gliſſer chez
60 5736 3359 6137 euue e ees, ,e oura de ui
52 6083 3351 6324 l'homme: „Vous êtes un coquin; ſortez
369 6315 3351 6507 “pour me faire raiſon ſur-le -champ;
1881 7995 2993 8087 ---- ---
