4266 8379
2380 721 2864 942 r
795 948 4175 1185 a & vous, dis-je à la Dame, vous êtes
1090 1163 4179 1370 “une fripponne, & vous mériteriez les
972 1358 4179 1569 “étrivières.“ -- „O ciel! s'écria la Dame;
1102 1559 4171 1759 “au voleur, à l'aſſaſſin! qu'on aille
740 1752 4163 1977 “chercher la Garde!“ Oh! ſi mes quatre
1082 1937 4156 2156 vingt mille francs avoient encore été là,
1070 2150 4151 2357 comme je m'en ſerois ſaiſi de grand
932 2343 4148 2554 cœur! Je régalai Madame la Comteſſe
1047 2544 4147 2750 d'une paire de ſoufflets, & M. le Mar-
1070 2745 4140 2950 quis de coups de plat d'épée ſur le vi-
1063 2926 4140 3142 ſage, & je me hâtai de ſortir, parce
1059 3135 4159 3343 qu'on étoit allé chercher main-forte. Je
1055 3328 4132 3536 me retirai, chez moi, le déſeſpoir dans
1051 3529 4144 3736 le cœur. „Parbleu! me diſois-je, j'étois
1051 3726 4163 3934 “un fier imbécille, de faire de ſi hot-
1019 3927 4163 4138 “ribles ſacrifices, pour agir en homme
764 4128 4163 4331 “d'honneur vis à-vis de gens qui en ont
763 4321 4155 4530 “ſi peu, qui m'ont probablement excro
1039 4528 4156 4729 “qué mon argent, & qui me traitent
1043 4719 4171 4926 “ſi indignement, pour prix de mon
708 4916 4171 5126 “honnêteté à leur égard; & j'ai eu l'im-
1035 5113 4164 5322 “bécillité de préférer ces infâmes créan-
1019 5312 4167 5523 “ciers à mes autres créanciers légitimes,
1023 5510 4199 5724 “& à ma Laure, à mes enfans, qui
1007 5719 3939 5923 “vont peut-être périr de misère!“
1019 5904 4218 6123 Je rentrai chez moi, plongé dans ces
1019 6103 4219 6323 triſtes réflexions. J'en fus tiré tout-à-coup
1004 6318 4080 6515 par une nouvelle ſcène. Il y avoit, chez
992 6503 4199 6720 moi, des Gardes; onvenoit de ſaiſis
3061 8206 3786 8329 -
