4266 8094
-15 853 3484 1076 tous mes effets. Je n'avois plus rien au
-14 1059 3252 1264 monde que ce qui étoit ſur mon corps,
-14 1250 3278 1458 encore le devois-je. On vouloit auſſi s'em-
323 1440 3255 1639 parer de ma perſonne, & me conduire
-13 1627 3392 1837 en priſon pour dettes. Je me défendis
-13 1821 3278 2018 comme un lion, & je vins à bout de
-12 2008 3263 2208 me ſouſtraire à l'indigne canaille qui
-11 2199 3381 2402 vouloit m'arrêter. Je me ſauvai à pied
-12 2396 3267 2588 chez ma divine Laure, à la campagne.
-11 2539 3274 2972 lane la mour,
-10 2962 3274 3148 comme une belle fleur tranchée par la
-10 3145 3278 3336 faux du Moiſſonneur, qui ſe deſſeche
-10 3322 3358 3526 ſur la terre. Tous mes enfans paroiſſoient
-9 3503 3278 3725 ſouffrir comme elle. J'arrivois moi-même
-9 3713 3282 3913 dépouillé de tout, preſque nud, réduit
-8 3903 3282 4122 au plus déplorable état. Je ſerrai ma
-8 4098 3282 4313 Laure contre mon cœur; elle ne pouvoit
304 4287 3564 4487 parler, ni moi non plus. Il lui échappoit
-7 4473 3301 4674 de temps en temps, des ſanglots. Mes
-7 4665 3278 4864 enfans pouſſoient- des cris & fondoient
-6 4855 3389 5063 en larmes. Je les embraſſai en ſilence.
361 5054 3613 5261 Laure liſoit, dans mes yeux, mon
-5 5234 3271 5440 état déſeſpéré. Elle n'oſoit m'interroger,
-5 5400 3274 5627 ſentant que je n'avois rien que de fu-
-5 5617 3274 5806 neſte à lui annoncer. Elle ſe trouvoit elle-
-4 5804 3270 6015 même au bout de ſes reſſources. On ne
-4 5962 3301 6204 lui vouloit plus rien fournir, ni pain, ni
-3 6176 3278 6392 aucune autre ſubſiſtance. On venoit lui
3782 7960 4281 8093 --
