<PcGts xmlns="http://schema.primaresearch.org/PAGE/gts/pagecontent/2017-07-15" xmlns:xsi="http://www.w3.org/2001/XMLSchema-instance" xsi:schemaLocation="http://schema.primaresearch.org/PAGE/gts/pagecontent/2017-07-15 http://schema.primaresearch.org/PAGE/gts/pagecontent/2017-07-15/pagecontent.xsd"><Metadata><Creator>User123</Creator><Created>2020-10-15T18:11:55</Created><LastChange>2020-10-15T18:11:55</LastChange></Metadata><Page imageFilename="0195.png" imageHeight="8598" imageWidth="4266"><TextRegion id="r0" type="paragraph" orientation="-0.375"><Coords points="1,1 4264,1 4264,8596 1,8596"/><TextLine id="r0_l001"><Coords points="3973,67 4241,69 4240,212 3972,210"/><TextEquiv index="1"><Unicode>-</Unicode></TextEquiv></TextLine><TextLine id="r0_l002"><Coords points="2008,627 2787,632 2785,827 2006,822"/><TextEquiv index="1"><Unicode>(r)</Unicode></TextEquiv></TextLine><TextLine id="r0_l003"><Coords points="4233,1107 4233,1106 4233,1105 4232,1105 4223,1105 4222,1104 4221,1104 4221,1103 4221,1102 4219,1101 4215,1101 4214,1100 4213,1100 4213,1099 4213,1098 4212,1097 4212,1096 4212,1096 4210,1096 4208,1094 4208,1093 4207,1092 4206,1092 4205,1091 4205,1069 4205,1068 4195,1068 4192,1066 4192,1052 4192,1051 4100,1051 4098,1049 4098,1048 4098,1048 4043,1047 4041,1046 4041,1044 4041,1043 3945,1043 3944,1042 3944,1041 3944,1041 2435,1031 2434,1031 2434,1050 2434,1051 2433,1051 2430,1053 2430,1062 2430,1063 2429,1063 2428,1064 2426,1065 2426,1066 2426,1067 2425,1067 2424,1068 2422,1069 2422,1070 2422,1071 2421,1071 2418,1073 2418,1074 2417,1076 2412,1076 2409,1078 2409,1079 2409,1080 2383,1080 2382,1080 2382,1081 2380,1084 2326,1083 2325,1084 2325,1088 2325,1088 2312,1088 2311,1088 2311,1033 2311,1032 1555,1027 1554,1026 1013,1023 1010,1020 1010,1019 1010,1019 997,1019 996,1017 995,1017 994,1017 994,1016 994,1015 993,1015 991,1014 990,1013 990,1012 990,1011 989,1011 987,1009 986,1009 986,1009 986,1008 985,1007 984,1007 982,1005 982,992 980,990 979,990 978,989 978,976 976,974 975,974 974,973 974,955 973,954 967,954 966,953 966,951 967,949 968,949 970,948 970,947 971,945 973,945 974,945 974,943 975,941 995,941 996,940 1026,941 1027,940 1027,881 1029,880 1054,880 1056,877 1056,876 1057,876 1113,876 1113,876 1113,873 1114,872 1178,873 1179,872 1180,872 1182,869 1182,868 1183,868 1537,870 1539,868 2829,876 2830,875 3506,880 3507,881 3507,882 3508,883 4220,888 4221,889 4221,891 4222,892 4240,892 4241,893 4241,895 4242,896 4241,1106 4240,1107"/><TextEquiv index="1"><Unicode>demander de l'argent de tous les côtés</Unicode></TextEquiv></TextLine><TextLine id="r0_l004"><Coords points="988,1305 988,1305 988,1203 986,1201 986,1200 986,1199 985,1198 984,1198 982,1197 982,1196 981,1194 980,1194 978,1193 978,1184 977,1182 976,1182 974,1181 974,1168 972,1165 971,1165 970,1165 970,1163 970,1162 970,1135 971,1133 972,1133 974,1132 974,1131 975,1129 976,1129 978,1128 978,1127 979,1125 980,1125 982,1124 982,1119 984,1116 985,1116 986,1116 986,1115 988,1112 989,1112 990,1112 990,1111 992,1108 993,1108 994,1108 994,1107 995,1106 995,1105 996,1103 997,1104 998,1103 998,1102 997,1102 845,1101 843,1098 844,1097 844,1096 844,1096 862,1096 864,1094 864,1093 865,1092 1015,1093 1016,1092 1025,1092 1027,1090 1027,1089 1028,1088 1450,1090 1453,1087 2307,1093 2308,1093 2308,1090 2310,1088 2748,1091 2748,1090 2748,1089 2750,1088 2768,1088 2768,1089 2768,1090 2773,1095 2773,1097 2773,1097 4240,1107 4241,1107 4240,1175 4241,1176 4241,1309 4240,1310 4205,1310 4205,1309 4205,1302 4204,1301 1973,1287 1973,1287 1973,1289 1972,1290 1963,1290 1962,1291 1038,1285 1038,1285 1038,1296 1037,1297 1036,1297 1035,1298 1034,1298 1033,1299 1031,1299 1030,1300 1029,1300 1028,1301 1001,1301 1001,1301 1001,1305 1000,1306"/><TextEquiv index="1"><Unicode>Quand on me vit arriver, on crut que</Unicode></TextEquiv></TextLine><TextLine id="r0_l005"><Coords points="4224,1518 4223,1517 4216,1517 4215,1516 4197,1515 4196,1515 4196,1514 4196,1513 4195,1513 4194,1512 4193,1512 4192,1512 4192,1510 4192,1509 1457,1492 1455,1490 1455,1488 1455,1488 968,1484 966,1483 966,1482 965,1480 964,1480 962,1479 962,1469 963,1468 964,1468 964,1468 965,1467 966,1466 966,1449 965,1448 697,1447 697,1446 697,1443 697,1443 965,1444 966,1444 966,1355 968,1353 969,1353 970,1352 970,1351 972,1349 973,1349 973,1349 974,1314 974,1313 975,1313 978,1311 978,1310 978,1309 979,1309 980,1308 985,1308 986,1308 986,1307 987,1305 1000,1306 1001,1305 1026,1305 1027,1304 1027,1301 1027,1301 1028,1301 1029,1300 1030,1300 1031,1299 1033,1299 1034,1298 1035,1298 1036,1297 1037,1297 1038,1296 1956,1302 1957,1301 1957,1293 1958,1292 1959,1292 1960,1291 1962,1291 1963,1290 3086,1297 3087,1297 3087,1294 3088,1292 3105,1292 3107,1291 3107,1290 3108,1288 3110,1288 3111,1289 3111,1290 3112,1291 3790,1296 3793,1298 3793,1299 3793,1300 3794,1300 3797,1302 3797,1305 3797,1306 4059,1308 4060,1309 4240,1310 4241,1310 4240,1328 4241,1329 4240,1481 4241,1482 4241,1517 4241,1518"/><TextEquiv index="1"><Unicode>j'en apportois; &amp;, pendant quelques</Unicode></TextEquiv></TextLine><TextLine id="r0_l006"><Coords points="1084,1698 1084,1698 1084,1640 1084,1639 1004,1639 1003,1639 1003,1660 1002,1661 1002,1662 1002,1663 1001,1663 998,1665 998,1674 998,1675 997,1675 994,1677 994,1678 994,1678 993,1678 992,1679 992,1680 992,1680 988,1680 986,1682 986,1683 985,1684 968,1684 966,1683 966,1682 964,1679 963,1679 962,1679 962,1678 961,1677 961,1675 962,1674 962,1673 963,1672 964,1671 965,1671 965,1671 966,1555 967,1553 968,1553 969,1553 969,1552 971,1549 973,1549 974,1549 974,1506 976,1504 977,1504 977,1504 978,1503 978,1502 980,1500 993,1500 994,1499 1001,1500 1003,1502 1003,1503 1004,1504 1005,1504 1007,1506 1007,1514 1008,1515 1160,1516 1162,1518 1162,1519 1163,1520 1164,1520 1166,1522 1166,1548 1166,1549 1270,1549 1271,1550 1271,1551 1272,1552 1331,1553 1333,1554 1333,1555 1334,1557 1335,1557 1337,1558 1337,1568 1337,1569 1338,1569 1339,1570 1340,1570 1341,1570 1341,1613 1341,1614 1450,1614 1451,1614 1451,1517 1453,1515 1549,1516 1549,1516 1549,1506 1551,1504 1564,1504 1565,1506 1565,1507 1567,1508 1568,1508 1569,1510 1569,1511 1570,1512 1570,1552 1570,1552 1851,1554 1852,1553 1909,1553 1912,1551 1912,1550 1913,1549 1914,1549 1917,1552 1993,1552 1994,1552 1994,1530 1995,1529 1996,1529 1998,1527 1998,1502 2000,1500 2001,1500 2002,1499 2002,1498 2004,1496 2017,1496 2018,1498 2018,1552 2018,1552 2243,1554 2244,1553 2298,1553 2299,1553 2299,1504 2300,1503 2300,1502 2302,1500 2303,1500 2303,1500 2303,1499 2305,1497 2316,1497 2316,1498 2316,1499 2317,1499 2318,1500 2319,1500 2320,1502 2320,1503 2321,1503 2322,1504 2323,1504 2324,1506 2324,1552 2324,1552 2531,1554 2532,1553 2532,1499 2533,1499 2666,1499 2669,1496 2673,1496 2675,1494 2675,1493 2677,1492 2698,1492 2700,1494 2700,1495 2701,1496 2702,1496 2703,1497 2703,1498 2704,1499 2704,1552 2704,1553 2879,1554 2880,1553 3004,1554 3005,1553 3005,1550 3007,1549 3008,1549 3009,1547 3009,1546 3011,1545 3013,1545 3013,1545 3013,1546 3015,1548 3172,1549 3172,1548 3172,1506 3175,1504 3176,1504 3176,1503 3176,1502 3179,1500 3188,1500 3189,1501 3189,1502 3190,1503 3191,1504 3192,1504 3193,1505 3193,1551 3193,1552 3466,1554 3467,1553 3468,1553 3469,1552 3471,1550 3471,1549 3472,1549 3490,1549 3490,1549 3490,1550 3491,1551 3491,1555 3491,1556 3608,1557 3609,1556 3609,1505 3611,1504 3612,1504 3613,1502 3613,1501 3615,1500 3628,1500 3629,1501 3629,1503 3630,1504 3837,1505 3837,1506 3837,1511 3838,1511 3897,1511 3899,1514 3899,1560 3899,1561 3921,1561 3923,1562 3923,1563 3924,1565 3961,1565 3964,1567 3964,1568 3964,1569 4195,1570 4196,1570 4196,1516 4197,1515 4202,1515 4203,1516 4223,1517 4224,1518 4241,1518 4241,1518 4240,1634 4241,1635 4241,1708 4240,1709 4230,1709 4229,1710 4212,1710 4211,1711 4196,1710 4194,1708 4193,1708 4192,1707 4192,1701 4192,1700 4141,1700 4139,1699 4139,1697 4139,1696 4063,1696 4062,1695 4062,1663 4062,1663 4059,1663 4058,1662 4058,1656 4058,1656 3929,1655 3927,1653 3927,1652 3926,1651 3921,1651 3919,1649 3919,1648 3919,1648 3838,1647 3837,1648 3837,1659 3837,1659 3831,1659 3829,1658 3829,1647 3829,1646 3663,1645 3661,1647 3648,1647 3645,1644 3437,1642 3436,1643 3254,1642 3253,1643 3174,1643 3173,1642 3173,1641 3172,1640 2979,1638 2978,1639 2978,1640 2975,1643 2970,1643 2969,1644 2969,1645 2968,1646 2968,1647 2968,1647 2966,1647 2965,1647 2965,1646 2964,1645 2964,1644 2964,1643 2798,1642 2797,1643 2797,1703 2796,1703 2789,1703 2789,1703 2789,1643 2789,1642 2736,1642 2735,1643 2714,1643 2711,1640 2526,1639 2524,1640 2524,1641 2523,1643 2521,1642 2520,1643 2371,1643 2369,1640 2063,1638 2062,1639 1986,1639 1985,1639 1985,1701 1984,1702 1978,1702 1978,1701 1978,1639 1978,1639 1910,1638 1909,1639 1708,1638 1707,1639 1573,1638 1572,1639 1551,1639 1549,1641 1549,1642 1548,1643 1440,1642 1439,1643 1439,1658 1438,1659 1437,1659 1435,1661 1435,1662 1434,1663 1433,1663 1431,1665 1431,1666 1430,1667 1425,1667 1423,1669 1423,1670 1422,1671 1421,1671 1418,1674 1418,1675 1418,1675 1417,1675 1416,1676 1409,1676 1406,1674 1406,1673 1406,1672 1405,1672 1402,1670 1402,1669 1402,1668 1401,1668 1398,1666 1398,1641 1398,1640 1146,1638 1145,1639 1097,1639 1096,1640 1096,1698 1095,1698"/><TextEquiv index="1"><Unicode>jours, les créanciers ſe remirent à four-</Unicode></TextEquiv></TextLine><TextLine id="r0_l007"><Coords points="4212,1924 4211,1923 4176,1922 4175,1921 4163,1921 4162,1920 4160,1920 4160,1920 4160,1919 4159,1918 4159,1917 4158,1916 3327,1911 3327,1910 3327,1906 3326,1906 1663,1895 1663,1895 1663,1898 1661,1900 1660,1900 1660,1900 1659,1901 1659,1902 1657,1904 1628,1904 1626,1901 1626,1900 1625,1900 1624,1900 1622,1897 1622,1853 1621,1853 1420,1851 1418,1849 1418,1848 1418,1847 1413,1847 1412,1846 960,1843 958,1842 958,1841 957,1840 957,1832 956,1830 955,1830 954,1830 954,1829 953,1828 953,1825 953,1824 712,1823 711,1822 710,1822 709,1821 709,1819 711,1818 961,1819 961,1819 962,1763 963,1761 976,1761 978,1760 978,1759 979,1757 984,1757 986,1756 986,1755 987,1753 1075,1754 1076,1754 1076,1710 1077,1708 1078,1708 1080,1707 1080,1702 1081,1700 1082,1700 1084,1698 1355,1700 1358,1697 1358,1696 1359,1696 2071,1701 2073,1700 2082,1700 2083,1698 2083,1697 2085,1696 3528,1705 3529,1704 3539,1704 3539,1704 3539,1703 3542,1700 3547,1700 3548,1702 3548,1703 3550,1704 4240,1709 4241,1709 4240,1786 4241,1787 4241,1923 4240,1924"/><TextEquiv index="1"><Unicode>nir des proviſions; mais, quand on vit</Unicode></TextEquiv></TextLine><TextLine id="r0_l008"><Coords points="4205,2130 4204,2129 4188,2128 4187,2128 4187,2125 4187,2124 4169,2124 4168,2124 4168,2121 4167,2120 4167,2098 4167,2097 3420,2092 3416,2088 3411,2088 3409,2086 3409,2066 3408,2065 1497,2053 1497,2053 1496,2110 1495,2112 1494,2112 1492,2110 1492,2107 1492,2107 1009,2104 1006,2101 1007,2051 1006,2051 995,2051 994,2049 994,2048 993,2047 988,2047 986,2045 986,2044 985,2043 967,2043 966,2042 966,2037 964,2035 960,2035 959,2034 958,2034 958,2034 958,2033 955,2030 954,2030 954,2030 954,2029 953,2028 953,1997 954,1996 954,1995 955,1994 956,1994 958,1992 958,1991 959,1990 960,1990 961,1989 965,1989 966,1988 966,1987 967,1986 968,1986 970,1984 970,1983 971,1982 972,1982 973,1981 977,1981 978,1980 978,1979 979,1978 980,1978 982,1976 982,1971 984,1969 985,1969 986,1968 986,1967 988,1965 991,1965 992,1964 1014,1965 1014,1964 1014,1963 1017,1961 1165,1962 1165,1961 1166,1913 1167,1912 1176,1912 1177,1911 1177,1910 1179,1908 1767,1912 1770,1909 1770,1908 1770,1908 1775,1908 1778,1905 1778,1904 1778,1904 2853,1911 2855,1909 2855,1908 2855,1908 3335,1911 3336,1911 3336,1915 3336,1916 4167,1921 4168,1922 4211,1923 4212,1924 4240,1924 4241,1924 4240,1939 4241,1940 4240,2092 4241,2093 4241,2129 4241,2130"/><TextEquiv index="1"><Unicode>qu'on n'obtenoit rien de moi, on nous</Unicode></TextEquiv></TextLine><TextLine id="r0_l009"><Coords points="1301,2317 1301,2316 1301,2255 1301,2255 1269,2254 1268,2255 1268,2306 1266,2308 1265,2308 1264,2309 1264,2310 1261,2312 1248,2312 1248,2312 1248,2311 1246,2308 1233,2308 1231,2307 1231,2256 1231,2255 1193,2255 1192,2254 1191,2254 1190,2253 1190,2252 1190,2252 1000,2251 998,2252 998,2253 997,2255 991,2254 990,2255 951,2255 950,2256 950,2260 949,2261 949,2262 948,2263 943,2263 941,2262 941,2240 942,2239 943,2239 944,2238 945,2216 946,2214 947,2214 949,2213 949,2200 950,2198 955,2198 957,2197 957,2193 958,2192 958,2191 959,2189 960,2189 962,2188 962,2183 963,2181 964,2181 966,2180 966,2179 967,2177 972,2177 974,2176 974,2175 975,2173 980,2173 982,2172 982,2171 983,2169 989,2169 990,2168 996,2169 999,2166 999,2165 999,2165 1202,2166 1203,2165 1205,2165 1206,2165 1206,2166 1207,2168 1368,2169 1369,2169 1369,2170 1378,2180 1378,2221 1378,2221 1589,2222 1590,2222 1590,2195 1590,2194 1591,2194 1594,2192 1594,2191 1594,2190 1595,2190 1596,2189 1600,2189 1602,2188 1602,2187 1608,2181 1613,2181 1614,2180 1614,2179 1616,2177 1625,2177 1626,2176 1626,2175 1628,2173 1634,2173 1635,2172 1635,2121 1637,2120 1638,2120 1639,2118 1639,2117 1641,2116 1650,2116 1651,2114 1651,2113 1653,2112 1662,2112 1663,2113 1663,2114 1665,2116 1666,2116 1667,2117 1667,2168 1667,2169 1735,2169 1736,2170 1736,2171 1737,2172 2070,2175 2072,2173 2267,2174 2268,2173 2277,2173 2279,2171 2279,2170 2280,2169 2289,2169 2292,2172 2473,2173 2475,2175 2475,2176 2476,2177 2481,2177 2483,2179 2483,2229 2483,2229 2702,2231 2703,2230 2703,2137 2702,2136 2701,2136 2699,2134 2699,2133 2698,2132 2697,2132 2695,2130 2695,2126 2700,2121 2700,2120 2701,2120 2711,2120 2711,2119 2711,2118 2714,2116 2719,2116 2720,2117 2720,2127 2721,2128 2722,2128 2724,2130 2724,2171 2724,2172 2868,2173 2871,2176 3073,2177 3074,2177 3074,2128 3075,2127 3075,2126 3077,2124 3078,2124 3079,2123 3079,2122 3081,2120 3094,2120 3095,2122 3095,2123 3096,2123 3097,2124 3098,2124 3099,2126 3099,2173 3099,2173 3258,2174 3259,2173 3311,2174 3312,2173 3495,2174 3496,2173 3677,2174 3678,2174 3678,2131 3681,2128 3682,2128 3682,2128 3682,2127 3685,2124 3690,2124 3690,2124 3690,2123 3693,2120 3702,2120 3702,2121 3702,2122 3703,2122 3706,2125 3707,2125 3707,2126 3707,2176 3707,2176 3995,2178 3996,2178 3996,2139 3999,2136 4000,2136 4000,2136 4000,2131 4003,2128 4186,2129 4187,2128 4204,2129 4205,2130 4241,2130 4241,2130 4240,2245 4241,2246 4241,2320 4240,2321 4227,2321 4226,2320 4185,2319 4185,2318 4177,2318 4176,2318 4176,2301 4176,2300 4158,2300 4156,2299 4156,2298 4155,2297 4155,2276 4155,2275 4055,2275 4054,2274 4054,2273 4053,2272 3982,2271 3980,2270 3980,2269 3980,2268 3770,2267 3768,2265 3768,2264 3768,2264 3528,2262 3527,2263 3527,2270 3526,2271 3525,2271 3523,2273 3523,2283 3523,2283 3522,2283 3519,2286 3519,2291 3519,2291 3518,2291 3515,2294 3515,2295 3515,2295 3514,2295 3511,2297 3511,2298 3511,2299 3510,2299 3507,2301 3507,2302 3507,2303 3506,2303 3499,2309 3499,2310 3498,2312 3497,2312 3494,2309 3494,2308 3494,2308 3493,2308 3491,2306 3491,2305 3490,2304 3490,2264 3490,2264 3164,2262 3163,2263 3038,2262 3037,2262 3037,2320 3036,2321 3035,2321 3035,2320 3035,2262 3035,2262 3023,2262 3022,2262 3022,2264 3021,2265 3021,2266 3021,2267 3015,2267 3014,2266 3014,2265 3013,2264 2933,2263 2932,2264 2932,2322 2931,2322 2920,2322 2920,2322 2920,2264 2920,2263 2848,2263 2846,2261 2846,2260 2846,2260 2590,2258 2589,2258 2589,2265 2588,2267 2587,2267 2585,2268 2585,2277 2584,2279 2583,2279 2581,2280 2581,2281 2580,2283 2579,2283 2577,2284 2577,2285 2576,2287 2571,2287 2569,2288 2569,2289 2567,2292 2566,2292 2565,2292 2565,2293 2563,2296 2556,2296 2555,2295 2554,2295 2553,2294 2553,2293 2551,2291 2550,2291 2548,2289 2548,2264 2548,2264 2424,2263 2422,2261 2422,2260 2422,2260 2333,2259 2332,2260 2332,2315 2330,2316 2325,2316 2324,2315 2324,2260 2324,2259 2203,2258 2202,2259 2202,2261 2201,2262 2201,2263 2201,2263 2118,2263 2116,2261 2116,2260 2116,2260 1895,2258 1894,2259 1732,2258 1731,2259 1508,2258 1507,2259 1506,2259 1504,2260 1504,2269 1503,2271 1502,2271 1500,2272 1500,2273 1499,2275 1498,2275 1496,2276 1496,2277 1495,2279 1490,2279 1488,2280 1488,2281 1487,2283 1482,2283 1480,2284 1480,2285 1479,2287 1469,2287 1467,2285 1467,2256 1467,2256 1309,2255 1308,2255 1308,2316 1307,2317"/><TextEquiv index="1"><Unicode>coupa, de nouveau, les vivres; alors le</Unicode></TextEquiv></TextLine><TextLine id="r0_l010"><Coords points="4220,2541 4219,2540 4176,2539 4176,2539 4176,2534 4174,2532 4173,2532 4172,2531 4172,2521 4171,2520 4157,2520 4156,2519 4156,2518 4155,2517 4155,2505 4154,2504 4132,2504 4131,2503 4131,2476 4130,2475 3984,2474 3984,2475 3984,2479 3983,2479 3866,2478 3866,2479 3866,2482 3864,2483 3863,2483 3862,2485 3862,2490 3860,2491 3859,2491 3858,2493 3858,2494 3856,2495 3855,2495 3854,2497 3854,2498 3852,2499 3851,2499 3850,2500 3832,2500 3831,2499 3830,2499 3829,2498 3829,2472 3828,2471 3600,2470 3599,2471 3586,2470 3585,2471 3573,2471 3573,2471 3573,2470 3571,2467 3360,2466 3359,2467 3356,2467 3355,2467 3355,2528 3354,2529 3345,2529 3345,2528 3345,2467 3345,2467 3266,2466 3265,2467 3123,2466 3122,2467 2976,2466 2974,2467 2823,2466 2822,2467 2822,2519 2820,2520 2814,2520 2814,2521 2814,2522 2811,2524 2786,2524 2785,2523 2785,2465 2785,2464 2611,2463 2610,2464 2610,2465 2607,2467 2429,2466 2428,2467 2398,2467 2398,2467 2398,2527 2397,2528 2394,2528 2393,2529 2385,2529 2385,2528 2385,2467 2384,2467 2315,2466 2314,2467 2151,2466 2150,2467 2054,2466 2053,2467 1906,2466 1905,2467 1778,2467 1778,2467 1778,2481 1776,2483 1774,2483 1773,2481 1773,2464 1772,2464 1640,2463 1639,2463 1639,2464 1638,2465 1638,2466 1637,2467 1589,2466 1588,2467 1587,2467 1585,2465 1585,2464 1584,2463 1546,2463 1545,2462 1545,2461 1545,2460 1296,2458 1295,2459 1143,2458 1142,2459 990,2458 989,2459 972,2459 970,2458 970,2457 969,2455 960,2455 958,2454 958,2453 957,2451 956,2451 954,2450 955,2333 954,2332 954,2331 953,2330 951,2328 950,2328 950,2328 950,2327 949,2326 949,2323 950,2322 950,2321 950,2320 956,2320 957,2320 957,2319 958,2318 958,2317 958,2316 972,2316 974,2315 974,2314 975,2312 980,2312 982,2314 982,2327 982,2327 1162,2329 1163,2328 1164,2328 1165,2327 1165,2326 1167,2324 1172,2324 1174,2322 1174,2321 1175,2320 1180,2320 1182,2318 1182,2317 1183,2316 1307,2317 1309,2318 1309,2319 1309,2320 1315,2320 1316,2320 1316,2321 1321,2326 1321,2372 1321,2373 1560,2374 1561,2374 1561,2363 1562,2361 1563,2361 1565,2360 1565,2351 1567,2348 1568,2348 1569,2348 1569,2343 1571,2340 1572,2340 1573,2340 1573,2335 1575,2332 1576,2332 1577,2332 1577,2331 1579,2328 1580,2328 1581,2328 1581,2327 1583,2324 1588,2324 1590,2323 1590,2322 1591,2320 1600,2320 1601,2319 1612,2320 1615,2322 1615,2323 1615,2324 1620,2324 1623,2326 1623,2327 1623,2328 1624,2328 1627,2331 1808,2332 1810,2330 1810,2329 1811,2328 1812,2328 1813,2327 1814,2326 1814,2325 1815,2324 1820,2324 1823,2321 1823,2320 1823,2320 1849,2320 1851,2322 1851,2323 1852,2324 1857,2324 1859,2326 1859,2327 1860,2328 1861,2328 1863,2330 1863,2369 1863,2369 2055,2370 2056,2369 2057,2369 2059,2368 2059,2358 2061,2355 2062,2356 2063,2355 2063,2349 2063,2349 2064,2349 2065,2348 2066,2348 2067,2347 2067,2341 2067,2341 2068,2341 2069,2340 2074,2340 2075,2339 2075,2338 2077,2336 2082,2336 2083,2335 2083,2334 2084,2333 2084,2332 2084,2332 2114,2332 2116,2333 2116,2334 2117,2336 2118,2336 2120,2337 2120,2338 2122,2341 2123,2341 2124,2341 2124,2375 2124,2376 2294,2377 2295,2377 2295,2376 2296,2375 2296,2374 2296,2373 2343,2373 2344,2373 2344,2335 2346,2332 2347,2332 2348,2332 2348,2331 2350,2328 2351,2328 2352,2328 2352,2327 2354,2324 2363,2324 2365,2326 2365,2330 2366,2331 2367,2331 2369,2333 2369,2376 2369,2377 2580,2378 2581,2377 2581,2333 2582,2332 2583,2332 2585,2330 2585,2329 2586,2328 2587,2328 2589,2326 2589,2325 2590,2324 2599,2324 2602,2327 2602,2328 2602,2328 2603,2328 2606,2331 2606,2380 2606,2380 2826,2382 2827,2381 2906,2381 2907,2381 2907,2363 2908,2361 2909,2361 2911,2360 2911,2351 2912,2349 2913,2349 2915,2348 2915,2339 2917,2336 2918,2336 2919,2336 2919,2324 2920,2322 3032,2323 3034,2321 3037,2321 3038,2321 3038,2322 3039,2324 3044,2324 3046,2325 3046,2326 3047,2328 3048,2328 3050,2329 3050,2376 3050,2377 3269,2378 3270,2378 3270,2363 3271,2361 3272,2361 3275,2359 3275,2358 3275,2357 3276,2357 3278,2356 3278,2348 3279,2347 3279,2346 3283,2342 3283,2337 3284,2336 3285,2336 3287,2334 3287,2333 3288,2332 3293,2332 3295,2330 3295,2329 3296,2328 3301,2328 3303,2326 3303,2325 3304,2324 3325,2324 3328,2326 3328,2327 3328,2328 3329,2328 3332,2330 3332,2331 3332,2332 3333,2332 3336,2334 3336,2379 3336,2380 3739,2382 3741,2380 3742,2380 3743,2380 3743,2379 3745,2377 3750,2377 3752,2378 3752,2384 3752,2385 3774,2385 3776,2386 3776,2387 3777,2389 3987,2390 3988,2390 3988,2363 3989,2361 3990,2361 3992,2360 3992,2351 3993,2349 3994,2349 3995,2348 4056,2349 4057,2348 4057,2342 4059,2340 4159,2340 4160,2340 4160,2321 4160,2320 4175,2320 4176,2320 4176,2319 4177,2318 4185,2318 4185,2319 4226,2320 4227,2321 4240,2321 4241,2321 4240,2397 4241,2398 4241,2540 4240,2541"/><TextEquiv index="1"><Unicode>beſoin ſe fit ſentir impérieuſement, &amp;</Unicode></TextEquiv></TextLine><TextLine id="r0_l011"><Coords points="4173,2765 4172,2765 4172,2764 4172,2763 4042,2762 4041,2761 3395,2757 3393,2756 3393,2734 3393,2733 3240,2732 3238,2730 2865,2728 2861,2724 2860,2724 2859,2723 2859,2722 2858,2721 2859,2679 2858,2679 1661,2671 1660,2670 1261,2667 1259,2665 963,2663 962,2662 962,2661 959,2658 958,2658 958,2658 958,2657 956,2655 952,2655 951,2654 950,2654 949,2653 949,2652 948,2651 947,2651 945,2649 946,2648 946,2647 946,2646 948,2646 949,2646 949,2641 951,2638 952,2638 953,2638 953,2588 956,2585 957,2585 957,2585 957,2584 960,2581 965,2581 966,2580 966,2579 968,2577 977,2577 978,2576 978,2575 980,2573 1961,2580 1961,2579 1961,2578 1963,2577 2365,2579 2365,2579 2365,2566 2368,2564 2369,2564 2369,2563 2369,2557 2370,2557 2371,2557 2372,2556 2373,2556 2373,2555 2373,2549 2374,2549 2375,2549 2376,2547 2377,2541 2377,2541 2378,2541 2381,2538 2381,2533 2382,2532 2383,2532 2385,2530 2385,2529 2385,2529 2393,2529 2394,2528 2975,2531 2977,2530 2977,2529 2978,2527 3343,2530 3344,2529 3355,2529 3356,2530 3615,2532 3617,2534 4002,2536 4004,2538 4219,2540 4220,2541 4240,2541 4241,2541 4240,2550 4241,2551 4240,2703 4241,2704 4241,2765 4241,2766"/><TextEquiv index="1"><Unicode>nous nous trouvâmes plongés dans la</Unicode></TextEquiv></TextLine><TextLine id="r0_l012"><Coords points="947,2723 2648,2734 2646,2938 945,2927"/><TextEquiv index="1"><Unicode>plus horrible misère.</Unicode></TextEquiv></TextLine><TextLine id="r0_l013"><Coords points="4187,3155 4186,3154 4176,3154 4174,3152 3874,3150 3874,3150 3874,3095 3873,3094 2353,3084 2353,3085 2353,3106 2351,3107 2350,3107 2349,3109 2349,3110 2347,3111 2345,3111 2344,3110 2344,3109 2342,3107 2341,3107 2341,3107 2341,3106 2338,3103 2329,3103 2328,3102 2328,3089 2327,3088 2190,3087 2190,3087 2190,3086 2189,3085 1159,3079 1157,3077 963,3075 962,3074 962,3073 960,3070 959,3070 958,3070 958,3069 957,3068 957,3066 958,3065 958,3064 960,3062 962,3062 962,3062 962,3056 964,3054 1154,3056 1156,3054 1164,3054 1164,3053 1165,2935 1166,2934 1166,2932 1166,2932 1167,2932 1170,2929 1170,2928 1170,2928 3097,2940 3099,2939 3099,2938 3100,2936 3611,2940 3613,2938 3613,2937 3614,2936 4163,2939 4164,2939 4164,2927 4165,2926 4198,2926 4199,2927 4241,2928 4241,2928 4240,3008 4241,3009 4241,3155 4240,3156"/><TextEquiv index="1"><Unicode>Je cherchai vainement des reſſources.</Unicode></TextEquiv></TextLine><TextLine id="r0_l014"><Coords points="4228,3370 4227,3369 4212,3369 4211,3368 4200,3368 4199,3367 4193,3366 4192,3365 4170,3365 4168,3364 4168,3361 4168,3360 4067,3360 4066,3359 4066,3348 4066,3348 2323,3336 2322,3335 2321,3335 2320,3335 2320,3330 2320,3329 2119,3328 2118,3327 2117,3327 2116,3326 2116,3322 2116,3322 1033,3315 1031,3313 1031,3312 1030,3311 1029,3311 1027,3309 1027,3308 1026,3307 1025,3307 1023,3305 1023,3304 1022,3303 1017,3303 1015,3301 1014,3301 1014,3300 1014,3299 1013,3299 1008,3299 1006,3296 1006,3295 1005,3295 1004,3295 1002,3292 1002,3291 1001,3291 1000,3291 998,3288 998,3283 997,3283 996,3283 994,3280 994,3277 993,3277 751,3275 750,3273 750,3271 751,3270 989,3271 990,3271 989,3270 988,3270 984,3266 975,3266 974,3265 974,3264 972,3262 962,3262 962,3262 962,3261 959,3258 958,3258 958,3258 958,3253 957,3252 957,3251 956,3250 955,3250 953,3248 953,3235 952,3234 951,3234 949,3232 949,3231 948,3230 947,3230 945,3228 945,3219 944,3217 943,3217 941,3216 941,3187 943,3185 944,3185 945,3184 945,3179 947,3177 948,3177 949,3176 949,3175 952,3172 953,3172 953,3172 953,3171 956,3168 957,3168 958,3167 958,3166 960,3164 961,3164 962,3163 962,3158 964,3156 965,3156 966,3155 966,3154 968,3152 969,3152 970,3151 970,3150 972,3148 976,3148 978,3147 978,3146 979,3144 984,3144 986,3143 986,3142 987,3141 987,3140 987,3139 996,3140 999,3137 999,3136 999,3136 1279,3137 1280,3136 1290,3136 1292,3135 1292,3133 1293,3131 3291,3145 3292,3144 3297,3144 3299,3142 3299,3141 3300,3140 3322,3140 3323,3140 3323,3141 3327,3146 3587,3147 3588,3149 3881,3150 3882,3151 3929,3152 3930,3153 4186,3154 4187,3155 4240,3156 4241,3156 4240,3161 4241,3162 4240,3314 4241,3315 4241,3369 4241,3370"/><TextEquiv index="1"><Unicode>Que ne tentai-je pas? Tout fut inutile,</Unicode></TextEquiv></TextLine><TextLine id="r0_l015"><Coords points="4196,3562 4196,3562 4196,3556 4195,3555 4192,3555 4192,3555 4192,3549 4191,3548 4173,3548 4172,3547 4172,3537 4172,3536 4162,3536 4160,3535 4160,3524 4160,3523 4116,3523 4115,3522 4115,3521 4113,3519 4112,3519 4111,3518 4111,3501 4111,3501 4054,3501 4052,3503 4051,3503 4050,3503 4050,3504 4048,3507 4041,3506 4040,3507 4000,3507 3999,3508 3999,3561 3998,3561 3985,3561 3984,3560 3932,3560 3931,3558 3931,3557 3929,3556 3900,3556 3899,3554 3899,3553 3898,3552 3898,3504 3898,3504 3835,3503 3833,3502 3833,3501 3832,3499 3692,3498 3691,3499 3691,3554 3690,3555 3690,3556 3689,3556 3659,3556 3658,3554 3658,3553 3656,3552 3651,3552 3650,3550 3650,3496 3650,3496 3480,3495 3479,3495 3479,3496 3477,3499 3473,3499 3470,3496 3342,3495 3340,3493 3340,3492 3340,3492 3138,3491 3136,3492 3136,3493 3135,3495 3134,3495 3131,3492 3003,3491 3001,3489 3001,3488 3001,3488 2819,3486 2818,3487 2611,3486 2610,3487 2610,3493 2608,3495 2607,3495 2606,3496 2606,3505 2600,3511 2595,3511 2594,3512 2594,3513 2592,3515 2579,3515 2577,3513 2577,3512 2576,3511 2575,3511 2573,3509 2573,3488 2573,3488 2352,3486 2351,3487 2315,3487 2314,3486 2313,3486 2312,3486 2312,3485 2312,3484 2219,3484 2218,3484 2218,3545 2217,3546 2206,3545 2206,3545 2206,3484 2206,3483 2029,3482 2026,3485 2026,3486 2025,3487 2017,3487 2014,3485 2014,3484 2014,3483 1972,3483 1969,3480 1807,3479 1806,3479 1806,3480 1804,3483 1774,3483 1773,3483 1773,3539 1772,3540 1772,3539 1772,3483 1772,3483 1756,3483 1753,3480 1667,3479 1666,3478 1665,3478 1664,3477 1663,3476 1663,3475 1663,3475 1511,3474 1508,3476 1508,3477 1508,3478 1507,3478 1506,3479 1437,3478 1436,3479 1389,3479 1388,3478 1387,3478 1386,3478 1386,3477 1384,3474 1292,3473 1291,3474 1291,3536 1290,3536 1282,3536 1282,3536 1282,3474 1282,3473 1231,3473 1230,3474 1168,3474 1166,3475 1166,3476 1165,3478 1164,3478 1163,3479 1157,3479 1156,3478 1155,3478 1153,3476 1153,3475 1153,3475 1140,3474 1139,3475 1139,3535 1138,3535 1137,3535 1137,3535 1137,3475 1137,3474 989,3474 986,3476 986,3477 986,3477 985,3477 984,3478 984,3479 984,3479 965,3479 964,3478 963,3478 962,3478 962,3477 960,3474 955,3474 954,3474 954,3473 952,3470 947,3470 945,3469 945,3468 944,3467 944,3466 943,3466 941,3465 942,3406 941,3405 938,3405 937,3404 937,3395 938,3393 943,3393 945,3392 945,3391 946,3389 955,3389 958,3387 958,3386 958,3385 959,3385 960,3384 970,3384 971,3385 972,3385 974,3387 974,3388 974,3388 975,3388 978,3391 978,3392 978,3392 1091,3393 1092,3393 1092,3354 1094,3352 1104,3352 1104,3353 1104,3388 1104,3388 1200,3389 1202,3387 1202,3386 1203,3385 1204,3385 1206,3383 1206,3382 1207,3381 1208,3381 1209,3380 1315,3381 1316,3380 1316,3370 1319,3368 1320,3368 1321,3366 1321,3361 1323,3360 1324,3360 1325,3358 1325,3353 1327,3352 1328,3352 1328,3351 1328,3350 1331,3348 1332,3348 1333,3346 1333,3340 1334,3340 1340,3340 1341,3338 1341,3337 1344,3335 1345,3335 1345,3334 1345,3333 1346,3333 1347,3332 1348,3332 1349,3331 1361,3331 1361,3330 1361,3329 1364,3327 1372,3327 1374,3330 1374,3331 1375,3331 1379,3331 1380,3332 1381,3332 1382,3334 1382,3335 1383,3335 1384,3335 1386,3338 1386,3388 1386,3388 1481,3389 1484,3386 1484,3385 1484,3385 1485,3385 1486,3384 1593,3384 1594,3384 1594,3378 1595,3377 1596,3377 1596,3377 1596,3376 1598,3374 1598,3369 1599,3368 1600,3368 1602,3366 1602,3357 1604,3356 1605,3356 1606,3354 1606,3349 1608,3348 1609,3348 1610,3346 1610,3345 1612,3344 1617,3344 1619,3341 1619,3340 1620,3340 1621,3340 1623,3337 1623,3336 1624,3336 1629,3336 1631,3333 1631,3332 1632,3332 1633,3332 1634,3331 1649,3331 1659,3341 1659,3392 1659,3393 1748,3393 1749,3392 1944,3394 1945,3393 1945,3344 1946,3344 1947,3344 1951,3340 1981,3340 1981,3340 1981,3341 1982,3342 1982,3428 1982,3429 2111,3430 2112,3429 2112,3349 2114,3348 2172,3348 2173,3347 2173,3346 2175,3344 2205,3344 2206,3346 2206,3347 2207,3347 2209,3347 2210,3349 2210,3396 2210,3396 2327,3397 2328,3397 2328,3383 2331,3380 2332,3380 2332,3380 2332,3375 2335,3372 2336,3372 2336,3372 2336,3367 2339,3364 2340,3364 2340,3364 2340,3359 2341,3358 2341,3357 2342,3356 2348,3356 2348,3356 2348,3355 2357,3346 2357,3345 2358,3344 2360,3344 2361,3343 2384,3344 2386,3346 2386,3347 2387,3348 2393,3348 2393,3348 2393,3349 2398,3354 2398,3400 2398,3401 2445,3401 2446,3402 2446,3405 2446,3405 2485,3405 2487,3407 2487,3408 2488,3409 2489,3409 2491,3411 2491,3412 2492,3413 2497,3413 2499,3415 2499,3416 2499,3416 2562,3417 2565,3419 2565,3428 2565,3429 2629,3429 2630,3429 2630,3350 2632,3348 2638,3348 2638,3349 2638,3429 2638,3429 2682,3430 2683,3429 2683,3414 2684,3413 2685,3413 2686,3412 2687,3411 2687,3410 2688,3409 2693,3409 2695,3407 2695,3406 2696,3405 2697,3405 2700,3402 2700,3401 2700,3401 2743,3401 2744,3401 2744,3402 2745,3404 2943,3405 2944,3405 2944,3403 2945,3401 2950,3401 2952,3403 2952,3404 2952,3404 3209,3406 3210,3405 3276,3405 3277,3404 3279,3406 3279,3407 3280,3408 3318,3409 3319,3408 3319,3402 3320,3401 3326,3401 3327,3401 3327,3408 3327,3409 3428,3409 3429,3408 3666,3410 3667,3409 3672,3409 3674,3411 3674,3412 3674,3412 3911,3414 3912,3413 4016,3413 4017,3413 4017,3366 4019,3364 4136,3365 4137,3364 4169,3364 4170,3365 4176,3365 4177,3366 4199,3367 4200,3368 4211,3368 4212,3369 4227,3369 4228,3370 4241,3370 4241,3370 4240,3467 4241,3468 4241,3562 4240,3563"/><TextEquiv index="1"><Unicode>tout fut ſourd. Enfin, mon amour-propre</Unicode></TextEquiv></TextLine><TextLine id="r0_l016"><Coords points="3793,3763 3792,3761 3792,3703 3791,3703 3734,3702 3733,3703 3719,3703 3719,3704 3719,3739 3717,3740 3712,3740 3711,3739 3711,3704 3710,3703 3602,3703 3601,3701 3601,3700 3600,3700 3463,3699 3462,3700 3462,3701 3460,3703 3443,3703 3442,3701 3442,3700 3441,3700 3257,3698 3256,3699 3149,3699 3148,3697 3148,3696 3147,3696 2988,3695 2988,3695 2988,3756 2987,3757 2977,3757 2977,3756 2977,3695 2976,3695 2914,3694 2913,3695 2796,3694 2795,3695 2628,3694 2627,3695 2618,3695 2618,3696 2618,3697 2615,3699 2591,3699 2589,3696 2589,3695 2588,3695 2449,3694 2448,3695 2428,3695 2425,3692 2232,3691 2229,3688 1972,3686 1970,3687 1929,3687 1928,3688 1928,3689 1927,3690 1926,3690 1925,3691 1922,3691 1919,3688 1742,3686 1741,3687 1739,3687 1738,3686 1737,3686 1737,3686 1737,3685 1735,3682 1558,3681 1557,3682 1443,3681 1442,3682 1368,3682 1367,3683 1257,3682 1255,3681 1255,3680 1255,3679 997,3678 994,3680 994,3681 994,3682 985,3681 984,3682 967,3682 966,3682 966,3681 964,3678 947,3678 945,3677 946,3561 945,3560 938,3560 937,3559 937,3558 935,3556 934,3556 933,3555 933,3546 934,3544 939,3544 941,3543 941,3542 942,3540 943,3540 944,3539 960,3539 961,3539 961,3538 962,3536 964,3536 966,3538 966,3539 966,3539 974,3539 975,3540 976,3540 978,3542 978,3588 978,3588 1120,3589 1121,3589 1121,3545 1121,3544 1122,3544 1125,3542 1125,3537 1125,3536 1126,3536 1127,3535 1212,3536 1213,3535 1221,3535 1223,3534 1223,3533 1223,3532 1224,3532 1226,3531 1233,3531 1235,3534 1235,3535 1235,3535 1240,3535 1241,3536 1398,3537 1400,3535 1421,3535 1422,3535 1422,3534 1425,3531 1427,3534 1427,3535 1427,3535 1428,3535 1431,3538 1431,3539 1431,3539 1432,3539 1435,3542 1435,3596 1435,3596 1522,3597 1525,3595 1525,3594 1525,3593 1526,3593 1529,3591 1529,3590 1529,3589 1530,3589 1531,3588 1537,3588 1538,3589 1539,3589 1541,3591 1668,3592 1669,3593 1670,3593 1671,3593 1671,3594 1673,3597 1748,3597 1749,3597 1749,3581 1749,3580 1750,3580 1753,3578 1753,3573 1754,3572 1755,3572 1757,3570 1757,3557 1758,3556 1759,3556 1761,3554 1761,3553 1762,3552 1763,3552 1765,3550 1765,3545 1766,3544 1767,3544 1769,3542 1769,3541 1770,3540 1861,3540 1862,3539 1864,3539 1865,3540 1866,3540 1867,3541 1867,3542 1868,3543 2016,3544 2022,3550 2022,3592 2022,3592 2070,3593 2071,3593 2071,3600 2071,3601 2094,3601 2096,3602 2096,3603 2096,3604 2201,3604 2202,3604 2202,3549 2202,3548 2203,3548 2206,3545 2217,3546 2219,3548 2220,3548 2222,3549 2222,3562 2223,3564 2224,3564 2226,3565 2226,3570 2227,3572 2228,3572 2230,3573 2230,3582 2232,3585 2233,3585 2234,3585 2234,3604 2234,3605 2369,3606 2370,3605 2515,3605 2516,3604 2608,3605 2609,3606 2609,3607 2610,3608 2771,3609 2772,3609 2772,3608 2773,3607 2773,3606 2773,3605 2829,3606 2830,3605 2830,3557 2831,3556 2832,3556 2834,3554 2834,3553 2835,3552 2848,3552 2854,3557 2854,3604 2854,3605 2898,3605 2899,3606 2899,3607 2900,3608 2900,3609 2900,3609 3042,3610 3043,3609 3132,3610 3133,3609 3367,3610 3368,3610 3368,3607 3369,3605 3370,3605 3372,3604 3372,3591 3373,3589 3374,3589 3376,3588 3376,3579 3378,3576 3379,3576 3380,3576 3380,3575 3382,3572 3383,3572 3384,3572 3384,3571 3386,3568 3387,3568 3388,3568 3388,3567 3390,3564 3391,3564 3392,3564 3393,3563 3393,3562 3394,3560 3399,3560 3401,3559 3401,3558 3402,3556 3423,3556 3428,3561 3429,3561 3434,3566 3434,3612 3434,3613 3554,3613 3556,3615 3555,3616 3556,3616 3768,3618 3769,3617 3778,3617 3781,3614 3781,3613 3781,3613 3804,3613 3805,3612 3805,3577 3806,3576 3815,3576 3817,3578 3817,3583 3817,3583 3979,3584 3980,3584 3980,3566 3981,3564 3982,3564 3984,3563 3984,3562 3984,3561 3999,3561 4005,3567 4005,3583 4005,3583 4055,3584 4058,3586 4058,3616 4058,3617 4175,3617 4176,3617 4176,3603 4177,3601 4196,3601 4197,3601 4197,3563 4197,3563 4240,3563 4241,3563 4240,3619 4241,3620 4241,3762 4240,3763 4212,3763 4211,3764 4062,3763 4062,3762 4062,3686 4062,3686 4056,3686 4054,3687 4054,3700 4051,3703 4050,3703 4050,3703 4050,3704 4047,3707 4039,3706 4037,3709 4037,3710 4035,3711 4033,3711 4033,3712 4033,3722 4031,3723 4026,3723 4025,3722 4025,3708 4024,3707 3989,3707 3989,3707 3989,3706 3987,3704 3817,3703 3817,3704 3817,3735 3816,3735 3815,3735 3814,3736 3811,3736 3810,3735 3809,3735 3809,3734 3809,3703 3808,3703 3805,3703 3805,3703 3805,3761 3804,3762 3803,3762 3802,3763"/><TextEquiv index="1"><Unicode>briſé fut réduit à recourir aux ſecours de</Unicode></TextEquiv></TextLine><TextLine id="r0_l017"><Coords points="4232,3974 4231,3973 4207,3973 4206,3972 4198,3972 4196,3970 4196,3969 4195,3967 4194,3967 4192,3966 4192,3957 4192,3956 4092,3956 4090,3954 4091,3912 4090,3912 3896,3911 3896,3911 3895,3963 3894,3964 3894,3966 3893,3968 3888,3967 3887,3967 3887,3966 3886,3965 3887,3912 3886,3911 3661,3910 3660,3911 3500,3910 3500,3910 3499,3962 3498,3964 3468,3964 3467,3963 3467,3962 3461,3956 3452,3956 3450,3954 3451,3908 3450,3908 3296,3907 3294,3905 3117,3903 3114,3900 2812,3898 2811,3899 2729,3899 2729,3899 2728,3954 2727,3956 2722,3956 2720,3954 2721,3899 2720,3899 2608,3898 2607,3899 2606,3899 2606,3900 2606,3901 2603,3903 2598,3903 2597,3905 2597,3906 2595,3907 2590,3907 2589,3908 2589,3909 2587,3911 2566,3911 2565,3909 2565,3908 2564,3907 2563,3907 2562,3907 2561,3905 2561,3900 2560,3900 2326,3898 2325,3899 2256,3899 2256,3899 2255,3945 2253,3948 2209,3947 2208,3946 2207,3946 2206,3946 2207,3892 2206,3891 2020,3890 2018,3893 2018,3894 2017,3894 2016,3894 2015,3895 2006,3895 2006,3896 2006,3897 2003,3899 2000,3899 1999,3898 1998,3898 1998,3898 1998,3897 1996,3895 1807,3894 1807,3894 1806,3937 1805,3939 1783,3939 1782,3938 1782,3937 1780,3935 1779,3935 1778,3934 1778,3933 1777,3932 1778,3893 1777,3892 1777,3887 1776,3887 1589,3885 1588,3886 1579,3886 1578,3888 1578,3889 1576,3890 1575,3890 1574,3891 1572,3891 1571,3890 1570,3890 1569,3889 1569,3888 1568,3887 1371,3886 1370,3888 1370,3889 1369,3889 1368,3890 1367,3890 1366,3891 1331,3891 1330,3890 1329,3890 1329,3889 1329,3888 1327,3887 1195,3886 1194,3884 1194,3883 1193,3883 977,3881 976,3882 943,3882 941,3885 941,3886 940,3886 938,3886 937,3885 937,3884 936,3883 935,3882 934,3882 933,3881 933,3872 934,3870 935,3870 936,3870 937,3750 938,3748 939,3748 941,3747 941,3746 942,3744 943,3744 944,3743 960,3743 962,3742 962,3741 962,3740 963,3740 964,3739 975,3739 976,3740 977,3740 978,3741 978,3759 978,3760 978,3795 979,3795 1041,3796 1042,3797 1043,3797 1043,3797 1043,3798 1045,3800 1254,3801 1254,3801 1255,3754 1256,3752 1257,3752 1260,3750 1260,3749 1260,3748 1265,3748 1268,3746 1268,3745 1268,3744 1269,3744 1270,3743 1281,3743 1284,3746 1284,3760 1284,3761 1284,3799 1285,3799 1503,3801 1503,3800 1504,3753 1505,3752 1506,3752 1508,3750 1508,3749 1509,3748 1510,3748 1512,3746 1512,3745 1513,3744 1514,3744 1515,3743 1656,3744 1657,3743 1668,3743 1669,3744 1670,3744 1671,3744 1671,3745 1672,3746 1671,3799 1672,3800 1960,3802 1960,3801 1961,3757 1962,3756 1963,3756 1965,3754 1965,3753 1966,3752 1971,3752 1973,3750 1973,3749 1974,3748 2079,3749 2080,3748 2081,3748 2082,3747 2084,3747 2085,3748 2135,3748 2137,3750 2137,3751 2138,3752 2139,3752 2140,3753 2140,3754 2142,3756 2143,3756 2144,3757 2144,3758 2145,3759 2144,3764 2145,3765 2145,3808 2146,3808 2378,3810 2379,3809 2409,3809 2410,3810 2410,3811 2412,3813 2576,3814 2576,3813 2577,3761 2578,3760 2785,3761 2786,3760 2787,3760 2788,3760 2789,3759 2789,3758 2790,3756 2846,3757 2847,3756 2848,3756 2850,3754 2850,3753 2851,3752 2857,3752 2858,3752 2858,3753 2860,3756 2988,3757 2989,3757 2989,3758 2990,3760 2991,3760 2993,3761 2993,3762 2994,3763 2994,3764 2995,3764 2997,3765 2996,3767 2997,3768 2997,3815 2998,3816 3288,3818 3289,3817 3298,3817 3299,3815 3299,3814 3301,3813 3310,3813 3311,3814 3311,3815 3312,3816 3650,3818 3650,3817 3650,3801 3651,3801 3652,3801 3654,3798 3654,3785 3656,3784 3657,3784 3658,3782 3658,3777 3660,3776 3661,3776 3661,3775 3662,3765 3663,3764 3735,3764 3736,3763 3770,3764 3772,3765 3772,3766 3773,3768 3774,3768 3775,3769 3775,3770 3776,3771 3776,3779 3777,3780 3792,3780 3792,3779 3793,3763 3793,3763 3802,3763 3803,3762 3804,3762 3805,3762 3804,3779 3805,3780 4000,3781 4000,3781 4000,3779 4003,3776 4007,3776 4009,3779 4009,3780 4010,3780 4062,3781 4062,3780 4063,3763 4063,3763 4211,3764 4212,3763 4240,3763 4241,3763 4240,3772 4241,3773 4240,3925 4241,3926 4241,3973 4241,3974"/><TextEquiv index="1"><Unicode>la charité publique. J'allai me préſenter</Unicode></TextEquiv></TextLine><TextLine id="r0_l018"><Coords points="4192,4174 4192,4174 4192,4116 4192,4115 4012,4114 4011,4115 3920,4115 3919,4115 3919,4170 3917,4172 3908,4172 3907,4170 3907,4115 3907,4115 3878,4114 3877,4115 3787,4115 3784,4112 3561,4110 3560,4111 3560,4167 3558,4168 3516,4168 3515,4167 3515,4166 3514,4165 3513,4164 3512,4164 3511,4163 3511,4113 3511,4112 3217,4110 3216,4111 3215,4110 3214,4110 3213,4110 3213,4108 3213,4107 3137,4107 2988,4106 2987,4107 2970,4106 2969,4107 2969,4108 2968,4109 2968,4110 2967,4111 2963,4111 2960,4108 2823,4108 2822,4108 2822,4129 2821,4131 2820,4130 2818,4132 2818,4137 2817,4138 2816,4138 2815,4139 2813,4138 2813,4137 2812,4135 2811,4135 2810,4135 2810,4134 2809,4133 2809,4108 2809,4107 2678,4107 2677,4106 2676,4106 2675,4105 2413,4103 2412,4102 2411,4102 2410,4101 2410,4100 2410,4100 2284,4099 2283,4099 2283,4146 2282,4147 2280,4147 2279,4148 2278,4148 2277,4147 2276,4147 2275,4145 2275,4103 2275,4103 2192,4102 2191,4103 2188,4103 2185,4100 1977,4099 1886,4098 1885,4099 1719,4098 1718,4099 1691,4099 1690,4098 1689,4098 1688,4098 1688,4097 1687,4095 1345,4093 1344,4094 1314,4094 1313,4093 1313,4092 1312,4091 1121,4089 1120,4090 1111,4090 1108,4093 1108,4094 1108,4094 1098,4094 1096,4093 1096,4092 1096,4091 947,4090 945,4089 945,4088 944,4086 939,4086 937,4085 937,4084 936,4083 936,4082 935,4082 933,4081 933,4080 935,4078 936,4078 937,4077 937,4072 939,4070 940,4070 941,4069 941,4069 941,4068 943,4066 944,4066 944,4066 945,3966 941,3962 941,3954 943,3952 948,3952 949,3951 949,3950 950,3949 951,3948 952,3948 953,3947 965,3947 966,3946 966,3945 968,3943 972,3943 973,3944 974,3944 974,3945 974,3999 974,3999 1287,4001 1288,4001 1288,3960 1289,3959 1290,3959 1291,3958 1292,3958 1292,3958 1292,3957 1295,3955 1296,3955 1296,3954 1296,3953 1298,3952 1299,3952 1300,3951 1406,3951 1406,3951 1406,3950 1409,3947 1416,3947 1417,3948 1418,3948 1418,3949 1418,3950 1419,3951 1419,3999 1419,3999 1485,4000 1488,4002 1488,4003 1488,4004 1489,4004 1490,4005 1543,4005 1545,4007 1545,4008 1545,4008 1863,4010 1864,4009 1869,4009 1871,4008 1871,4007 1872,4005 1874,4005 1875,4006 1875,4007 1877,4009 1878,4009 1879,4010 1879,4011 1880,4012 2062,4014 2063,4013 2063,3964 2064,3964 2070,3964 2071,3962 2071,3961 2073,3960 2082,3960 2083,3958 2083,3957 2085,3956 2087,3956 2088,3955 2089,3956 2091,3956 2092,3957 2092,4011 2092,4012 2413,4014 2414,4013 2414,3969 2416,3968 2417,3968 2418,3966 2418,3965 2420,3964 2425,3964 2426,3962 2426,3961 2428,3960 2438,3960 2438,3960 2438,4012 2438,4013 2629,4014 2630,4014 2630,4011 2632,4008 2633,4008 2634,4008 2634,4003 2636,4000 2637,4000 2638,4000 2638,3999 2640,3996 2641,3996 2642,3996 2642,3995 2645,3992 2646,3992 2646,3992 2646,3991 2649,3988 2650,3988 2650,3988 2650,3987 2653,3984 2654,3984 2654,3984 2654,3983 2657,3980 2663,3980 2664,3979 2666,3979 2667,3978 2667,3977 2669,3976 2670,3976 2671,3974 2671,3973 2673,3972 2682,3972 2683,3970 2683,3969 2685,3968 2731,3968 2732,3969 2732,3970 2734,3972 2747,3972 2749,3975 2749,3976 2750,3976 2751,3976 2752,3978 2752,3991 2754,3992 2755,3992 2756,3994 2756,3995 2757,3996 2757,4016 2757,4016 2963,4017 2964,4017 2964,4003 2965,4001 2966,4001 2969,3999 2969,3997 2970,3995 2971,3995 2973,3994 2973,3993 2975,3992 2976,3992 2977,3990 2977,3989 2979,3988 2980,3988 2981,3986 2981,3981 2983,3980 2984,3980 2985,3978 2985,3977 2987,3976 2996,3976 2997,3974 2997,3973 2999,3972 3127,3973 3127,3972 3127,3971 3128,3970 3128,3969 3132,3965 3132,3964 3133,3964 3139,3964 3140,3962 3140,3961 3142,3960 3147,3960 3148,3961 3148,3962 3149,3963 3339,3964 3340,3965 3340,3966 3341,3967 3342,3968 3343,3968 3344,3969 3344,4024 3344,4025 3531,4026 3532,4025 3645,4026 3646,4025 3739,4026 3740,4025 3849,4025 3850,4025 3850,3982 3852,3980 3853,3980 3853,3980 3853,3979 3856,3976 3861,3976 3862,3975 3862,3974 3864,3972 3894,3973 3894,3972 3894,3964 3895,3964 3988,3964 3988,3965 3988,3966 3989,3967 3989,3968 3990,3968 3996,3968 3996,3969 3996,3970 4005,3979 4005,4007 4005,4007 4191,4008 4192,4008 4192,3998 4195,3995 4196,3995 4196,3995 4196,3978 4199,3976 4204,3976 4204,3975 4204,3974 4206,3973 4231,3973 4232,3974 4241,3974 4241,3974 4240,4078 4241,4079 4241,4174 4240,4175"/><TextEquiv index="1"><Unicode>humblement chez le Curé de la paroiſſe</Unicode></TextEquiv></TextLine><TextLine id="r0_l019"><Coords points="3704,4381 3703,4381 3704,4320 3703,4319 3630,4319 3630,4319 3630,4320 3627,4323 3626,4323 3625,4321 3625,4320 3624,4320 3400,4318 3399,4319 3398,4319 3397,4318 3397,4317 3395,4315 3191,4314 3190,4315 3181,4315 3181,4315 3181,4316 3178,4319 3176,4316 3176,4315 3175,4315 3170,4315 3167,4312 2967,4310 2966,4311 2961,4311 2960,4313 2960,4314 2958,4315 2950,4315 2947,4312 2900,4312 2688,4311 2687,4312 2687,4313 2686,4314 2685,4314 2684,4315 2604,4314 2603,4315 2461,4314 2460,4315 2444,4315 2441,4312 2255,4311 2255,4311 2255,4312 2252,4315 2251,4315 2251,4315 2251,4324 2248,4327 2247,4327 2247,4327 2247,4328 2236,4339 2231,4339 2231,4339 2231,4340 2228,4343 2211,4343 2210,4341 2210,4309 2209,4309 2026,4307 2026,4308 2026,4369 2025,4369 2014,4369 2014,4369 2014,4308 2013,4307 1976,4307 1975,4306 1974,4306 1973,4304 1973,4303 1972,4303 1745,4301 1744,4302 1730,4302 1728,4305 1728,4306 1727,4306 1726,4306 1725,4307 1678,4307 1677,4306 1676,4306 1676,4306 1676,4305 1674,4303 1439,4301 1438,4302 1435,4302 1435,4302 1435,4301 1432,4298 1239,4297 1239,4298 1239,4350 1236,4352 1235,4352 1235,4353 1235,4354 1233,4355 1232,4355 1231,4356 1217,4356 1216,4355 1215,4355 1215,4354 1215,4353 1212,4351 1191,4351 1190,4349 1190,4299 1189,4299 977,4297 976,4298 975,4298 974,4300 974,4301 971,4303 970,4303 970,4304 970,4305 968,4306 967,4306 966,4307 958,4307 958,4308 958,4309 955,4311 935,4311 933,4309 933,4308 932,4307 931,4307 929,4305 929,4288 931,4286 932,4286 933,4285 933,4280 935,4278 961,4278 961,4278 962,4169 961,4168 947,4168 945,4166 945,4165 944,4164 943,4164 941,4162 941,4158 943,4155 944,4155 945,4155 945,4154 947,4151 948,4151 949,4151 949,4150 951,4147 967,4147 970,4150 1012,4151 1015,4153 1015,4154 1015,4155 1016,4155 1019,4157 1019,4203 1019,4204 1077,4204 1080,4207 1364,4209 1365,4208 1365,4166 1366,4165 1366,4164 1366,4164 1367,4164 1370,4162 1370,4161 1370,4160 1371,4160 1374,4158 1374,4157 1374,4156 1375,4156 1376,4155 1383,4155 1386,4158 1386,4159 1386,4159 1387,4159 1390,4162 1390,4212 1390,4212 1568,4213 1569,4213 1569,4207 1571,4204 1572,4204 1573,4204 1573,4199 1575,4196 1576,4196 1577,4196 1577,4188 1578,4187 1578,4186 1579,4184 1580,4184 1582,4183 1582,4178 1583,4176 1584,4176 1585,4176 1585,4175 1594,4166 1594,4165 1595,4163 1600,4164 1602,4162 1602,4161 1603,4160 1608,4160 1610,4158 1610,4157 1612,4155 1619,4155 1620,4156 1621,4156 1622,4156 1622,4157 1624,4160 1633,4160 1635,4161 1635,4166 1636,4168 1637,4168 1639,4169 1639,4215 1639,4216 1916,4218 1917,4217 1935,4217 1936,4217 1936,4218 1937,4220 2115,4221 2116,4220 2116,4173 2117,4172 2118,4172 2120,4170 2120,4165 2121,4164 2135,4164 2136,4165 2136,4166 2138,4168 2143,4168 2144,4169 2144,4170 2145,4171 2144,4223 2145,4224 2145,4240 2146,4240 2336,4241 2336,4241 2336,4240 2345,4231 2345,4230 2346,4229 2356,4229 2356,4229 2356,4227 2359,4224 2368,4225 2368,4224 2369,4172 2369,4172 2370,4172 2371,4171 2372,4171 2373,4170 2373,4169 2374,4168 2379,4168 2381,4166 2381,4165 2382,4164 2392,4164 2393,4164 2393,4165 2395,4168 2396,4168 2397,4168 2397,4169 2399,4172 2400,4172 2401,4172 2401,4173 2402,4174 2402,4220 2402,4221 2600,4222 2601,4222 2601,4178 2602,4176 2603,4176 2604,4176 2606,4174 2606,4173 2606,4172 2607,4172 2610,4170 2610,4169 2610,4168 2628,4168 2630,4170 2630,4171 2630,4171 2911,4173 2912,4172 2913,4172 2916,4170 2916,4169 2916,4168 2917,4168 2920,4166 2920,4165 2920,4164 2951,4164 2952,4165 2952,4166 2953,4167 3036,4168 3038,4169 3038,4170 3039,4172 3040,4172 3042,4173 3042,4174 3043,4176 3048,4176 3050,4178 3050,4224 3050,4224 3195,4225 3198,4228 3408,4229 3409,4231 3409,4232 3410,4232 3598,4234 3599,4233 3604,4233 3605,4231 3605,4230 3608,4227 3609,4226 3610,4225 3734,4225 3735,4225 3735,4182 3736,4181 3736,4180 3736,4179 3737,4180 3740,4177 3740,4176 3740,4176 3856,4176 3858,4178 3858,4179 3859,4180 3860,4180 3862,4182 3862,4224 3862,4224 4015,4225 4017,4227 4016,4228 4017,4228 4192,4229 4192,4229 4193,4175 4193,4174 4240,4175 4241,4175 4240,4231 4241,4232 4240,4382 4240,4383 4213,4383 4212,4382 4213,4381 4212,4380 4212,4373 4211,4373 4132,4372 4131,4371 4131,4332 4130,4331 4047,4331 4040,4323 3840,4322 3839,4323 3830,4323 3829,4322 3829,4321 3828,4320 3718,4319 3718,4320 3717,4381 3717,4381"/><TextEquiv index="1"><Unicode>Je pris ſur moi, de lui faire un tableau</Unicode></TextEquiv></TextLine><TextLine id="r0_l020"><Coords points="4236,4597 4235,4596 4214,4596 4213,4595 4213,4591 4213,4591 3941,4589 3940,4588 3940,4553 3940,4553 3725,4551 3723,4550 3724,4531 3723,4530 1736,4517 1734,4519 1224,4516 1224,4517 1223,4558 1222,4559 1209,4559 1206,4561 1206,4562 1206,4563 1205,4563 1204,4564 1202,4564 1201,4563 1200,4563 1198,4561 1198,4560 1198,4560 1197,4560 1194,4557 1194,4556 1194,4556 1193,4556 1190,4553 1191,4504 1190,4504 930,4502 929,4501 929,4500 928,4499 927,4499 925,4497 925,4496 926,4494 927,4494 929,4493 929,4492 930,4490 931,4490 933,4489 933,4423 933,4422 723,4421 721,4419 721,4417 722,4417 723,4417 724,4416 940,4417 941,4416 941,4415 944,4412 945,4412 945,4412 945,4395 958,4382 958,4377 959,4376 960,4376 962,4374 962,4373 963,4372 964,4372 965,4371 966,4369 966,4368 971,4368 980,4359 983,4359 984,4358 985,4358 986,4358 986,4357 988,4355 1008,4355 1010,4357 1318,4359 1321,4361 1321,4362 1321,4363 3391,4376 3392,4377 4240,4383 4241,4384 4240,4536 4241,4537 4241,4596 4241,4597"/><TextEquiv index="1"><Unicode>ſimple &amp; vrai de ma ſituation. Il m'écouti</Unicode></TextEquiv></TextLine><TextLine id="r0_l021"><Coords points="1885,4784 1882,4781 1138,4777 1138,4776 1138,4711 1138,4711 1025,4710 1022,4707 927,4706 925,4705 925,4700 924,4698 923,4698 921,4697 921,4696 922,4695 923,4694 924,4694 924,4694 925,4627 927,4624 928,4624 929,4624 929,4623 931,4620 936,4620 937,4620 937,4602 938,4600 939,4600 941,4599 941,4594 943,4592 944,4592 944,4592 946,4590 946,4589 947,4588 948,4588 949,4587 949,4583 950,4582 950,4581 951,4580 952,4580 954,4578 954,4577 955,4576 956,4576 958,4574 958,4573 959,4572 960,4572 962,4570 962,4569 963,4568 964,4568 966,4566 966,4565 967,4564 968,4564 969,4563 973,4563 974,4562 974,4561 976,4559 980,4559 981,4558 985,4558 986,4560 986,4561 988,4563 1001,4563 1002,4564 1002,4565 1003,4566 1005,4568 1006,4568 1007,4569 1007,4570 1008,4571 1760,4576 1762,4578 3050,4586 3052,4584 3057,4584 3058,4583 3058,4582 3060,4580 3078,4580 3080,4582 3914,4588 3915,4589 3960,4589 3960,4589 3960,4593 3961,4594 4235,4596 4236,4597 4241,4597 4241,4597 4240,4689 4241,4690 4241,4782 4240,4783 4231,4783 4230,4784 4221,4784 4220,4785 3535,4780 3535,4781 3535,4794 3534,4794 3519,4794 3519,4794 3519,4765 3518,4764 3377,4763 3377,4763 3377,4762 3376,4761 3376,4740 3376,4739 1897,4729 1896,4730 1896,4779 1895,4779 1894,4779 1893,4780 1892,4780 1892,4781 1892,4782 1889,4784"/><TextEquiv index="1"><Unicode>fort attentivement. „Monſieur, me dit-</Unicode></TextEquiv></TextLine><TextLine id="r0_l022"><Coords points="2251,4996 2250,4995 2251,4935 2250,4935 2180,4934 2179,4935 2129,4935 2128,4936 2128,4937 2126,4939 1943,4938 1942,4939 1851,4938 1851,4939 1851,4983 1849,4984 1832,4984 1831,4983 1831,4939 1830,4938 1794,4938 1794,4938 1794,4941 1793,4942 1792,4942 1791,4943 1790,4943 1790,4943 1790,4953 1788,4955 1787,4955 1785,4957 1785,4958 1784,4959 1783,4959 1781,4961 1781,4962 1780,4963 1779,4963 1777,4965 1777,4966 1776,4967 1775,4967 1773,4969 1773,4970 1772,4971 1771,4971 1769,4973 1769,4974 1768,4975 1767,4975 1766,4976 1760,4976 1759,4975 1758,4975 1757,4973 1757,4972 1756,4972 1755,4972 1753,4969 1753,4960 1752,4960 1656,4959 1655,4957 1655,4936 1654,4936 1583,4935 1582,4934 1582,4933 1580,4931 1526,4931 1525,4930 1525,4929 1524,4928 1360,4927 1359,4926 1358,4926 1357,4924 1357,4923 1356,4923 1132,4921 1131,4922 1129,4922 1129,4922 1129,4921 1126,4918 1125,4918 1125,4918 1125,4916 1124,4915 934,4914 933,4913 933,4912 931,4910 930,4910 929,4909 929,4908 928,4907 927,4906 926,4906 925,4905 925,4899 925,4898 915,4898 913,4897 913,4891 914,4890 915,4890 917,4888 917,4855 919,4853 920,4853 921,4852 921,4852 921,4851 923,4849 924,4849 925,4848 925,4847 927,4845 932,4845 933,4844 933,4843 935,4841 977,4841 978,4840 978,4839 979,4838 979,4837 980,4836 1129,4837 1129,4837 1129,4834 1130,4833 1131,4833 1132,4832 1133,4781 1135,4778 1136,4778 1137,4778 1137,4777 1137,4777 1202,4777 1203,4776 1204,4776 1205,4775 1211,4775 1212,4776 1213,4776 1215,4778 1214,4832 1215,4832 1515,4834 1515,4833 1516,4826 1518,4824 1519,4824 1520,4824 1520,4815 1522,4812 1523,4812 1524,4812 1524,4811 1526,4808 1527,4808 1529,4807 1529,4802 1530,4800 1531,4800 1532,4800 1532,4799 1534,4796 1535,4796 1537,4795 1537,4794 1538,4792 1539,4792 1541,4791 1541,4790 1542,4788 1547,4788 1549,4787 1549,4786 1550,4784 1572,4784 1573,4785 1573,4786 1575,4788 1576,4788 1577,4789 1577,4790 1579,4792 1580,4792 1581,4793 1581,4794 1583,4796 1584,4796 1586,4798 1585,4838 1586,4839 1586,4840 1587,4840 1638,4841 1639,4842 1639,4844 1640,4845 1679,4845 1679,4846 1679,4847 1681,4849 1682,4849 1683,4849 1683,4850 1683,4851 1686,4853 1687,4853 1688,4855 1688,4865 1689,4865 1690,4865 1692,4868 1692,4905 1693,4905 1904,4907 1904,4906 1904,4850 1906,4849 2048,4849 2049,4848 2099,4849 2099,4848 2099,4847 2106,4841 2115,4841 2116,4842 2116,4847 2117,4848 2407,4850 2408,4849 2409,4849 2409,4848 2410,4833 2410,4833 2411,4833 2414,4830 2414,4821 2414,4821 2415,4821 2418,4818 2418,4813 2419,4812 2420,4812 2421,4811 2422,4810 2422,4809 2423,4808 2424,4808 2425,4807 2426,4806 2426,4805 2427,4804 2428,4804 2429,4803 2430,4802 2430,4801 2431,4800 2432,4800 2434,4798 2434,4797 2435,4796 2440,4796 2443,4794 2443,4793 2443,4792 2448,4792 2451,4790 2451,4789 2451,4788 2465,4788 2467,4790 2467,4791 2468,4792 2473,4792 2475,4794 2475,4795 2475,4795 2476,4796 2477,4796 2479,4798 2478,4840 2479,4840 2515,4841 2516,4842 2516,4844 2517,4845 2733,4846 2734,4845 2735,4845 2736,4843 2736,4842 2738,4841 2788,4841 2788,4841 2789,4802 2790,4800 2791,4800 2793,4799 2793,4798 2793,4797 2794,4796 2795,4796 2797,4795 2797,4794 2798,4792 2812,4792 2814,4794 2813,4844 2814,4844 2890,4845 2891,4846 2891,4847 2892,4848 3173,4850 3174,4849 3241,4849 3241,4849 3242,4826 3242,4825 3243,4825 3246,4823 3246,4818 3246,4817 3247,4817 3250,4815 3250,4814 3251,4812 3256,4812 3263,4806 3263,4805 3263,4804 3264,4804 3267,4802 3267,4801 3267,4800 3270,4800 3271,4799 3277,4800 3278,4799 3278,4798 3279,4797 3279,4796 3279,4796 3293,4796 3295,4797 3295,4798 3296,4799 3296,4800 3297,4800 3299,4801 3299,4802 3299,4803 3300,4804 3301,4804 3303,4805 3303,4806 3303,4807 3304,4808 3305,4808 3307,4809 3306,4847 3307,4848 3502,4849 3502,4848 3503,4829 3503,4829 3504,4829 3507,4827 3507,4822 3507,4821 3508,4821 3511,4819 3511,4810 3512,4808 3513,4808 3515,4807 3515,4802 3516,4800 3517,4800 3519,4799 3519,4795 3519,4794 3535,4794 3537,4796 3538,4796 3539,4797 3539,4798 3540,4799 3540,4803 3544,4807 3544,4812 3544,4812 3545,4812 3552,4819 3552,4824 3552,4824 3553,4824 3556,4827 3555,4852 3556,4852 3753,4854 3754,4853 3900,4854 3901,4853 3910,4853 3911,4851 3911,4850 3913,4849 3954,4849 3956,4846 3956,4845 3957,4845 3983,4845 3983,4845 3984,4806 3985,4804 3991,4804 3992,4804 3992,4803 3993,4802 3993,4801 3993,4800 3999,4800 4000,4801 4000,4824 4000,4824 4023,4824 4025,4826 4025,4837 4025,4837 4211,4839 4212,4838 4212,4815 4213,4814 4213,4813 4214,4812 4215,4812 4217,4810 4217,4785 4217,4785 4220,4785 4221,4784 4230,4784 4231,4783 4240,4783 4241,4783 4240,4842 4241,4843 4240,4994 4241,4995 4241,4996 4214,4996 4212,4994 4213,4992 4212,4992 4201,4992 4200,4990 4200,4937 4199,4937 3952,4935 3952,4935 3952,4936 3949,4939 3916,4939 3915,4940 3915,4941 3913,4943 3711,4941 3709,4943 3688,4943 3685,4940 3572,4939 3572,4940 3572,4971 3571,4971 3569,4971 3568,4972 3567,4972 3566,4971 3565,4971 3564,4970 3564,4961 3562,4959 3561,4959 3560,4958 3560,4940 3559,4939 3521,4939 3519,4937 3519,4936 3518,4935 3468,4935 3468,4935 3467,4999 3467,5000 3447,5000 3446,4999 3447,4935 3446,4935 3306,4934 3305,4935 3261,4934 3260,4935 3194,4935 3190,4939 3182,4939 3181,4937 3181,4936 3180,4936 3169,4936 3169,4936 3168,4997 3168,4998 3149,4998 3148,4997 3149,4936 3148,4936 2902,4934 2901,4935 2812,4934 2811,4935 2620,4934 2619,4935 2506,4934 2505,4935 2284,4934 2284,4935 2283,4995 2283,4995 2276,4995 2275,4996"/><TextEquiv index="1"><Unicode>“il enfin, votre ſituation eſt sûrement</Unicode></TextEquiv></TextLine><TextLine id="r0_l023"><Coords points="1807,5196 1806,5195 1652,5194 1651,5193 1651,5185 1651,5185 948,5180 945,5178 946,5117 945,5116 632,5114 631,5113 631,5112 632,5110 920,5112 921,5112 921,5104 922,5102 923,5102 925,5101 925,5063 926,5061 927,5061 929,5060 929,5059 931,5057 970,5057 970,5057 970,5055 972,5053 978,5053 979,5052 1134,5053 1135,5052 1136,5052 1137,5051 1137,5046 1139,5045 1140,5045 1141,5043 1141,5042 1143,5041 1148,5041 1149,5039 1149,5038 1151,5037 1152,5037 1153,5036 1157,5036 1157,5035 1157,5022 1158,5021 1158,5020 1159,5020 1467,5022 1467,5021 1467,4998 1468,4997 1468,4996 1469,4996 1470,4996 1472,4993 1472,4992 1473,4992 1482,4992 1484,4989 1484,4988 1485,4988 1487,4988 1488,4987 2307,4992 2308,4991 3251,4997 3252,4996 3899,5001 3900,5000 4200,5002 4202,5000 4213,5000 4213,4999 4213,4996 4214,4996 4241,4996 4241,4996 4240,5147 4241,5148 4241,5201 4241,5202 4205,5202 4204,5201 2582,5190 2581,5191 2580,5191 2579,5192 2574,5192 2573,5192 2573,5193 2571,5196 2470,5195 2469,5196 1809,5192 1808,5192 1808,5195 1808,5196"/><TextEquiv index="1"><Unicode>“touchante; je ſuppoſe qu'il n'y a rien</Unicode></TextEquiv></TextLine><TextLine id="r0_l024"><Coords points="1518,5396 1516,5393 1516,5392 1515,5392 1510,5392 1508,5389 1508,5380 1506,5379 1505,5379 1504,5377 1504,5345 1504,5345 1164,5343 1161,5340 1161,5339 1161,5339 1157,5339 1156,5338 1155,5338 1153,5336 1153,5335 1152,5334 1147,5334 1145,5332 1145,5331 1144,5330 1143,5330 1141,5328 939,5326 937,5325 937,5324 936,5322 935,5322 933,5321 934,5281 933,5280 933,5279 934,5277 935,5277 946,5267 946,5266 946,5265 982,5265 983,5265 984,5265 986,5263 986,5262 987,5261 1141,5262 1142,5261 1147,5261 1149,5259 1149,5258 1150,5257 1159,5257 1162,5254 1162,5253 1162,5253 1167,5253 1170,5250 1170,5249 1170,5249 1181,5249 1182,5248 1182,5219 1181,5219 685,5216 684,5214 684,5213 685,5212 1181,5215 1182,5214 1182,5200 1183,5200 1184,5200 1185,5199 1186,5199 1186,5198 1186,5197 1188,5196 1197,5196 1198,5194 1198,5193 1200,5192 1201,5192 1202,5191 2810,5201 2812,5199 3821,5206 3823,5204 4205,5207 4205,5206 4205,5202 4206,5202 4241,5202 4241,5202 4240,5300 4241,5301 4241,5400 4240,5401 3921,5399 3920,5400 3899,5400 3899,5400 3899,5401 3896,5404 3337,5400 3336,5398 3336,5396 3335,5395 3335,5352 3335,5352 1591,5340 1590,5341 1590,5369 1586,5373 1586,5378 1584,5379 1583,5379 1582,5381 1582,5382 1580,5383 1575,5383 1573,5386 1573,5387 1572,5387 1571,5387 1569,5390 1569,5391 1568,5391 1567,5391 1566,5392 1562,5392 1561,5394 1561,5395 1560,5395 1559,5395 1558,5396"/><TextEquiv index="1"><Unicode>“d'exagéré dans le tableau pathétique</Unicode></TextEquiv></TextLine><TextLine id="r0_l025"><Coords points="2440,5613 2439,5613 2440,5553 2439,5552 2122,5550 2121,5551 2093,5551 2092,5549 2092,5548 2091,5548 1964,5547 1837,5546 1836,5547 1726,5546 1725,5547 1625,5547 1624,5546 1623,5546 1621,5544 1383,5542 1382,5543 1374,5543 1374,5544 1374,5545 1371,5547 1220,5546 1220,5547 1220,5594 1218,5595 1217,5595 1216,5596 1181,5596 1180,5595 1179,5595 1178,5593 1178,5543 1177,5543 1164,5543 1163,5542 1162,5542 1162,5541 1162,5540 1159,5538 1154,5538 1153,5536 1153,5535 1151,5534 1146,5534 1145,5532 1145,5531 1143,5530 1142,5530 1140,5528 934,5526 934,5527 934,5528 933,5529 933,5530 932,5530 930,5530 929,5529 929,5528 927,5526 926,5526 925,5525 925,5524 923,5522 922,5522 921,5521 921,5479 923,5477 924,5477 925,5476 925,5475 927,5473 932,5473 933,5472 933,5471 935,5469 969,5469 970,5468 970,5467 972,5465 976,5465 977,5464 990,5465 990,5464 990,5441 992,5440 997,5440 998,5441 998,5464 999,5465 1154,5466 1155,5465 1160,5465 1162,5462 1162,5461 1163,5461 1168,5461 1170,5458 1170,5457 1171,5457 1284,5457 1285,5456 1385,5457 1386,5459 1386,5460 1387,5460 1623,5462 1624,5461 1699,5461 1699,5461 1699,5460 1700,5459 1700,5458 1701,5457 1754,5458 1755,5457 1765,5457 1765,5457 1765,5460 1766,5461 1982,5462 1983,5461 2052,5462 2053,5461 2062,5461 2063,5462 2063,5464 2064,5465 2251,5466 2251,5465 2251,5453 2252,5453 2253,5453 2254,5451 2255,5433 2256,5432 2257,5432 2259,5430 2259,5429 2259,5429 2260,5428 2261,5428 2263,5426 2263,5425 2264,5424 2265,5424 2267,5422 2267,5417 2268,5416 2273,5416 2275,5414 2275,5413 2275,5413 2276,5412 2277,5412 2279,5410 2279,5409 2279,5409 2280,5408 2281,5408 2283,5407 2283,5406 2284,5404 2314,5404 2316,5406 2316,5407 2316,5407 2412,5408 2414,5409 2413,5460 2414,5461 2457,5461 2459,5459 2459,5458 2460,5457 2462,5457 2463,5459 2463,5460 2464,5460 2728,5462 2728,5461 2728,5453 2729,5453 2792,5453 2792,5453 2793,5418 2794,5416 2809,5416 2810,5415 2864,5416 2871,5409 2871,5408 2871,5408 2889,5408 2891,5409 2890,5447 2891,5448 2891,5463 2892,5464 3165,5466 3166,5465 3323,5466 3323,5465 3323,5449 3324,5449 3325,5449 3327,5447 3327,5438 3329,5436 3330,5436 3332,5434 3332,5429 3333,5428 3334,5428 3335,5427 3335,5426 3337,5424 3338,5424 3340,5422 3340,5421 3341,5420 3342,5420 3344,5418 3344,5417 3345,5416 3346,5416 3348,5414 3348,5413 3349,5412 3350,5412 3352,5411 3352,5410 3353,5408 3379,5408 3380,5409 3380,5410 3382,5412 3383,5412 3384,5413 3384,5414 3385,5415 3384,5469 3385,5469 3416,5469 3417,5471 3417,5472 3418,5472 3616,5474 3616,5473 3617,5417 3618,5416 3623,5416 3625,5414 3625,5413 3626,5412 3628,5412 3629,5412 3629,5413 3630,5415 3890,5417 3891,5416 3893,5416 3894,5416 3894,5417 3900,5424 3901,5424 3903,5425 3903,5443 3903,5444 3932,5444 3933,5445 3934,5445 3935,5445 3935,5446 3936,5448 3937,5448 3939,5449 3938,5459 3939,5460 4207,5462 4207,5461 4208,5429 4209,5428 4212,5428 4213,5427 4213,5404 4213,5404 4214,5404 4217,5401 4240,5401 4241,5401 4240,5453 4241,5454 4241,5565 4240,5566 4222,5566 4221,5567 4220,5567 4219,5568 4217,5568 4216,5569 4215,5569 4214,5570 4213,5570 4213,5569 4213,5568 4212,5567 4212,5544 4211,5544 4025,5542 4024,5543 4009,5543 4009,5544 4009,5574 4007,5575 3997,5575 3997,5575 3997,5574 3988,5565 3988,5561 3987,5560 3701,5558 3700,5559 3695,5559 3695,5560 3695,5561 3692,5563 3688,5563 3685,5560 3590,5560 3590,5560 3589,5610 3588,5612 3586,5612 3585,5611 3585,5610 3584,5609 3584,5608 3584,5608 3582,5608 3580,5606 3581,5560 3580,5560 3420,5558 3419,5559 3390,5559 3389,5558 3389,5557 3387,5555 3386,5555 3385,5554 3385,5553 3383,5551 3356,5551 3191,5550 3190,5551 3189,5551 3189,5551 3189,5552 3186,5555 3162,5555 3159,5552 2901,5550 2900,5551 2842,5551 2842,5551 2842,5553 2840,5555 2665,5554 2664,5555 2657,5554 2656,5555 2469,5554 2468,5555 2464,5555 2463,5554 2463,5553 2462,5552 2442,5552 2442,5553 2441,5613 2441,5613"/><TextEquiv index="1"><Unicode>“que vous en faites. Il me ſeroit bien</Unicode></TextEquiv></TextLine><TextLine id="r0_l026"><Coords points="1960,5812 1959,5811 1958,5811 1957,5810 1958,5743 1957,5743 1779,5742 1777,5744 1777,5745 1776,5746 1775,5746 1774,5747 1773,5749 1773,5750 1772,5750 1771,5751 1767,5751 1765,5752 1765,5753 1765,5754 1764,5754 1763,5755 1685,5754 1683,5753 1683,5752 1682,5750 1501,5749 1500,5750 1499,5750 1498,5751 1405,5750 1404,5751 1213,5750 1212,5751 1206,5751 1205,5750 1204,5750 1202,5748 1202,5747 1201,5746 1166,5746 1166,5745 1166,5744 1163,5742 1154,5742 1153,5740 1153,5739 1151,5738 1146,5738 1145,5736 1145,5735 1144,5735 944,5733 943,5734 930,5734 929,5733 929,5732 927,5730 926,5730 925,5729 925,5724 923,5722 922,5722 921,5721 921,5716 923,5713 924,5713 925,5713 925,5671 927,5669 928,5669 929,5668 929,5667 931,5665 945,5665 945,5666 945,5667 947,5668 1162,5670 1163,5669 1168,5669 1170,5666 1170,5665 1171,5665 1186,5665 1186,5664 1186,5613 1188,5612 1193,5612 1194,5610 1194,5609 1196,5608 1210,5608 1210,5608 1210,5609 1211,5611 1211,5615 1213,5616 1214,5616 1214,5617 1214,5618 1215,5619 1215,5660 1216,5660 1397,5661 1400,5664 1499,5665 1500,5666 1671,5667 1671,5667 1671,5614 1673,5612 1674,5612 1676,5610 1676,5609 1677,5608 1679,5608 1680,5607 1681,5607 1682,5608 1699,5608 1700,5610 1700,5664 1701,5664 1773,5665 1773,5665 1773,5666 1776,5669 1781,5669 1781,5669 1781,5670 1783,5672 1963,5673 1965,5671 1965,5670 1967,5669 2154,5670 2155,5669 2198,5669 2199,5668 2217,5669 2218,5670 2218,5671 2219,5672 2430,5673 2430,5672 2430,5621 2432,5620 2433,5620 2434,5619 2434,5618 2436,5616 2437,5616 2438,5615 2438,5614 2439,5613 2441,5613 2442,5612 2442,5613 2442,5614 2445,5616 2450,5616 2450,5617 2450,5618 2453,5620 2454,5620 2454,5621 2454,5622 2455,5623 2455,5669 2456,5669 2504,5669 2504,5670 2504,5671 2506,5672 2721,5674 2722,5673 2810,5673 2811,5672 2974,5674 2975,5673 2980,5673 2981,5671 2981,5670 2983,5669 3099,5669 3099,5669 3099,5622 3101,5620 3114,5620 3115,5619 3151,5620 3152,5618 3152,5617 3154,5616 3168,5616 3168,5616 3168,5617 3169,5618 3169,5672 3170,5673 3188,5673 3189,5674 3189,5675 3190,5676 3425,5677 3427,5677 3465,5677 3466,5678 3466,5679 3466,5680 3628,5681 3629,5680 3629,5633 3631,5632 3632,5632 3638,5625 3638,5624 3639,5624 3645,5624 3645,5624 3645,5625 3648,5628 3653,5628 3654,5629 3654,5630 3656,5632 3657,5632 3658,5634 3658,5652 3659,5652 3660,5652 3662,5655 3662,5656 3663,5656 3664,5656 3666,5659 3666,5681 3666,5681 3797,5682 3798,5681 3844,5681 3845,5681 3845,5680 3848,5677 3887,5678 3888,5677 3910,5677 3911,5675 3911,5674 3913,5673 3954,5673 3956,5670 3956,5669 3957,5669 3995,5669 3996,5668 3996,5667 3998,5665 4008,5665 4008,5665 4008,5643 4011,5640 4012,5640 4013,5642 4013,5643 4014,5643 4015,5644 4016,5644 4017,5646 4017,5660 4018,5660 4135,5661 4135,5661 4135,5622 4137,5620 4142,5620 4146,5624 4147,5624 4147,5625 4147,5661 4148,5661 4209,5662 4209,5661 4209,5653 4211,5652 4217,5652 4217,5651 4217,5639 4218,5639 4220,5639 4221,5640 4241,5640 4241,5640 4240,5758 4241,5759 4241,5815 4241,5816 4222,5816 4221,5815 4221,5809 4219,5807 4218,5807 4217,5806 4218,5747 4217,5747 4047,5746 4045,5748 4045,5749 4044,5750 4043,5750 4041,5752 4041,5753 4040,5754 4039,5754 4038,5755 4007,5754 4006,5755 3985,5755 3984,5756 3984,5817 3984,5817 3969,5817 3968,5817 3968,5760 3968,5759 3834,5758 3833,5759 3833,5762 3832,5763 3831,5763 3829,5765 3829,5766 3828,5767 3666,5766 3665,5767 3664,5767 3662,5766 3662,5765 3661,5763 3458,5762 3457,5763 3384,5762 3383,5763 3382,5763 3381,5764 3381,5765 3379,5767 3266,5766 3265,5767 3264,5767 3263,5767 3262,5766 3262,5765 3261,5763 3171,5763 3168,5760 2817,5758 2816,5759 2809,5758 2808,5759 2564,5758 2563,5759 2458,5758 2457,5759 2287,5758 2286,5759 2282,5759 2279,5756 1999,5754 1998,5755 1998,5806 1996,5808 1987,5808 1986,5809 1986,5810 1984,5812"/><TextEquiv index="1"><Unicode>“doux de pouvoir contribuer à vous</Unicode></TextEquiv></TextLine><TextLine id="r0_l027"><Coords points="3239,6024 3238,6023 3238,6022 3236,6020 3235,6020 3234,6019 3234,5969 3234,5968 2990,5967 2989,5967 2989,6014 2988,6015 2987,6015 2982,6020 2978,6020 2977,6018 2977,6017 2975,6016 2970,6016 2969,6014 2969,6013 2967,6012 2962,6011 2958,6007 2957,6007 2956,6006 2956,6005 2955,6004 2954,6004 2953,6003 2949,6003 2948,6002 2948,5968 2948,5967 2729,5966 2728,5966 2728,5977 2727,5979 2726,5979 2724,5980 2724,5985 2722,5987 2721,5987 2720,5988 2720,5997 2718,5999 2717,5999 2716,6000 2716,6001 2714,6003 2713,6003 2712,6004 2712,6005 2710,6007 2709,6007 2708,6008 2707,6009 2707,6010 2706,6011 2705,6011 2704,6012 2703,6013 2703,6014 2701,6016 2700,6016 2700,6016 2700,6017 2697,6020 2696,6020 2695,6018 2695,5968 2695,5968 2397,5966 2396,5967 2283,5966 2282,5967 2187,5966 2186,5967 2186,6009 2185,6010 2185,6011 2184,6011 2183,6011 2181,6014 2181,6015 2180,6015 2179,6015 2178,6016 2163,6016 2162,6015 2161,6015 2161,6015 2161,6014 2158,6011 2157,6011 2157,6011 2157,5965 2157,5964 1846,5962 1845,5963 1837,5963 1835,5962 1835,5961 1834,5960 1834,5956 1834,5955 1605,5954 1602,5956 1602,5957 1602,5958 1562,5957 1561,5958 1560,5958 1559,5959 1546,5959 1545,5960 1545,5961 1543,5963 1540,5963 1539,5962 1538,5962 1537,5962 1537,5961 1537,5960 1361,5959 1360,5958 1359,5958 1357,5956 1153,5955 1152,5954 1151,5954 1149,5952 1149,5951 1148,5950 1147,5950 1145,5948 1145,5947 1144,5946 1143,5946 1141,5944 1141,5935 1141,5935 949,5933 948,5934 943,5934 941,5936 941,5937 940,5938 931,5938 929,5937 929,5936 928,5934 927,5934 925,5933 926,5897 925,5896 925,5891 926,5889 927,5889 929,5888 929,5883 930,5881 931,5881 933,5880 933,5879 934,5877 974,5877 975,5876 1006,5877 1007,5876 1007,5869 1007,5869 1008,5869 1009,5868 1266,5869 1267,5869 1267,5819 1268,5818 1268,5817 1269,5816 1270,5816 1272,5814 1272,5813 1273,5812 1280,5812 1281,5811 1286,5811 1287,5810 1288,5811 1288,5810 1288,5809 1291,5807 1294,5807 1295,5808 1296,5808 1296,5808 1296,5809 1299,5812 1300,5812 1300,5812 1300,5867 1300,5868 1597,5870 1598,5869 1598,5821 1600,5820 1601,5820 1602,5818 1602,5817 1604,5816 1614,5816 1614,5816 1614,5817 1617,5820 1618,5820 1618,5820 1618,5821 1619,5822 1621,5824 1622,5824 1622,5824 1622,5868 1622,5869 1702,5869 1704,5871 1704,5876 1704,5876 1924,5878 1925,5877 2020,5877 2022,5876 2022,5875 2023,5873 2161,5874 2162,5873 2196,5873 2197,5872 2339,5873 2340,5873 2340,5826 2342,5824 2350,5824 2351,5823 2356,5823 2357,5825 2357,5826 2358,5828 2359,5828 2361,5829 2361,5879 2361,5880 2695,5882 2696,5881 2846,5882 2847,5881 2849,5881 2850,5881 2850,5882 2851,5884 3073,5885 3074,5885 3074,5828 3075,5827 3075,5825 3076,5824 3094,5824 3095,5826 3095,5831 3095,5831 3252,5832 3254,5834 3254,5835 3255,5836 3260,5836 3262,5838 3262,5883 3263,5884 3338,5885 3339,5885 3339,5886 3340,5888 3571,5889 3572,5888 3664,5889 3666,5888 3666,5887 3667,5885 3740,5886 3741,5885 3799,5885 3801,5883 3801,5882 3802,5881 3824,5881 3825,5881 3825,5838 3826,5836 3967,5837 3968,5837 3968,5818 3969,5817 3984,5817 3987,5820 3988,5820 3988,5821 3988,5864 3988,5864 4040,5865 4041,5865 4041,5866 4043,5869 4110,5869 4111,5868 4111,5845 4112,5844 4211,5845 4212,5844 4212,5842 4213,5841 4213,5820 4214,5820 4221,5820 4221,5819 4221,5816 4222,5816 4241,5816 4241,5816 4240,5911 4241,5912 4241,6016 4240,6017 4224,6017 4222,6015 4221,6015 4221,6014 4221,5984 4220,5983 4218,5983 4217,5982 4217,5981 4216,5980 4216,5979 4216,5979 4214,5979 4213,5978 4213,5977 4212,5976 4212,5955 4212,5955 4030,5953 4029,5954 4029,5955 4029,5955 3985,5955 3984,5956 3984,5958 3984,5958 3983,5958 3982,5959 3925,5959 3923,5960 3923,5961 3923,5962 3922,5962 3921,5963 3865,5962 3864,5963 3855,5963 3854,5964 3854,6018 3851,6020 3850,6020 3850,6021 3850,6022 3847,6024 3845,6022 3845,6021 3844,6020 3831,6020 3826,6015 3825,6015 3825,6015 3825,5976 3825,5975 3649,5974 3648,5975 3564,5974 3563,5975 3473,5975 3470,5972 3263,5970 3262,5971 3262,5999 3261,5999 3260,5999 3259,6000 3258,6000 3258,6001 3258,6007 3257,6007 3256,6007 3254,6010 3254,6015 3253,6015 3252,6015 3251,6016 3247,6016 3242,6022 3242,6023 3240,6024"/><TextEquiv index="1"><Unicode>“adoucir vos peines; mais je vous prie</Unicode></TextEquiv></TextLine><TextLine id="r0_l028"><Coords points="2090,6236 2091,6172 2090,6172 1845,6170 1844,6171 1828,6171 1826,6169 1826,6168 1825,6167 1442,6165 1440,6167 1431,6166 1431,6166 1431,6165 1430,6164 1266,6163 1265,6162 1199,6162 1198,6160 1198,6159 1196,6158 1158,6158 1158,6157 1158,6156 1155,6154 1150,6154 1149,6152 1149,6151 1147,6150 1146,6150 1145,6148 1145,6147 1143,6146 1142,6146 1140,6144 926,6142 925,6141 925,6087 927,6085 928,6085 929,6084 929,6083 931,6081 975,6081 976,6080 1079,6081 1079,6081 1080,6050 1081,6048 1082,6048 1084,6047 1084,6042 1085,6040 1177,6041 1178,6040 1178,6024 1178,6024 1179,6024 1183,6020 1187,6020 1188,6019 1189,6019 1190,6018 1190,6017 1191,6016 1192,6016 1193,6015 1207,6015 1208,6016 1209,6016 1210,6017 1210,6018 1212,6020 1213,6020 1215,6022 1214,6054 1215,6055 1215,6073 1216,6073 1280,6073 1281,6074 1688,6077 1688,6077 1688,6062 1689,6061 1690,6061 1691,6060 1691,6054 1693,6052 1694,6052 1696,6051 1696,6046 1697,6044 1698,6044 1700,6043 1700,6042 1701,6040 1702,6040 1704,6039 1704,6038 1705,6036 1706,6036 1708,6035 1708,6034 1709,6032 1710,6032 1712,6031 1712,6030 1713,6028 1714,6028 1716,6027 1716,6026 1717,6024 1726,6024 1729,6022 1729,6021 1729,6020 1737,6020 1738,6019 1751,6020 1753,6021 1753,6022 1753,6023 1927,6024 1928,6024 1928,6025 1930,6027 1930,6028 1931,6028 1932,6028 1931,6079 1932,6080 2148,6081 2148,6082 2148,6083 2151,6085 2152,6085 2154,6087 2501,6089 2502,6088 2688,6090 2689,6089 2853,6090 2853,6089 2854,6037 2855,6036 2860,6036 2863,6033 2863,6032 2863,6032 2877,6032 2879,6033 2878,6058 2879,6059 2879,6086 2880,6087 3410,6090 3411,6089 3416,6089 3417,6088 3417,6087 3418,6086 3418,6085 3419,6084 3535,6085 3535,6085 3536,6054 3537,6052 3538,6052 3540,6051 3540,6046 3541,6044 3542,6044 3543,6044 3543,6043 3545,6040 3587,6041 3588,6040 3588,6038 3589,6037 3589,6036 3589,6036 3820,6037 3821,6037 3821,6034 3822,6032 3823,6032 3825,6031 3825,6030 3826,6028 3836,6028 3837,6029 3837,6030 3839,6032 3840,6032 3841,6033 4220,6036 4221,6035 4221,6032 4221,6032 4222,6032 4223,6031 4224,6031 4225,6030 4225,6017 4225,6017 4240,6017 4241,6017 4240,6064 4241,6065 4240,6216 4241,6217 4241,6218 4241,6219 4240,6219 4237,6221 4237,6223 4237,6224 4234,6224 4233,6223 4233,6217 4232,6216 4029,6214 4029,6214 4029,6178 4028,6177 3969,6177 3969,6178 3968,6227 3968,6227 3957,6227 3956,6226 3957,6177 3956,6177 3638,6175 3638,6175 3638,6176 3635,6179 3563,6178 3562,6179 3427,6179 3425,6177 3012,6174 3011,6175 2955,6174 2954,6175 2945,6175 2944,6177 2944,6178 2942,6179 2933,6179 2931,6177 2545,6175 2545,6175 2544,6226 2543,6228 2510,6228 2508,6226 2508,6225 2508,6225 2507,6223 2506,6223 2504,6222 2505,6209 2504,6208 2272,6207 2271,6205 2271,6204 2270,6204 2269,6203 2268,6203 2267,6201 2267,6173 2266,6173 2092,6172 2092,6172 2091,6236 2091,6237"/><TextEquiv index="1"><Unicode>“de conſidérer, que les contributions</Unicode></TextEquiv></TextLine><TextLine id="r0_l029"><Coords points="2178,6440 2178,6440 2178,6439 2177,6438 2177,6437 2177,6436 2167,6436 2165,6435 2165,6403 2165,6402 2027,6401 2025,6403 2024,6403 2023,6404 2023,6405 2021,6407 2020,6407 2018,6409 2018,6410 2017,6411 2012,6411 2010,6413 2010,6414 2009,6415 1995,6415 1994,6415 1994,6381 1994,6380 1817,6379 1814,6376 1687,6375 1686,6374 1685,6374 1684,6374 1684,6373 1683,6371 1482,6370 1481,6371 1479,6371 1478,6370 1477,6370 1476,6369 1476,6368 1475,6367 1279,6365 1278,6366 1196,6366 1194,6364 1194,6362 1194,6362 1155,6362 1153,6360 1153,6359 1152,6358 1147,6358 1146,6357 1145,6357 1145,6356 1145,6355 1143,6354 1142,6354 1141,6352 1141,6347 1139,6346 1138,6346 1137,6344 1137,6340 1136,6340 994,6339 994,6339 994,6340 992,6342 987,6342 986,6343 986,6344 984,6346 948,6345 947,6346 946,6346 946,6347 946,6348 943,6350 930,6350 929,6349 929,6348 927,6346 926,6346 925,6345 925,6331 924,6330 910,6330 909,6329 909,6328 907,6326 906,6326 905,6325 905,6324 904,6323 904,6313 905,6312 905,6311 906,6309 907,6309 908,6309 908,6308 910,6305 911,6305 913,6304 913,6303 914,6301 915,6301 916,6301 917,6300 917,6299 918,6297 923,6297 925,6296 925,6295 926,6293 927,6293 929,6292 929,6270 930,6269 931,6269 932,6268 933,6268 933,6268 933,6267 936,6264 1073,6265 1074,6264 1186,6265 1186,6264 1186,6225 1188,6224 1192,6224 1193,6223 1194,6223 1194,6222 1194,6221 1197,6219 1208,6219 1209,6220 1210,6220 1210,6221 1210,6222 1212,6223 1213,6224 1214,6224 1215,6226 1215,6280 1216,6280 1484,6282 1484,6281 1484,6261 1486,6260 1487,6260 1488,6258 1488,6249 1490,6248 1491,6248 1492,6246 1492,6245 1494,6244 1495,6244 1496,6242 1496,6241 1498,6240 1499,6240 1500,6238 1500,6237 1502,6236 1503,6236 1504,6234 1504,6233 1506,6232 1515,6232 1516,6231 1516,6230 1518,6228 1631,6229 1632,6228 1766,6229 1767,6228 1769,6228 1769,6228 1769,6229 1770,6230 1772,6232 1773,6232 1773,6232 1773,6234 1774,6235 1774,6288 1774,6289 1837,6289 1838,6290 1838,6291 1839,6292 1918,6293 1920,6294 1920,6295 1921,6297 1922,6297 1924,6298 1924,6349 1924,6350 2016,6350 2018,6352 2018,6353 2019,6354 2020,6354 2022,6356 2022,6357 2023,6358 2024,6358 2028,6362 2029,6362 2030,6364 2030,6365 2031,6365 2078,6366 2078,6365 2079,6237 2081,6236 2090,6236 2091,6237 2092,6237 2092,6237 2091,6365 2092,6366 2164,6366 2164,6366 2165,6307 2166,6305 2167,6305 2169,6304 2169,6299 2170,6297 2183,6297 2186,6295 2186,6294 2186,6293 2192,6293 2193,6294 2193,6295 2194,6296 2360,6298 2361,6297 2361,6294 2362,6293 2500,6293 2501,6292 2613,6293 2614,6293 2614,6286 2615,6285 2616,6285 2618,6283 2618,6278 2619,6277 2620,6277 2622,6275 2622,6270 2623,6269 2624,6269 2626,6267 2626,6258 2628,6256 2629,6256 2630,6255 2630,6250 2632,6248 2633,6248 2634,6247 2634,6246 2636,6244 2641,6244 2642,6243 2642,6242 2644,6240 2649,6240 2651,6238 2651,6237 2652,6236 2653,6236 2654,6235 2666,6236 2667,6237 2667,6238 2669,6240 2670,6240 2671,6241 2671,6246 2673,6248 2674,6248 2675,6249 2675,6296 2675,6297 2779,6297 2781,6296 2781,6295 2782,6293 2795,6293 2797,6295 2797,6296 2797,6296 2973,6298 2974,6297 3078,6297 3079,6297 3079,6254 3081,6252 3082,6252 3083,6251 3083,6242 3085,6240 3098,6240 3099,6242 3099,6243 3100,6243 3101,6244 3102,6244 3103,6246 3103,6296 3103,6296 3261,6297 3262,6297 3262,6250 3267,6245 3267,6244 3268,6243 3282,6244 3282,6243 3282,6242 3283,6241 3283,6240 3284,6240 3286,6240 3287,6241 3287,6242 3288,6243 3289,6244 3290,6244 3291,6245 3291,6299 3291,6300 3538,6301 3539,6301 3539,6300 3541,6297 3546,6297 3548,6299 3548,6300 3548,6300 3689,6301 3690,6301 3690,6251 3693,6248 3728,6248 3729,6247 3730,6247 3732,6245 3732,6244 3733,6244 3734,6244 3736,6241 3736,6240 3737,6240 3738,6240 3740,6237 3740,6236 3741,6236 3755,6236 3755,6235 3755,6234 3758,6232 3767,6232 3768,6233 3768,6234 3770,6236 3853,6236 3854,6238 3854,6243 3856,6244 3857,6244 3858,6246 3858,6251 3860,6252 3861,6252 3861,6253 3861,6254 3865,6257 3866,6257 3866,6258 3866,6263 3869,6265 3870,6265 3870,6266 3870,6275 3871,6275 3957,6276 3957,6275 3957,6227 3958,6227 3967,6227 3967,6228 3967,6276 3968,6276 4052,6277 4054,6274 4054,6273 4055,6273 4056,6273 4057,6272 4063,6272 4064,6273 4065,6273 4066,6274 4066,6328 4066,6329 4208,6330 4209,6329 4209,6244 4210,6244 4233,6244 4233,6243 4233,6224 4234,6224 4237,6224 4237,6224 4237,6226 4239,6228 4241,6228 4241,6228 4240,6370 4241,6371 4241,6406 4241,6407 4235,6407 4233,6405 4234,6334 4233,6334 4093,6333 4092,6334 4070,6334 4070,6334 4070,6344 4068,6346 4067,6346 4066,6347 4066,6348 4064,6350 4063,6350 4062,6351 4062,6360 4060,6362 4055,6362 4053,6364 4053,6365 4052,6366 4046,6366 4046,6366 4045,6430 4044,6432 4029,6431 4028,6432 4027,6432 4025,6431 4026,6366 4025,6365 4008,6365 4007,6366 4002,6366 4000,6368 4000,6370 4000,6370 3999,6370 3998,6371 3994,6371 3993,6372 3993,6373 3991,6375 3869,6374 3868,6375 3737,6375 3735,6376 3735,6377 3734,6379 3723,6378 3722,6379 3602,6379 3601,6379 3601,6380 3599,6383 3598,6383 3597,6383 3597,6384 3595,6387 3539,6386 3538,6387 3504,6387 3503,6388 3503,6447 3501,6448 3495,6448 3495,6447 3495,6387 3495,6387 3368,6386 3367,6387 3358,6387 3356,6389 3356,6390 3355,6391 3342,6391 3340,6389 3340,6388 3339,6387 3334,6387 3331,6384 3112,6382 3111,6383 2952,6382 2951,6383 2930,6383 2928,6382 2928,6381 2928,6380 2717,6379 2716,6379 2716,6380 2714,6383 2693,6383 2691,6381 2691,6380 2691,6380 2495,6378 2494,6379 2370,6379 2369,6379 2369,6401 2368,6403 2362,6403 2361,6402 2361,6380 2361,6380 2203,6379 2202,6379 2202,6433 2200,6435 2199,6435 2198,6436 2198,6437 2195,6439 2194,6439 2193,6440"/><TextEquiv index="1"><Unicode>“des fidèles, pour ſecourir leurs frètes</Unicode></TextEquiv></TextLine><TextLine id="r0_l030"><Coords points="2802,6652 2802,6652 2802,6651 2801,6650 2801,6649 2800,6648 2766,6648 2765,6647 2765,6646 2764,6645 2764,6592 2764,6591 2698,6591 2695,6588 2500,6586 2499,6587 2348,6586 2347,6587 2334,6587 2332,6589 2332,6590 2330,6591 2308,6591 2308,6592 2308,6593 2307,6594 2307,6595 2306,6595 2251,6595 2251,6595 2251,6621 2248,6624 2198,6623 2198,6624 2198,6629 2195,6631 2194,6631 2193,6632 2084,6632 2083,6633 2083,6634 2081,6636 2076,6636 2075,6634 2075,6588 2075,6588 1814,6586 1813,6587 1800,6587 1798,6585 1798,6584 1798,6584 1564,6582 1563,6583 1548,6583 1547,6582 1546,6582 1545,6582 1545,6576 1545,6575 1342,6574 1341,6575 1318,6575 1317,6575 1317,6576 1316,6578 1315,6578 1314,6579 1303,6579 1300,6576 1220,6575 1219,6574 1212,6574 1211,6574 1211,6573 1209,6570 1143,6570 1141,6568 1141,6567 1140,6566 1139,6566 1137,6564 1137,6555 1137,6555 949,6553 948,6554 931,6554 929,6553 929,6552 928,6550 927,6550 925,6549 925,6544 927,6542 928,6542 928,6542 929,6503 930,6501 931,6501 933,6500 933,6499 934,6497 973,6497 974,6497 974,6494 975,6492 1102,6493 1105,6491 1105,6490 1105,6489 1145,6490 1146,6489 1151,6489 1153,6487 1153,6486 1154,6485 1155,6485 1156,6484 1157,6484 1158,6485 1160,6485 1161,6485 1161,6486 1163,6489 1205,6489 1206,6489 1206,6490 1207,6492 1377,6493 1378,6493 1378,6441 1378,6440 1379,6440 1382,6438 1382,6437 1382,6436 1392,6436 1394,6435 1394,6434 1396,6432 1448,6433 1449,6432 1459,6432 1459,6432 1459,6491 1459,6492 1741,6493 1742,6492 1812,6493 1814,6494 1814,6495 1814,6496 1910,6497 1912,6498 1912,6499 1913,6501 2016,6501 2018,6503 2017,6561 2018,6561 2205,6563 2205,6562 2205,6514 2207,6513 2208,6513 2210,6511 2210,6510 2211,6509 2216,6509 2218,6507 2218,6506 2219,6505 2326,6505 2328,6504 2328,6503 2329,6501 2346,6501 2347,6500 2355,6501 2356,6501 2356,6502 2357,6504 2470,6504 2471,6504 2471,6470 2472,6468 2477,6468 2478,6469 2645,6470 2646,6470 2646,6459 2651,6454 2651,6453 2651,6452 2652,6452 2653,6451 2665,6452 2666,6452 2666,6453 2666,6454 2668,6456 2669,6456 2671,6457 2671,6463 2671,6464 2672,6464 2673,6465 2674,6465 2675,6465 2675,6505 2675,6506 2720,6506 2721,6505 2791,6505 2793,6504 2793,6503 2794,6501 2796,6501 2797,6502 2797,6503 2798,6504 2985,6506 2986,6505 3052,6505 3054,6504 3054,6503 3055,6501 3119,6502 3120,6501 3171,6501 3172,6500 3172,6454 3178,6448 3191,6448 3193,6449 3193,6450 3194,6452 3195,6452 3197,6454 3197,6504 3197,6504 3264,6504 3266,6506 3266,6507 3266,6507 3485,6509 3486,6508 3486,6486 3487,6485 3489,6485 3491,6486 3491,6508 3491,6509 3534,6509 3535,6509 3535,6508 3537,6505 3589,6506 3590,6505 3591,6505 3592,6504 3592,6503 3593,6502 3593,6501 3593,6501 3680,6501 3683,6499 3683,6498 3683,6497 3755,6498 3756,6497 3915,6498 3916,6497 3975,6497 3976,6497 3976,6495 3977,6493 3982,6493 3984,6492 3984,6491 3985,6489 4008,6489 4009,6489 4009,6441 4010,6440 4016,6440 4017,6442 4017,6489 4017,6489 4024,6489 4025,6489 4025,6470 4026,6468 4027,6468 4028,6468 4028,6467 4029,6466 4029,6465 4030,6463 4031,6463 4033,6465 4033,6487 4033,6487 4034,6487 4035,6489 4036,6489 4037,6489 4036,6537 4037,6538 4049,6538 4050,6539 4050,6540 4052,6542 4053,6542 4053,6542 4053,6543 4056,6546 4057,6546 4058,6547 4058,6556 4065,6563 4066,6563 4066,6563 4066,6580 4064,6583 4063,6583 4062,6583 4062,6584 4060,6587 4059,6587 4058,6587 4058,6592 4056,6595 4051,6595 4050,6595 4050,6596 4047,6599 4038,6599 4037,6597 4037,6580 4037,6580 3857,6578 3856,6579 3847,6579 3846,6580 3846,6638 3843,6640 3838,6640 3837,6642 3837,6643 3835,6644 3810,6644 3809,6643 3809,6642 3807,6640 3806,6640 3805,6638 3805,6588 3805,6588 3719,6587 3718,6588 3718,6649 3717,6649 3708,6649 3708,6649 3708,6588 3708,6587 3594,6587 3593,6587 3593,6588 3591,6591 3543,6590 3542,6591 3417,6590 3416,6591 3271,6591 3270,6591 3270,6593 3268,6594 3263,6594 3262,6595 3129,6595 3128,6593 3128,6592 3128,6592 2892,6590 2891,6591 2891,6647 2889,6648 2810,6647 2810,6648 2810,6649 2807,6651 2805,6651 2804,6652"/><TextEquiv index="1"><Unicode>“malheureux, ne m'appartiennent pas,</Unicode></TextEquiv></TextLine><TextLine id="r0_l031"><Coords points="1714,6860 1712,6859 1712,6842 1712,6841 1491,6840 1490,6839 1489,6839 1488,6838 1204,6836 1191,6823 1192,6778 1191,6778 1162,6778 1162,6777 1162,6776 1159,6774 1154,6774 1153,6772 1153,6771 1151,6770 1146,6770 1144,6768 930,6766 929,6765 929,6730 929,6729 927,6729 925,6728 925,6727 925,6726 924,6726 921,6724 921,6719 920,6717 919,6717 917,6716 917,6711 919,6709 920,6709 921,6708 921,6707 923,6705 971,6705 972,6704 973,6704 974,6703 974,6702 976,6700 1150,6702 1151,6701 1156,6701 1158,6698 1158,6697 1159,6697 1164,6697 1166,6694 1166,6693 1167,6693 1499,6695 1499,6694 1500,6657 1501,6656 1502,6656 1504,6654 1504,6653 1505,6652 1506,6652 1508,6650 1508,6649 1509,6648 2183,6652 2186,6650 2186,6649 2186,6648 2193,6648 2194,6647 3517,6656 3519,6655 3519,6654 3520,6652 3698,6653 3699,6652 3705,6652 3707,6651 3707,6650 3707,6649 3718,6649 3719,6650 4007,6652 4009,6654 4009,6655 4010,6656 4011,6656 4013,6658 4013,6663 4014,6664 4015,6664 4017,6666 4017,6671 4017,6671 4063,6672 4064,6673 4065,6673 4065,6673 4065,6674 4066,6675 4066,6724 4067,6725 4072,6725 4073,6726 4074,6726 4074,6726 4074,6732 4074,6733 4073,6733 4072,6734 4071,6734 4070,6734 4070,6748 4068,6750 4067,6750 4066,6751 4066,6756 4064,6758 4063,6758 4062,6759 4062,6764 4060,6766 4059,6766 4057,6768 4057,6769 4056,6770 4055,6770 4053,6772 4053,6773 4052,6774 4051,6774 4050,6775 4050,6776 4048,6778 4026,6777 4025,6778 3865,6777 3863,6779 3862,6779 3862,6780 3862,6781 3859,6783 3858,6783 3858,6784 3858,6784 4240,6787 4241,6787 4241,6789 4242,6790 4241,6857 4241,6858 3847,6855 3846,6856 3846,6859 3845,6860 3325,6857 3324,6857 3324,6860 3323,6861 3323,6863 3323,6864 3317,6864 3315,6862 3315,6861 3315,6861 2555,6856 2552,6853 2552,6852 2552,6852 2551,6852 2548,6849 2548,6848 2548,6848 2526,6848 2525,6847 1721,6841 1720,6842 1720,6860 1720,6860"/><TextEquiv index="1"><Unicode>“que je n'en ſuis que le dépoſitaire &amp;</Unicode></TextEquiv></TextLine></TextRegion></Page></PcGts>