4266 8152
1470 582 1964 764 S
118 808 3234 1016 “le diſpenſateur, que je ne puis par
249 1006 3215 1201 “conſéquent les diſtribuer à mon gré;
253 1198 3218 1393 “mais que je dois les partager à ceux
87 1390 3246 1597 “qui y ont le plus de droit. D'après ces
111 1587 3223 1786 “principes, avouez vous-même que je
249 1774 3227 1978 “dois les premiers ſecours à ceux d'abord
249 1970 3226 2172 “qui ſont nés ſans bien, qui ont la
249 2159 3230 2368 “conduite la plus honnête, qui ſont
245 2356 3230 2561 “mariés & qui ont des enfans légi-
80 2548 3230 2754 “times, qui ſont enfin nés ou établis
64 2737 3403 2945 “depuis long - temps dans la paroiſſe;
80 2930 3234 3130 “avouez que ſi je prodiguois l'argent
241 3122 3238 3318 “des Pauvres, à un jeune libertin, par-
180 3314 3249 3509 “donnez-moi ce terme, qui a débauché
241 3503 3241 3701 “des filles & fait des enfans bâtards
53 3700 3469 3894 “ab hoc, & ab hâc, qui, né avec beau-
226 3892 3249 4096 “coup de bien, s'eſt ruiné avec des
238 4092 3249 4286 “filles & des joueurs, qui ...... je n'en
53 4286 3380 4478 “veux pas dire davantage; mais j'en
49 4481 3257 4675 “dis aſſez, ce me ſemble, pour prouver
57 4674 3249 4871 “qu'on m'accuſeroit de voler les Pauvres
61 4866 3253 5070 “pour nourrir le Vice?“ A ce diſcours,
45 5059 3253 5260 qui me paroiſſoit indigne, la fureur naiſ-
53 5255 3254 5448 ſoit dans mon ame; elle devoit étinceler
257 5452 3261 5658 dans mes yeux. „Pardon, Monſieur,
261 5643 3249 5851 “continua le Curé, j'ai voulu vous juſti-
60 5837 3241 6037 “fier l'impuiſſance où je ſuis de vous
57 6029 3245 6235 “obliger. Je vois que mes raiſonnemens
84 6226 3245 6448 “ne vous perſuadent pas. Je ne pour-
560 8018 1151 8119 -
