4266 8387
2454 452 3052 758 .
1142 749 4117 962 dans l'endroit où nous buvions, que l
1142 954 4105 1167 Archers nous obſervèrent tous fort atten
891 1154 4105 1364 tivement. „Bon, me diſois-je, me voil
1142 1350 4132 1563 “confondu dans la claſſe des voleurs
1130 1551 4136 1756 “malheur à moi, s'ils le ſont encore!“
1127 1756 4136 1956 Nos gens me parurent tous un peu trou-
1127 1953 4132 2155 blés, malgré leur morgue. Je devois le
1119 2155 4128 2356 paroître autant que les autres, ce qui
1119 2352 4121 2574 pouvoit donner d'étranges préventions
1120 2554 2020 2695 contre moi.
1307 2726 4109 2948 Cependant on me preſſoit d'accepte
1115 2941 4105 3144 de l'argent. Je prends le ciel à temoin,
1115 3142 4101 3344 que, ſi j'avois été ſeul, j'aurois aim
1107 3338 4116 3542 mieux mourir, que d'accepter des bien-
1107 3531 4117 3740 faits, de la part de gens que je ſoupçon-
766 3735 4105 3940 nois d'être des voleurs; mais l'extrem
1111 3932 4101 4137 beſoin de mon amante & de mes enfans
797 4112 4093 4376 m'entraînoit. J'avois lieu de croire c
891 4332 4121 4538 malheureux corrigés de leur indigne con-
1099 4521 4144 4737 duite précédente; il me ſembloit qu'il
1091 4724 4144 4929 me l'aſſuroient. J'oſai donc porter, che
1095 4906 4156 5142 moi, quelques louis, que je devois
1095 5118 3040 5318 ces étranges bienfaiteurs.
1196 5305 4160 5518 Ayant reçu leurs bienfaits, mon in-
1072 5515 4160 5717 térêt étoit de les trouver honnêtes; je
1079 5711 4152 5912 deſirois de pouvoir m'en aſſurer. Je fus
1087 5908 4168 6111 donc obligé de les revoir. Ils me firent
1083 6110 4199 6320 toujours mille amitiés. Ils m'obligèrent
1040 6293 4203 6525 ſouvent de boire avec eux, me promet-
