4266 8614
2287 485 3100 703 r..
1015 721 4241 962 pour ce qu'ils étoient, je ne voulus plus
799 941 4241 1172 abſolument recevoir des ſecours de leur
974 1146 4242 1371 part; &, comme j'étois ſans aucune autre
1027 1349 4241 1598 reſſource, je ne tardai pas à retomber,
1112 1553 4241 1784 avec ma famille, dans le plus affreux
762 1761 4241 1990 beſoin. Mon bon ami, je te révèle, en
1100 1965 4241 2193 ſouffrant mille coups de poignard, le
937 2169 4241 2390 comble du plus affreux beſoin. Nous paſ
1015 2381 4241 2596 sâmes, tous, un jour entier, ſans boite
1007 2577 4241 2800 ni manger. O ſupplice ineffable! con-
1084 2785 4241 3007 bien ma faim propre étoit peu de choſe
1031 2989 4241 3206 pour moi! mais combien la vue du tout
1072 3189 4241 3412 ment que ſouffroit ma douce amie étoi
1068 3397 4241 3650 déchirante! mais c'étoient ſur-tout me
1068 3601 4241 3822 enfans, dont l'aſpect me tenailloit. Da
970 3808 4241 4022 mien a, je crois, moins ſouffert. Le len
1064 4009 4241 4232 demain, le beſoin rongeur ſe faiſu
847 4213 4241 4425 ſentir avec plus d'empire. Ils me deman
692 4420 4241 4637 doient du pain; leurs accens plaintifsnl
868 4613 4241 4863 poignardoient & me déchiroient lenti
970 4834 4241 5051 ment. Laure étoit muette; mais le
1039 5036 4241 5248 ractère de la plus auguſte & de la pll
1031 5219 4241 5468 profonde douleur, ſe peignoit ſur ſo
994 5436 4241 5657 viſage, & ſe faiſoit entendre au fond
937 5637 4241 5863 mon cœur. Je n'ai pu ſupporter cet affreuiſ
4065 5798 4241 5883 L
913 5844 4241 6070 ſpectacle. Je me ſuis retiré dans la forête
1019 6054 4241 6265 voiſine, avec deux piſtolets. Je me ſuis
1019 6256 4241 6546 égaré dans ſes ſombres détours,
1092 6489 4241 6734 Entre les trones épars des ſapins & des chênes.
3507 6689 4241 6966 ee
3939 7212 4241 7363 L
