4266 8485
1565 24 2582 115 ---------..- ---
1092 954 4195 1156 vis les reſſources auxquelles ils avoient
1008 1159 4178 1376 recours pour vivre, & je ſentis naître,
1079 1362 4178 1565 en moi, l'infernale tentation, de recourir
1083 1564 4170 1765 à un auſſi indigne parti. L'excès du be-
1076 1763 4159 1965 ſoin le juſtifioit preſqu'à mes yeux. Je
1075 1961 4151 2171 frémis d'abord d'horreur à cette affreuſe
1075 2164 4143 2368 idée. Je fus frappé de l'indignité du
1024 2367 4139 2570 crime, & du ſupplice effroyable qui
1068 2565 4158 2771 devoit le ſuivre, avec un opprobre ineffa-
785 2768 4119 2972 çable. J'étois entraîné, d'un côté, par la
1048 2967 4111 3179 violence du beſoin; de l'autre, je ſentois
1064 3173 4107 3377 comme une main divine qui me rete-
1052 3368 4154 3575 noit. Les vents plaintifs, qui gémiſſoient
1048 3570 4099 3777 dans le feuillage, & dont le ſouffle
1052 3773 4139 3976 violent ſembloit me repouſſer; la terre
1052 3975 4087 4181 que je croyois ſentir s'écrouler ſous mes
1045 4182 4155 4386 pas; la foudre qui me paroiſſoit étin-
1053 4386 4068 4581 celer dans la nue; tout ſembloit me
1044 4583 4075 4786 crier: „Arrête, malheureux!“Tout
1044 4782 4071 4990 m'offroit les fers, les cachots, les écha-
980 4973 4063 5187 fauds, les bourreaux, les gibets, la
1048 5179 4063 5390 mort affreuſe à laquelle je m'expoſois.
1028 5370 4063 5596 Dans mon anxiété déchirante, je laiſſai
1040 5590 4067 5797 paſſer la voiture. Le gros homme me
1012 5781 4127 6002 regarda avec inquiétude, put appercevoit
825 5997 4055 6201 mes piſtolets, & fit aller ventre à terre,
656 6195 2803 6405 comme pour me fuir.
937 6403 4047 6606 Bientôt je vis venir, de loin, une
1004 6578 4043 6761 ſeconde voiture. Nouvelle tentation de
1565 24 2582 115 ---------..- ---
1092 954 4195 1156 vis les reſſources auxquelles ils avoient
1008 1159 4178 1376 recours pour vivre, & je ſentis naître,
1079 1362 4178 1565 en moi, l'infernale tentation, de recourir
1083 1564 4170 1765 à un auſſi indigne parti. L'excès du be-
1076 1763 4159 1965 ſoin le juſtifioit preſqu'à mes yeux. Je
1075 1961 4151 2171 frémis d'abord d'horreur à cette affreuſe
1075 2164 4143 2368 idée. Je fus frappé de l'indignité du
1024 2367 4139 2570 crime, & du ſupplice effroyable qui
1068 2565 4158 2771 devoit le ſuivre, avec un opprobre ineffa-
785 2768 4119 2972 çable. J'étois entraîné, d'un côté, par la
1048 2967 4111 3179 violence du beſoin; de l'autre, je ſentois
1064 3173 4107 3377 comme une main divine qui me rete-
1052 3368 4154 3575 noit. Les vents plaintifs, qui gémiſſoient
1048 3570 4099 3777 dans le feuillage, & dont le ſouffle
1052 3773 4139 3976 violent ſembloit me repouſſer; la terre
1052 3975 4087 4181 que je croyois ſentir s'écrouler ſous mes
1045 4182 4155 4386 pas; la foudre qui me paroiſſoit étin-
1053 4386 4068 4581 celer dans la nue; tout ſembloit me
1044 4583 4075 4786 crier: „Arrête, malheureux!“Tout
1044 4782 4071 4990 m'offroit les fers, les cachots, les écha-
980 4973 4063 5187 fauds, les bourreaux, les gibets, la
1048 5179 4063 5390 mort affreuſe à laquelle je m'expoſois.
1028 5370 4063 5596 Dans mon anxiété déchirante, je laiſſai
1040 5590 4067 5797 paſſer la voiture. Le gros homme me
1012 5781 4127 6002 regarda avec inquiétude, put appercevoit
825 5997 4055 6201 mes piſtolets, & fit aller ventre à terre,
656 6195 2803 6405 comme pour me fuir.
937 6403 4047 6606 Bientôt je vis venir, de loin, une
1004 6578 4043 6761 ſeconde voiture. Nouvelle tentation de
