4266 8020
441 917 3341 1129 ma part, plus cruelle que la première.
445 1123 3349 1310 Nouveaux obſtacles, que mes remords
433 1306 3352 1501 & mon imagination troublée, & la na-
441 1497 3419 1689 ture en déſordre, apportent à ce miſé-
437 1685 3355 1880 rable projet. „Non, me diſois-je, il vaut
437 1876 3528 2070 “mieux me préſenter comme ſuppliant
437 2063 3666 2258 “au paſſant que j'attends, & lui de-
225 2253 3364 2434 “mander amicalement des ſecours vo-
153 2445 3363 2637 “lontaires.“ Il approche, j'avance de
388 2629 3651 2820 ſon côté, ſans faire attention que je
111 2823 3367 3015 devois l'effrayer par la vue de mes piſto-
272 3007 3355 3203 lets. C'étoit un Abbé; nouvelle raiſon
430 3194 3367 3385 pour qu'il eût peur. Il paroiſſoit friſſon-
362 3389 3363 3577 ner. Il preſſoit le Poſtillon d'aller ventre
433 3575 3423 3760 à terre. „Arrête, m'écriai je.“ Auſſi-tôt
107 3760 3367 3960 l'Abbé, tout tremblant, me jette ſa
134 3951 3355 4147 bourſe, & brûle le pavé. „Mon Dieu!
151 4145 3378 4340 “me diſois-je, n'a-t-il point cru que
392 4333 3359 4505 “je voulois lui demander la bourſe ou
220 4520 3423 4708 “la vie? Ne m'a-t-il point jeté cette
381 4708 3543 4903 “fatale bourſe par excès de frayeur,
445 4902 3666 5099 “comme à un voleur? Dois-je ramaſſer
445 5086 3367 5286 “cet or funeſte? mais, ſi je le laiſſe-
374 5277 3363 5470 “là, un autre le ramaſſera; &, s'il va
449 5464 3629 5667 “me dénoncer, je paſſerai toujours pour
220 5652 3363 5858 “avoir fait le vol? Ne vaudroit-il pas
160 5846 3359 6039 “mieux aller porter cette bourſe au
389 6030 3370 6238 “Juge du lieu, lui expliquer le fait,
212 6217 3374 6422 “lui jurer que je n'avois d'autre in-
2703 6423 2952 6604 Ii.
