4266 8545
2086 699 2846 944 o
1018 955 4162 1167 “tention que de demander l'aumône
1030 1163 4149 1380 “au paſſant, & le prier de lui faire
1030 1368 4153 1573 “remettre l'argent?“ C'étoit - là, je
994 1568 4153 1793 penſe, le meilleur parti que j'avois à
1015 1773 4153 2187 aatoie p pa le e naſiat l oulſe i
1022 2178 4210 2384 ne m'étoit pas ſi aiſé de la porter au
1030 2379 4145 2596 Juge ou à la Maréchauſſée. „Ceux à
1022 2584 4141 2793 “qui je la remettrai, me diſois - je,
1011 2788 4145 2997 “pourroient bien l'appliquer à leur pro-
1023 2989 4137 3199 “fit; & moi, qui en ai un ſi horrible
1026 3194 4137 3400 “beſoin..... O ciel!“ J'entendois les
814 3390 4217 3602 ſoupirs de Laure, & les cris de mes
1035 3599 4161 3805 enfans, qui me demandoient du pain.
1034 3800 4173 4016 Je me jetai à genoux. J'implorai les lu-
1035 3982 4161 4213 mières & les ſecours de l'Eternel. „O!
1038 4213 4198 4418 “mon Dieu, m'écriai - je, toi qui as
1034 4416 4113 4626 “permis, pour mon châtiment, que je
1038 4615 4117 4824 “tombaſſe au fond de l'abîme, ô! daigne
982 4823 4109 5021 “me protéger & me ſoutenir dans ce
1051 5024 4113 5230 “moment terrible; inſpire-moi ce que
1054 5225 4114 5418 “je dois faire, & donne-moi la forte
1055 5421 2716 5579 “de l'exécuter.“
1247 5622 4110 5835 Je marchois, ou plutôt je me traînois
990 5831 4121 6037 lentement, dans la plus cruelle indéci-
1051 6028 4177 6250 ſion, & il me ſemble que le parti le
974 6240 4113 6450 plus honorablealloit prévaloir dans mon
970 6449 4113 6660 cœur. Cependant, je voyois venir une
962 6646 4113 6863 troiſième voiture. Je diſtinguois déjà,
