4266 8150
1667 715 2153 898 io
398 944 3380 1121 dedans, un homme avec une Dame. Ils
397 1138 3379 1335 approchent toujours; enfin je reconnois,
393 1333 3693 1526 ô ciel! le Chevalier Marqué, avec l'in-
389 1513 3371 1716 digne Frédégonde. O vue affreuſe! l'aſ-
374 1715 3375 1907 pect de l'enfer ouvert ne m'auroit pas
390 1908 3380 2103 cauſé une plus horrible impreſſion. Tout
153 2103 3368 2294 mon ſang ſe ſouleva, & ſe retira vers
390 2298 3368 2489 mon cœur. „O monſtres! m'écriai - je,
92 2489 3640 2686 “en volant à eux, en arrachant l'indigne
382 2686 3376 2873 “Marqué de ſa voiture. C'eſt vous qui
98 2872 3371 3069 “m'avez plongé dans l'horrible état où
101 3061 3360 3258 “je ſuis. Vous ne jouirez pas de mon
366 3253 3704 3447 “malheur. Allons, toi, le plus vil des
102 3447 3551 3645 “ſcélérats, il faut que tu aies ma vie,
381 3642 3364 3826 “ou que j'aie la tienne. Choiſis de l'arme
217 3830 3371 4032 “blanche ou du piſtolet.“ Alors, je lui
106 4025 3696 4216 préſente un de mes piſtolets; l'infâme,
370 4216 3360 4412 en le recevant, me le tira au viſage.
366 4407 3367 4609 Heureuſement qu'il trembloit, ce qui
324 4602 3516 4790 m'épargna le coup. Je lui lâche auſſi-tôt
370 4786 3360 4995 le mien; mais, égaré par la fureur, je
370 4982 3669 5192 n'ai pas le bonheur de lui brûler la
370 5179 3356 5383 cervelle. Cependant, je l'attrape à la
362 5370 3356 5768 li s oi aa il leſis peus lae pou-
186 5749 3501 5967 voir me répondre. Le lâche refuſe de
362 5940 3348 6160 tirer la ſienne du fourreau; je lui caſſai
129 6127 3341 6352 la mienne ſur le viſage, en lui criant:
2564 6351 2863 6537 Iiij
