4266 8438
1052 964 4190 1179 „O! le plus lâche des ſcélérats, défends
1024 1175 3074 1326 “donc ta déteſtable vie.“
1230 1373 4123 1584 Cependant Frédégonde pouſſoit des
1028 1580 4162 1784 hurlemens affreux. „Au meurtre! à
1024 1783 4142 1978 “l'aſſaſſin, s'écrioit - elle!“ La Maré-
746 1981 4202 2186 chauſſée accourt, & s'empare de moi.
1040 2182 4202 2392 „Voilà, dit la ſcélérate, un voleur,
1020 2383 4234 2589 “un aſſaſſin qui vient de nous demander
1020 2585 4234 2790 “la bourſe ou la vie, & qui aſſaſſine
881 2790 4234 2995 “mon mari.“ -- „C'eſt juſtement celui
1016 2990 4234 3201 “que nous cherchions, diſent les Ar-
714 3189 4234 3399 “chers.“ -- „Qu'entends-je, m'écriai-
988 3379 4234 3606 je? quelles horreurs! moi, voleur &
1004 3586 4234 3800 “aſſaſſin!“ Je n'en pouvois plus;
1020 3785 4103 4001 affoibli par un long jeûne, & par l'effort
1012 3999 4123 4191 que je venois de faire, je tombe en
1012 4186 4143 4369 défaillance & me laiſſe enlever. Les Ar-
770 4393 4111 4604 chers me garottent à leur gré, & je ne
1000 4595 4111 4818 rouvre les yeux que dans un cachot, où
1004 4794 2919 5003 je ſuis chargé de fers.
862 4988 4167 5207 „O mon Dieu! m'écriai-je, la face
1000 5199 4206 5394 “proſternée ſur la terre, ô mon Dieu!
774 5398 4091 5599 “tu m'abandonnes. Ce tourment eſt au-
774 5596 4107 5801 “deſſus de mes forces & de celles de
1004 5801 4123 6015 “la nature humaine. Ah! reprends moi
667 6002 4170 6208 “la miſérable exiſtence que tu m'as
1004 6204 4206 6415 “donnée, & ſoutiens la déplorable vie
992 6407 4214 6640 “de mon amante & de mes enfans.“
