4266 8329
1657 683 2134 921 io.
108 914 3437 1125 Je me repréſentois alors tous les tour-
363 1110 3405 1326 mens qu'ils ſouffroient. Je les voyois
367 1309 3402 1520 agoniſans & mourans, l'un après l'autre,
167 1508 3409 1713 de faim & de rage, en appelant en vain
214 1696 3405 1908 le miſérable qui avoit fait leurs mal-
104 1903 3405 2110 heurs, & leur avoit donné la vie. Je
363 2095 3401 2299 me roulois ſur la terre, en pouſſant des
226 2298 3429 2498 hurlemens plaintifs; & des défaillances
355 2494 3409 2694 m'enchaînoient, & des tranſports effré-
343 2693 3402 2903 nés me ranimoient tour-à-tour. O! com-
89 2891 3405 3096 ment ai-je pu ſupporter, ſans mourir
81 3092 3382 3300 mille fois, une ſi horrible exiſtence?
434 3280 3429 3489 Le Geolier m'apporta la déplorable
80 3469 3683 3685 pitance des Priſonniers. J'étois alors
351 3679 3659 3879 immobile. Il mit, auprès de moi, le
178 3847 3402 4082 pain de douleurs; je reſtai long - temps
257 4078 3546 4280 ſans daigner y toucher. Enfin l'aiguillon
335 4273 3409 4457 du beſoin ſe faiſant, de nouveau, ſentir,
128 4469 3402 4667 je dévorai cette miſérable nourriture,
140 4664 3402 4821 en diſant continuellement: „O mon
335 4858 3398 5065 “Dieu! que ne puis - je la diſtribuer à
89 5063 2956 5259 “mon amante & à mes enfans?“
523 5255 3705 5464 Je paſſai la plus affreuſe nuit dans
343 5454 3718 5662 des tourmens, dont je n'avois pas encore
331 5650 3523 5848 eu d'idée. Le lendemain, on me fit ſubir
335 5847 3566 6067 un interrogatoire. Le Juge m'ayant queſ-
339 6037 3394 6264 tionné, je racontai ma déplorable hiſ-
77 6237 3488 6440 toire, telle que je viens de la détailler.
69 6432 3390 6660 Je fus d'abord confronté avec les Ar-
2592 6659 2897 6804 Iiv
