4266 8457
2117 664 2822 884 n
934 917 4111 1149 “pour Dieu! faite porter des ſecours
986 1141 4099 1325 “à ma femme & à mes enfans, &
978 1344 4103 1556 “condamnez-moi, ſi vous voulez, au
966 1543 4099 1754 “ſupplice le plus affreux. Je vous bénirai
967 1803 2894 1957 encore en mourant.“
1185 1949 4250 2156 Dans un autre interrogatoire, je fus
966 2152 4098 2360 confronté avec l'indigne Frédégonde.
946 2359 4091 2558 Elle ſoutint que je les avois attaqués tous
986 2554 4083 2764 deux le piſtolet à la main; que je leur
942 2761 4091 2966 avois demandé la bourſe ou la vie; que
902 2960 4083 3167 j'avois arraché ſon mari de la voiture;
990 3159 4087 3366 que je lui avois tiré deux coups de piſ-
982 3358 4083 3561 tolet, & que, l'ayant bleſſé avec le ſe-
986 3565 4079 3773 cond, j'avois voulu l'achever avec mon
982 3766 4123 3974 épée; mais qu'heureuſement elle s'étoit
628 3967 4075 4175 caſſée; que je continuois d'aſſouvir du
930 4170 4075 4385 moins ma rage, en le frappant de toutes
982 4377 4067 4580 mes forces avec le tronçon & le pommeau;
982 4572 4071 4788 que là-deſſus, la Maréchauſſée étoit ac-
982 4779 4067 4983 courue à ſes cris. Je racontai, de mon
982 4966 4067 5184 côté, l'hiſtoire telle qu'elle étoit arrivée.
759 5181 4143 5388 Je peignis l'homme & la femme, comme
982 5380 4102 5589 ils méritoient de l'être. On lut la dé-
982 5579 4098 5792 poſition du Chevalier Marqué, qui ne
974 5781 4067 5993 pouvoit paroître en perſonne, parce que
612 5973 4178 6186 ſans doute il étoit dans ſon lit. Elle
978 6186 4067 6408 s'accordoit avec celle de ſon infâme com-
676 6391 3677 6606 pagne; j'y fis les mêmes réponſes.
1149 6590 4039 6769 Je fus reconduit dans mon cachot.
