4266 7903
454 851 3518 1062 courage. Il faut que je me montre homme
477 1051 3488 1245 à mon dernier inſtant. O mon Dieu!
614 1236 3492 1618 lu oune d'e apartrer le peinet artenſei
618 1610 3695 1795 que les hommes entaſſent ſur ma tête. O!
481 1803 3503 1988 ma mère, reçois cette expiation. Je ne
358 1984 3569 2179 ſuis point coupable de ta mort. Mais,
351 2177 3507 2362 quoique ma volonté n'y ait aucune part,
621 2362 3762 2557 le ciel m'a condamné, pour me punir
621 2547 3510 2744 de mes crimes, à être l'inſtrument du
462 2736 3510 2925 châtiment qu'il t'a infligé. O! mères,
458 2921 3514 3110 apprenez à ne pas ſacrifier vos enfans
510 3106 3514 3292 l'un à l'autre; apprenez à ne pas vous
625 3288 2951 3429 faire des idoles & des victimes.
810 3474 3519 3670 Mon ami, j'ai obtenu un quart-d'heure
621 3666 3521 3864 pour t'écrire. Après cela les Bourreaux
621 3858 3717 4048 vont s'emparer de moi, pour exécuter
569 4036 3555 4235 l'horrible Sentence qui me condamne.
443 4225 3525 4414 Je ſuis déjà entre leurs mains. On m'a
503 4410 3521 4603 lu cette Sentence injuſte, que ſans doute
569 4599 3525 4788 les Juges caſſeront eux-mêmes, quand
366 4784 3555 4982 ils ſeront plus éclairés; mais alors il ne
624 4973 3521 5169 ſera plus temps; en voici à-peu-près la
466 5180 1351 5294 teneur.
736 5343 3818 5540 „Condamnons le nommé Céſar de
640 5529 3521 5729 “Perlencour, atteint & convaincu
640 5710 3803 5921 “d'avoir, d'abord, voulu attaquer un
373 5902 3510 6118 “particulier dans la forêt de**; d'a-
577 6090 3507 6299 “voir enſuite arrêté un ſecond particu-
