4266 8020
1559 628 2231 814 o
549 832 3851 1051 terme de mes projets glorieux, de mes
542 1047 3470 1243 brillantes eſpérances, de tous les ſonges
542 1235 3474 1431 d'or que j'avois faits. Voilà la fin des
293 1424 3840 1627 promeſſes que me faiſoit la fortune, en
534 1616 3602 1817 me comblant de tous ſes dons, joints à
534 1808 3474 2006 une partie de ceux de la nature. Ah!
474 2004 3489 2181 mon ami, ſi tu exiſtes toi - même; car
530 2193 3489 2389 comment peux-tu m'abandonner comme
538 2373 3493 2583 tu fais, ſi tu exiſtes encore? Ah! ſi tu
534 2573 3489 2770 m'avois envoyé quelques ſecours, je ne
538 2768 3527 2960 ſerois pas tombé dans l'abîme, où je me
538 2959 3489 3147 vois précipité. Tu me pleureras un jour,
542 3139 3497 3332 tu diras: „J'ai été trop ſourd à la voix
538 3326 3489 3524 “de ſon déſeſpoir; mais, non, il faut
545 3519 3489 3718 qu'il te ſoit arrivé quelque malheur,
545 3715 3497 3906 qu'une maladie cruelle t'enchaîne, ou
542 3903 3489 4092 peut-être la mort. Ah! mon ami, s'il étoit
542 4096 3482 4293 vrai, dans mon cruel état, je trouverois
542 4288 3489 4483 encore des pleurs à donner à ta perte.
542 4480 3497 4671 Envoie, au moins, des ſecours à ma chère
202 4669 3501 4858 Laure, & à mes enfans infortunés, s'ils
549 4854 3825 5046 reſpirent encore, ſi la faim cruelle ne les
545 5042 3493 5242 a pas moiſſonnés tous, l'un après l'autre,
542 5230 3501 5434 ſous les yeux de l'intéreſſante perſonne
267 5419 3486 5809 ſeriére, ſu
738 5796 3700 6001 Mais quoi! qu'eſt-ce qu'on me veut?
553 5984 3700 6192 Quoi! mon ami, je reçois des nouvelles
545 6173 3493 6395 & des ſecours de ta part! Ah! cher
