4266 8039
1789 654 2318 851 .
504 877 3474 1087 j'ai eu le malheur de manquer à mon
263 1081 3693 1282 ami, dans la circonſtance où il avoit
564 1273 3470 1471 le plus beſoin de moi. Je tremble des
334 1461 3470 1658 ſuites affreuſes qui ont pu réſulter de
549 1646 3474 1797 mon ſilence involontaire. Je ſuis dans
233 1839 3474 2036 la plus affreuſe inquiétude. Ecris - moi
221 2029 3475 2227 ſur - le - champ, pour m'en tirer. Je ne
493 2226 3478 2411 puis partir dans le moment, pour te re-
534 2407 3474 2604 joindre; je ſuis trop foible; mais, dans
538 2603 3470 2799 trois ou quatre jours, ſi je puis ſupporter
530 2792 3459 2973 le mouvement de la voiture, je me mets
527 2977 3592 3163 en route. O! mon ami, mon bon ami!
527 3169 3598 3362 Pardonne-moi, de ne t'avoir pas répon-
523 3354 3459 3550 du, de n'avoir pas volé à ton ſecours
519 3546 3807 3743 ſur-le-champ. Tu le vois, ce n'eſt pas
519 3742 3459 3931 ma faute; mais je m'en voudrai toute
515 3929 3459 4121 ma vie. Nos deux amis n'étoient point
523 4119 3463 4307 à Lyon. Ils ſeront inconſolables, quand
512 4303 3493 4504 ils apprendront tes malheurs, de ne s'être
511 4499 3463 4692 point trouvés là pour me ſuppléer. Adieu,
519 4688 3455 4881 mon ami. Je t'embraſſe un million de
511 4865 2841 5065 fois; écris moi, pardonne-moi.
