4266 8307
2188 646 2733 825 .
907 1076 3994 1320 e
1110 1514 3753 1713 Céſar de Perlencour, à Dumoulin.
894 1918 3935 2246 Ah! mon ami, que j'ai eu de peine
902 2237 3958 2437 à lire ta lettre! comme un torrent de
898 2432 3966 2631 larmes éteignoit, ou voiloit mes yeux! Ah!
890 2627 3935 2831 que tu ſeras bien plus affligé, quand tu ap-
886 2821 3958 3026 prendras le reſte! Quelle ſuite affreuſe de
762 3020 4023 3228 ton ſilence! mais tu n'es point coupable,
871 3215 4024 3418 ni moi non plus. Le ciel a voulu me
867 3413 4141 3608 punir; j'ai commis bien des excès; mais
871 3608 3966 3813 avoue que le châtiment eſt horriblement
863 3806 4180 4210 uie a edle dei aanmeoa enne à
855 4199 3935 4398 celle des talens; moi qui ai fait, à l'hon-
855 4402 4052 4605 neur, les plus grands ſacrifices, je me
856 4596 3923 4795 vois confondu avec les plus vils ſcélérats.
851 4787 3896 4987 Je vais recevoir la mort la plus affreuſe
851 4986 4192 5173 & la plus infâme. Mon nom va être en
849 5185 3885 5376 opprobre, & couvrir ma famille d'un
848 5379 4149 5585 déshonneur éternel. O Juges trompés &
507 5574 3876 5782 négligens! quels ſeront vos remords,
781 5776 3888 5967 quand vous découvritez mon innocence!
1038 5975 4168 6182 Mon cher ami, la nature ſe révolte,
505 6169 3935 6364 s'indigue de l'injuſtice, & frémit de ſa
849 6365 3878 6587 deſtruction prochaine. Je quitte de temps
