4266 7917
273 904 3361 1108 “retiré dans cette retraite; mais il y
429 1092 3402 1295 “ſera peut - être dans le beſoin.“ En
477 1278 3358 1474 conſéquence, je raſſemble tout mon
258 1471 3384 1667 petit pécule, pour le mettre aux pieds
474 1651 3380 1839 de mon cher maître, s'il veut en faire
481 1839 3384 2034 uſage. Je cours à toutes jambes, & j'arrive
425 2023 3376 2216 à*** Je demande la demeure de M.
488 2212 3380 2394 de Perlencour: on me dit que ſa de-
492 2401 3727 2596 meure eſt en priſon, qu'il eſt entre les
496 2586 3717 2775 mains de la Juſtice. Frappé de cette
492 2775 3391 2965 nouvelle affreuſe, je demande de quoi
488 2957 3395 3154 on l'accuſe. „D'avoir volé & aſſaſſiné
477 3142 3424 3339 “ſur le grand chemin, me dit-on; rien
503 3328 3521 3523 “que de cela.“ -- „Ah! cela ne ſe
507 3512 3398 3714 “peut pas, m'écriai-je; & une Dame
510 3706 3402 3865 “qui étoit avec lui, avec des enfans?...“
358 3891 3406 4077 -- „Tout cela a diſparu, me répondit-
422 4080 3409 4266 “on. Si vous voulez voir M. de Per-
525 4262 3554 4458 “lencour, il faut vous rendre à M**,
524 4455 3414 4655 “où on l'a transféré, & où il doit être
322 4640 1159 4826 “jugé.“
718 4812 3691 5017 Je cours dans cette ville voiſine; j'y
488 5011 3424 5185 arrive. O ciel! je vois toute la ville en
551 5192 3424 5400 tumulte. Une foule prodigieuſe vaguoit
559 5381 3443 5574 dans les rues; mais une nombreuſe Garde
503 5567 3498 5770 ſe promenoit pour la contenir. Je de-
573 5752 3435 5953 mande ce qu'il y a. „Ah! me dit une
574 5941 3447 6141 “pauvre femme, Monſieur, un inno-
332 6126 3539 6339 “cent, le plus beau jeune-homme qu'il
