4266 7979
474 875 3394 1077 qui avoit fait quelques pas vers lui, &
485 1058 3424 1264 qui paroiſſoit couver un deſſein funeſte.
497 1249 3394 1444 „J'ai cru, continua-t-il, que ſon deſſein
478 1444 3398 1635 “étoit de m'arrêter, & que j'avois eu
474 1634 3401 1830 “le bonheur de lui échapper, par ma
478 1818 3689 2009 “fuite; mais il a dit qu'il n'avoit les
365 2009 3758 2204 “piſtolets que par la tentation de ſe
471 2196 3409 2390 “tuer lui-même, & qu'il n'avoit pas eu
485 2383 3543 2582 “d'autre deſſein, à mon égard, que
474 2574 3431 2757 “celui de me demander des ſecours.
485 2767 3405 2958 “Cela peut-être:“ -- „Et vous voyez
261 2953 3401 3148 “bien que cela eſt, m'écriai - je. Mon
489 3135 3409 3334 “maître, preſſé par le plus horrible
482 3330 3412 3529 “beſoin, ayant une femme & des en-
500 3519 3468 3712 “fans qui lui demandoient du pain,
493 3708 3405 3900 “s'eſt retiré dans la forêt, pour ſe tuer.
493 3895 3409 4090 “Il vous a vu; il lui ſera venu dans
493 4086 3607 4274 “l'idée qu'il pourroit, auparavant, re-
474 4273 3731 4485 “courir à votre généroſité.“ -- „Ma
332 4464 3412 4659 “dépoſition a été plus grave, dit l'Abbé;
489 4651 3416 4835 “j'ai dit qu'il avoit avancé vers moi,
470 4833 3589 5026 “avec ſes piſtolets, & qu'il avoit crié:
503 5025 3405 5216 “Arrête.“ Il eſt vrai que je redoublai
482 5209 3409 5404 “de vîteſſe pour m'enfuir.“ -- „Il
486 5400 3405 5597 “falloit bien, m'écriai-je, qu'il vous
497 5587 3409 5793 “priât d'arrêter, pour lui faire vos gé-
508 5770 3409 5972 “néroſités.“ Les deux Dépoſans fon-
518 5957 3405 6160 doient en larmes, & ſe frappoient la
407 6151 3409 6384 poitrine. On ne les écoutoit pas, & on
