4266 8780
2108 592 2893 780 .
1060 828 4281 1055 pas de moi; c'eſt ce que j'entendois dir
1051 1039 4280 1267 par des gens comme il faut qui ſe trou
1051 1253 4280 1497 voient là, & moi je ſentois tout cela
1043 1464 3779 1675 ſans pouvoir le dire comme cela.
977 1657 4279 1887 Je n'entendois pas ce que diſoit mor
746 1885 4278 2097 cher maître; mais il me ſembloit qu'il
1043 2090 4278 2307 faiſoit la plus grande impreſſion. „C'eſt
1035 2286 4278 2516 “un Dieu, diſoit-on, & on oſe.... Ah!
1035 2512 4277 2726 “c'eſt un ſacrilége. Le bon Dieu nous
1035 2718 4277 2936 “punira.“ Il a levé les yeux au ciel
1030 2925 4276 3145 Il m'a ſemblé qu'il le prenoit à témoin
1010 3135 4276 3356 de ſon innocence, en s'appuyant la mai
1026 3341 4275 3563 ſur le cœur. „Quel caractère de gran-
833 3552 4275 3767 “deur, diſoit-on autour de moi! quelle
1022 3747 4274 3981 “beauté noble & majeſtueuſe! C'eſt
1018 3973 4274 4189 “l'Apollon du Belvédère.“ (Il me ſemble
1018 4183 4273 4400 qu'ils diſoient comme cela:) „Et ce
894 4393 4273 4612 “ſuperbe ouvrage, chef-d'œuvre de la
1002 4604 4273 4820 “création, va être briſé de gaîté de
1006 4814 4272 5031 “cœur. Ah!....“ Le peuple gémiſſoit,
1006 5021 4272 5262 ſanglottoit. Je voyois qu'on s'indignoit,
1002 5229 3701 5442 qu'on ſe contenoit avec peine.
1031 5421 4271 5652 Ila embraſſé ſes bourreaux, & leur a par
994 5647 4270 5869 donné ſa mort. Ils ont commencé à le lier,
981 5858 4270 6084 pour l'exécution terrible. L'indignation
795 6061 4269 6284 publique s'eſt accrue ſenſiblement. Il
828 6278 4269 6495 n'étoit pas encore tout-à-fait lié; ce-
952 6480 4268 6700 pendant l'exécuteur prenoit déjà la barre
936 6691 4268 6920 fatale pour frapper. L'aſſemblée paroiſ-
2108 592 2893 780 .
1060 828 4281 1055 pas de moi; c'eſt ce que j'entendois dir
1051 1039 4280 1267 par des gens comme il faut qui ſe trou
1051 1253 4280 1497 voient là, & moi je ſentois tout cela
1043 1464 3779 1675 ſans pouvoir le dire comme cela.
977 1657 4279 1887 Je n'entendois pas ce que diſoit mor
746 1885 4278 2097 cher maître; mais il me ſembloit qu'il
1043 2090 4278 2307 faiſoit la plus grande impreſſion. „C'eſt
1035 2286 4278 2516 “un Dieu, diſoit-on, & on oſe.... Ah!
1035 2512 4277 2726 “c'eſt un ſacrilége. Le bon Dieu nous
1035 2718 4277 2936 “punira.“ Il a levé les yeux au ciel
1030 2925 4276 3145 Il m'a ſemblé qu'il le prenoit à témoin
1010 3135 4276 3356 de ſon innocence, en s'appuyant la mai
1026 3341 4275 3563 ſur le cœur. „Quel caractère de gran-
833 3552 4275 3767 “deur, diſoit-on autour de moi! quelle
1022 3747 4274 3981 “beauté noble & majeſtueuſe! C'eſt
1018 3973 4274 4189 “l'Apollon du Belvédère.“ (Il me ſemble
1018 4183 4273 4400 qu'ils diſoient comme cela:) „Et ce
894 4393 4273 4612 “ſuperbe ouvrage, chef-d'œuvre de la
1002 4604 4273 4820 “création, va être briſé de gaîté de
1006 4814 4272 5031 “cœur. Ah!....“ Le peuple gémiſſoit,
1006 5021 4272 5262 ſanglottoit. Je voyois qu'on s'indignoit,
1002 5229 3701 5442 qu'on ſe contenoit avec peine.
1031 5421 4271 5652 Ila embraſſé ſes bourreaux, & leur a par
994 5647 4270 5869 donné ſa mort. Ils ont commencé à le lier,
981 5858 4270 6084 pour l'exécution terrible. L'indignation
795 6061 4269 6284 publique s'eſt accrue ſenſiblement. Il
828 6278 4269 6495 n'étoit pas encore tout-à-fait lié; ce-
952 6480 4268 6700 pendant l'exécuteur prenoit déjà la barre
936 6691 4268 6920 fatale pour frapper. L'aſſemblée paroiſ-
