4266 8094
1618 607 2174 802 .
140 845 3340 1027 ſoit enchaînée dans un morne ſilence.
370 1047 3328 1240 Alors, j'ai cru entendre un cri; j'ai vu
377 1236 3332 1434 une femme accourir avec quatre enfans;
226 1421 3347 1626 c'étoit Mademoiſelle Laure de Lyſangel
131 1618 3335 1811 L'infortunée a vu ſon amant dans cet
226 1803 3600 2003 affreux état; elle a pouſſé des cris plain-
116 2000 3335 2178 tifs, en courant vers lui, en lui mon-
112 2189 3339 2390 trant un de ſes enfans. Il a, de ſon
124 2382 3335 2580 côté, apperçu ſon amante. Il a paru
105 2571 3339 2745 vouloir s'élancer vers elle. Les bourreaux
112 2768 3332 2960 & ſes liens l'ont retenu, & la chère
108 2957 3331 3151 Demoiſelle eſt tombée dans un profond
112 3145 3332 3338 évanouiſſement. On l'a enlevée. J'aurois
97 3335 3331 3532 voulu pouvoir voler à ſon ſecours; j'é-
105 3528 3483 3729 tois retenu. Je ne ſais plus ce qu'elle eſt
113 3720 1020 3864 devenue.
559 3910 3373 4107 Le Confeſſeur a entonné une prière
105 4103 3332 4296 que tout le peuple a chantée à genoux.
97 4292 3335 4485 Le bon Prêtre lui-même, à genoux, ten-
93 4485 3335 4680 doit les bras au ciel. Tous les Militaires
241 4670 3339 4875 frémiſſoient, & agitoient leurs épées
400 4867 3570 5068 avec indignation. Tout étoit prêt. J'ai
93 5056 3657 5242 vu lever la barre fatale; je ſuis tombé
97 5245 3347 5476 moi-même dans le plus profond évanouiſ-
352 5433 1195 5621 ſement.
351 5622 3350 5844 En rouvrant les yeux, j'ai vu l'écha-
101 5790 3396 6007 faud renverſé. Tout le monde étoit in-
361 6002 3354 6195 digné contre la Juſtice, contre les bour-
423 6206 3350 6418 reaux, contre les Militaires, contre le
2276 6393 2760 6597 Ri
1618 607 2174 802 .
140 845 3340 1027 ſoit enchaînée dans un morne ſilence.
370 1047 3328 1240 Alors, j'ai cru entendre un cri; j'ai vu
377 1236 3332 1434 une femme accourir avec quatre enfans;
226 1421 3347 1626 c'étoit Mademoiſelle Laure de Lyſangel
131 1618 3335 1811 L'infortunée a vu ſon amant dans cet
226 1803 3600 2003 affreux état; elle a pouſſé des cris plain-
116 2000 3335 2178 tifs, en courant vers lui, en lui mon-
112 2189 3339 2390 trant un de ſes enfans. Il a, de ſon
124 2382 3335 2580 côté, apperçu ſon amante. Il a paru
105 2571 3339 2745 vouloir s'élancer vers elle. Les bourreaux
112 2768 3332 2960 & ſes liens l'ont retenu, & la chère
108 2957 3331 3151 Demoiſelle eſt tombée dans un profond
112 3145 3332 3338 évanouiſſement. On l'a enlevée. J'aurois
97 3335 3331 3532 voulu pouvoir voler à ſon ſecours; j'é-
105 3528 3483 3729 tois retenu. Je ne ſais plus ce qu'elle eſt
113 3720 1020 3864 devenue.
559 3910 3373 4107 Le Confeſſeur a entonné une prière
105 4103 3332 4296 que tout le peuple a chantée à genoux.
97 4292 3335 4485 Le bon Prêtre lui-même, à genoux, ten-
93 4485 3335 4680 doit les bras au ciel. Tous les Militaires
241 4670 3339 4875 frémiſſoient, & agitoient leurs épées
400 4867 3570 5068 avec indignation. Tout étoit prêt. J'ai
93 5056 3657 5242 vu lever la barre fatale; je ſuis tombé
97 5245 3347 5476 moi-même dans le plus profond évanouiſ-
352 5433 1195 5621 ſement.
351 5622 3350 5844 En rouvrant les yeux, j'ai vu l'écha-
101 5790 3396 6007 faud renverſé. Tout le monde étoit in-
361 6002 3354 6195 digné contre la Juſtice, contre les bour-
423 6206 3350 6418 reaux, contre les Militaires, contre le
2276 6393 2760 6597 iR.
