4266 8322
2059 682 2884 883 (i.
1085 917 4121 1132 dégonde & du Chevalier Marqué.. Les
1081 1132 4117 1337 deux miſérables ont été forcés de le
1093 1331 4121 1535 faire eux - mêmes à leurs dépens. Les
1073 1531 4117 1726 voleurs de grand chemin, qui ont été
1066 1730 4117 1930 condamnés, les ont chargés. Ils ont ré-
1058 1929 4113 2130 vélé que c'étoit ce couple indigne, ce
1093 2124 4160 2316 couple accuſateur de notre ami, qui étoit
1077 2320 4098 2519 de leur Société, & de la Société ſou-
1066 2519 4098 2719 terreine de Londres. On a ſoudain ar-
1089 2714 4090 2913 rêté les deux malheureux. Une nuée de
847 2913 4090 3109 témoins s'élève contr'eux. On prétend
1085 3106 4188 3311 qu'ils ont commis des horreurs. On parle
1085 3304 4082 3509 d'aſſaſſinat, de poiſon. On découvre qu'ils
1081 3500 4211 3699 ont empoiſonné, entr'autres, un certain
1027 3703 4184 3902 Chevalier de Loutrailles, pour s'emparer
1030 3894 4090 4102 de tous ſes effets; enfin, on ſoutient que
749 4093 3574 4298 leur vie eſt un tiſſu de crimes.
1058 4298 4180 4505 Pour moi, j'ai montré aux Juges toutes
1054 4496 4055 4696 les lettres de mon ami, qui rendent
1046 4691 4164 4891 compte des abominables procédés du
1073 4887 4153 5086 couple odieux, à ſon égard. J'y ai joint
1062 5086 4055 5285 pluſieurs lettres des deux ſcélérats, que
1042 5285 4059 5485 Céſar avoit déterrées, & qu'il me fai-
1034 5481 4059 5688 ſoit paſſer dans ſa correſpondance. Ces
1058 5684 4109 5864 lettres juſtifient ſa colère contr'eux, &
1054 5883 4055 6087 prouvent qu'il ne les avoit point atta-
987 6077 4164 6282 qués pour les voler; mais pour les châ-
1054 6265 4164 6477 tier, comme ils le méritoient. On dit
1050 6466 4078 6669 que ces deux malheureux ſont condamnés
2059 682 2884 883 (i.
1085 917 4121 1132 dégonde & du Chevalier Marqué.. Les
1081 1132 4117 1337 deux miſérables ont été forcés de le
1093 1331 4121 1535 faire eux - mêmes à leurs dépens. Les
1073 1531 4117 1726 voleurs de grand chemin, qui ont été
1066 1730 4117 1930 condamnés, les ont chargés. Ils ont ré-
1058 1929 4113 2130 vélé que c'étoit ce couple indigne, ce
1093 2124 4160 2316 couple accuſateur de notre ami, qui étoit
1077 2320 4098 2519 de leur Société, & de la Société ſou-
1066 2519 4098 2719 terreine de Londres. On a ſoudain ar-
1089 2714 4090 2913 rêté les deux malheureux. Une nuée de
847 2913 4090 3109 témoins s'élève contr'eux. On prétend
1085 3106 4188 3311 qu'ils ont commis des horreurs. On parle
1085 3304 4082 3509 d'aſſaſſinat, de poiſon. On découvre qu'ils
1081 3500 4211 3699 ont empoiſonné, entr'autres, un certain
1027 3703 4184 3902 Chevalier de Loutrailles, pour s'emparer
1030 3894 4090 4102 de tous ſes effets; enfin, on ſoutient que
749 4093 3574 4298 leur vie eſt un tiſſu de crimes.
1058 4298 4180 4505 Pour moi, j'ai montré aux Juges toutes
1054 4496 4055 4696 les lettres de mon ami, qui rendent
1046 4691 4164 4891 compte des abominables procédés du
1073 4887 4153 5086 couple odieux, à ſon égard. J'y ai joint
1062 5086 4055 5285 pluſieurs lettres des deux ſcélérats, que
1042 5285 4059 5485 Céſar avoit déterrées, & qu'il me fai-
1034 5481 4059 5688 ſoit paſſer dans ſa correſpondance. Ces
1058 5684 4109 5864 lettres juſtifient ſa colère contr'eux, &
1054 5883 4055 6087 prouvent qu'il ne les avoit point atta-
987 6077 4164 6282 qués pour les voler; mais pour les châ-
1054 6265 4164 6477 tier, comme ils le méritoient. On dit
1050 6466 4078 6669 que ces deux malheureux ſont condamnés
