4266 7977
603 897 3821 1110 ſatue de ſon incomparable ami. Elle
325 1106 3495 1295 troubloit la cérémonie. Heureuſement,
588 1288 3488 1484 pour elle, elle s'eſt évanouie. Je l'ai fait
584 1478 3488 1673 porter dans mon Auberge, où on lui
440 1666 3506 2044 ta e'ene periaune eſ eenſinneteſe j'ai
503 2040 3610 2229 découvert, dans ſes pleurs, une partie
569 2225 3577 2414 de ſes graces. C'eſt comme un ciel voilé
247 2410 3469 2614 de nuages; qu'il doit être charmant, quand
251 2584 3469 2788 il eſt ſerein! Elle eſt inconſolable; je le
566 2784 3466 2992 ſuis moi - même, & il faut cependant
225 2966 2814 3159 que je travaille à ſa conſolation.
747 3158 3462 3350 O! malheureuſe mère, qui as gâté
208 3347 3466 3533 cet excellent naturel, qui es la première
388 3532 3451 3726 cauſe de ſes malheurs, qui, la première,
510 3717 3447 3911 as creuſé l'abîme où il s'eſt vu enſuite
329 3899 3451 4097 entraîné par les circonſtances! Ah! ſi tu
540 4090 3458 4282 exiſtes, ſi tu apprends les ſuites affreuſes
543 4273 3462 4470 de ton idolâtrie, quels remords pour
532 4462 3440 4655 toi, quels poignards déchirans! Ah! il
540 4651 3444 4840 vaut mieux, pour ton bonheur, que tu
536 4833 2277 5024 n'exiſtes plus ſur la terre.
617 5014 3443 5212 Que vous dirai - je, mes chers amis?
525 5210 3433 5400 Je ſuis écraſé, comme par un tonnerre.
536 5398 3558 5588 On ne peut concevoir un malheur plus
536 5580 3433 5777 affreux; &, pour ſurcroît de douleur,
281 5766 3429 5962 il eſt irréparable. O ſainte vertu! quel
281 5949 3421 6155 redoublement d'amour je ſens pour toi!
529 6143 3418 6340 O Crime! ô vice! quelles affreuſes con-
603 897 3821 1110 ſatue de ſon incomparable ami. Elle
325 1106 3495 1295 troubloit la cérémonie. Heureuſement,
588 1288 3488 1484 pour elle, elle s'eſt évanouie. Je l'ai fait
584 1478 3488 1673 porter dans mon Auberge, où on lui
440 1666 3506 2044 ta e'ene periaune eſ eenſinneteſe j'ai
503 2040 3610 2229 découvert, dans ſes pleurs, une partie
569 2225 3577 2414 de ſes graces. C'eſt comme un ciel voilé
247 2410 3469 2614 de nuages; qu'il doit être charmant, quand
251 2584 3469 2788 il eſt ſerein! Elle eſt inconſolable; je le
566 2784 3466 2992 ſuis moi - même, & il faut cependant
225 2966 2814 3159 que je travaille à ſa conſolation.
747 3158 3462 3350 O! malheureuſe mère, qui as gâté
208 3347 3466 3533 cet excellent naturel, qui es la première
388 3532 3451 3726 cauſe de ſes malheurs, qui, la première,
510 3717 3447 3911 as creuſé l'abîme où il s'eſt vu enſuite
329 3899 3451 4097 entraîné par les circonſtances! Ah! ſi tu
540 4090 3458 4282 exiſtes, ſi tu apprends les ſuites affreuſes
543 4273 3462 4470 de ton idolâtrie, quels remords pour
532 4462 3440 4655 toi, quels poignards déchirans! Ah! il
540 4651 3444 4840 vaut mieux, pour ton bonheur, que tu
536 4833 2277 5024 n'exiſtes plus ſur la terre.
617 5014 3443 5212 Que vous dirai - je, mes chers amis?
525 5210 3433 5400 Je ſuis écraſé, comme par un tonnerre.
536 5398 3558 5588 On ne peut concevoir un malheur plus
536 5580 3433 5777 affreux; &, pour ſurcroît de douleur,
281 5766 3429 5962 il eſt irréparable. O ſainte vertu! quel
281 5949 3421 6155 redoublement d'amour je ſens pour toi!
529 6143 3418 6340 O Crime! ô vice! quelles affreuſes con-
