4266 8091
-16 95 384 256 -
1586 642 2056 858 n
230 902 3321 1106 “peut -être, de nouvelles Lettres du
139 1099 3555 1299 “cher Céſar.“ -- „Eh! répondis - je,
143 1287 3332 1484 “commént peut-il écrire dans le tom-
139 1476 3669 1658 “beau? Il eſt donc reſſuſcité?“ -- „Il
241 1669 3336 1866 “n'eſt point reſſuſcité, reprit l'ami; mais
381 1860 3344 2051 “on peut avoir de ſes Lettres. N'apper-
294 2055 3347 2247 “cevez - vous pas, comme des pierres
131 2240 3351 2437 “d'attente, dans la fin de tous les récits
127 2433 3363 2624 “que vous avez vus juſqu'à préſent? L'é-
400 2603 3525 2812 “nigme s'expliquera, ſans doute.“ Tout-
139 2810 3370 3000 à-coup je vis paroître la plus belle figure
139 2999 3650 3193 d'homme, peut-être, qu'il ſoit poſſible de
131 3188 3382 3383 concevoir; ce beau jeune-homme m'ap-
430 3377 3385 3575 perçut & diſparut. Je reſtai tout émer-
433 3570 3419 3765 veillé. Je me rappelai le portrait que
313 3763 3393 3948 j'avois vu de mon Héros. Il me ſembla que
419 3950 3450 4149 ce beau garçon ſi-tôt diſparu reſſembloit
422 4144 3397 4334 à ce portrait. „N'eſt - ce point là Céſar
150 4334 3559 4530 “de Perlencour, m'écriai - je?“ L'ami
143 4522 3746 4723 ſourit. „Soyez tranquille, dit - il, vous
165 4711 3412 4907 “ſaurez tout. Voyons paiſiblement com-
150 4900 3408 5093 “ment le Public recevra nos premières
196 5089 3585 5313 “Lettres; s'il eſt content du Crime,
154 5278 3665 5495 “nous pourrons lui donner le Repentir.“
1322 5650 2463 5879 FI
1080 5919 2819 6169 Faute à corriger.
177 6246 3476 6458 Pages i & 17, dont ils ſe repentirent par la ſuite; liſ
645 6405 1949 6548 dont ils ſe repentent déjà.
