4266 7955
960 744 3349 953 & quatrieme de l'Ouvrage, pour
968 942 3319 1136 les Amateurs des Variantes, qui
971 1136 3324 1329 voudront ſe procurer auſſi l'an-
975 1325 3323 1521 cienne Edition. La nouvelle nous
975 1516 1955 1709 paroît deſirée.
157 1783 3331 1976 Hiſtoire de la République des Lettres &
603 1970 3335 2150 Arts en France, années 1779, 17 80,
622 2178 2016 2345 1781, 178, 1783.
114 2372 3345 2629 L'Aventurier Francois, ou Mémoires de
629 2619 3353 2838 Grégoire Merveil. Deux volumes, troi-
533 2809 1628 3022 ſieme Edition.
171 3009 3357 3269 Premiere Suite de l'Aventurier Francois,
401 3266 3360 3446 ou Mémoires de Grégoire Merveil,
442 3449 3364 3650 Marquis d'Erbeuil, nouvelle Edition,
327 3640 3368 3807 2volumes, formant les tomes III &
502 3819 1874 4027 IV de l'Ouvrage.
148 4102 3442 4314 Seconde Suite de l'Aventurier Francois,
655 4292 3732 4478 contenant les Mémoires de Cataudin,
513 4482 3390 4665 Chevalierde Roſamene, fils de Grégoire
461 4663 3699 4832 Merveil, 4 vol. formant les tomes V,
666 4851 3405 5045 VI, VII, & VIII de l'Ouvrage. Nou-
468 5033 3398 5238 velle Edition, quant aux deux premiers
673 5219 1293 5366 volumes.
458 5448 3412 5689 Derniere Suite de l'Aventurier Francois,
483 5689 3779 5879 contenant les Mémoires de Ninette
487 5852 3424 6090 Merviglia, fille de Grégoire Merveil,
394 6065 3562 6267 Traduits de l'Italien, par ſon frere
1609 533 2093 708 z.
960 744 3349 953 & quatrieme de l'Ouvrage, pour
968 942 3319 1136 les Amateurs des Variantes, qui
971 1136 3324 1329 voudront ſe procurer auſſi l'an-
975 1325 3323 1521 cienne Edition. La nouvelle nous
975 1516 1955 1709 paroît deſirée.
157 1783 3331 1976 Hiſtoire de la République des Lettres &
603 1970 3335 2150 Arts en France, années 1779, 17 80,
622 2178 2016 2345 1781, 1782, 173.
114 2372 3345 2629 L'Aventurier Francois, ou Mémoires de
629 2619 3353 2838 Grégoire Merveil. Deux volumes, troi-
533 2809 1628 3022 ſieme Edition.
171 3009 3357 3269 Premiere Suite de l'Aventurier Francois,
401 3266 3360 3446 ou Mémoires de Grégoire Merveil,
442 3449 3364 3650 Marquis d'Erbeuil, nouvelle Edition,
327 3640 3368 3807 2volumes, formant les tomes III &
502 3819 1874 4027 IV de l'Ouvrage.
148 4102 3442 4314 Seconde Suite de l'Aventurier Francois,
655 4292 3732 4478 contenant les Mémoires de Cataudin,
513 4482 3390 4665 Chevalierde Roſamene, fils de Grégoire
461 4663 3699 4832 Merveil, 4 vol. formant les tomes V,
666 4851 3405 5045 VI, VII, & VIII de l'Ouvrage. Nou-
468 5033 3398 5238 velle Edition, quant aux deux premiers
673 5219 1293 5366 volumes.
458 5448 3412 5689 Derniere Suite de l'Aventurier Francois,
483 5689 3779 5879 contenant les Mémoires de Ninette
487 5852 3424 6090 Merviglia, fille de Grégoire Merveil,
394 6065 3562 6267 Traduits de l'Italien, par ſon frere
