4266 8078
985 746 4265 983 Cutaudin, 2 vol. formant les tomes
1016 959 3138 1169 IX& X de l'Ouvrage.
1019 1221 4266 1438 En tout 1o volumes: ſavoir, pour
1272 1421 4267 1647 l'Hiſtoire du Pere, pour celle du
1249 1616 3952 1839 Fils, & 2 pour celle de la Fille.
1020 1856 4268 2107 Le Philoſophe Parvenu, ou Lettres &
1073 2105 3971 2298 Pieces Originales, contenant les Aven-
1207 2296 4269 2480 tures d'Eugene Sans-Pair; par l'Au-
928 2442 4268 2696 teur de l'Aventurier François. 6 vol.
1008 2744 3964 2955 Le Crime, ou Lettres Originales, con-
1199 2954 4270 3159 tenant les Aventures de Céſar de Per-
967 3146 2389 3361 lencour, 4 vol.
993 3390 3956 3632 Le Repentir, ou Suite des Lettres Ori
993 3615 4271 3819 ginales, contenant les Aventures de
1199 3809 4270 4013 Céſar de Perlencour, intitulées le Crime,
1066 4006 2455 4259 vol. ſous preſſe.
978 4277 4264 4495 Les Inviſibles, ou Paſſe - temps Littérai-
1108 4483 2470 4681 res, ſous preſſe.
997 4748 3929 4969 On donnera ſucceſſivement pluſieurs vo-
932 4954 3161 5145 lumes de cet Ouvrage.
981 5229 3929 5451 Le Secret d'être heureux, nouvelle décou-
1001 5432 3061 5635 verte, 1 vol. ſous preſſe.
2434 5572 2958 5681 A.
939 5711 4264 5931 Les perſonnes qui voudrons écrire à l'Auteur
3658 5905 4264 6028 ller
756 5920 3952 6257 leuns leteii, alaneies de poe, eela
794 6220 3528 6388 os Maisonruve, Libraire.
3146 6620 3696 6852 -
985 746 4265 983 Cutaudin, 2 vol. formant les tomes
1016 959 3138 1169 IX& X de l'Ouvrage.
1019 1221 4266 1438 En tout 1o volumes: ſavoir, pour
1272 1421 4267 1647 l'Hiſtoire du Pere, pour celle du
1249 1616 3952 1839 Fils, & 2 pour celle de la Fille.
1020 1856 4268 2107 Le Philoſophe Parvenu, ou Lettres &
1073 2105 3971 2298 Pieces Originales, contenant les Aven-
1207 2296 4269 2480 tures d'Eugene Sans-Pair; par l'Au-
928 2442 4268 2696 teur de l'Aventurier François. 6 vol.
1008 2744 3964 2955 Le Crime, ou Lettres Originales, con-
1199 2954 4270 3159 tenant les Aventures de Céſar de Per-
967 3146 2389 3361 lencour, 4 vol.
993 3390 3956 3632 Le Repentir, ou Suite des Lettres Ori
993 3615 4271 3819 ginales, contenant les Aventures de
1199 3809 4270 4013 Céſar de Perlencour, intitulées le Crime,
1066 4006 2455 4259 vol. ſous preſſe.
978 4277 4264 4495 Les Inviſibles, ou Paſſe - temps Littérai-
1108 4483 2470 4681 res, ſous preſſe.
997 4748 3929 4969 On donnera ſucceſſivement pluſieurs vo-
932 4954 3161 5145 lumes de cet Ouvrage.
981 5229 3929 5451 Le Secret d'être heureux, nouvelle décou-
1001 5432 3061 5635 verte, 1 vol. ſous preſſe.
2434 5572 2958 5681 A.
939 5711 4264 5931 Les perſonnes qui voudrons écrire à l'Auteur
3658 5905 4264 6028 ller
756 5920 3952 6257 leuns leteii, alaneies de poe, eela
794 6220 3528 6388 os Maisonruve, Libraire.
3146 6620 3696 6852 -
