4266 8469
658 968 4109 1206 je n'avois été retenu par le milieu du
839 1183 4117 1397 corps. Je fis de vains efforts pour me dé-
835 1389 4109 1597 barraſſer de ma ceinture de fer, atta-
827 1590 4056 1804 chée au mur. Je criois de toutes mes
698 1791 4221 1996 forces. Je me flattois qu'il viendroit
818 1992 4097 2197 quelqu'un me délivrer; perſonne ne
823 2195 4057 2410 vint; je ne vis entrer que mon gros
686 2401 4222 2611 matou, qui me regarda long-temps, de
815 2604 4189 2806 ſes deux yeux étincelans, & un vieux
814 2804 4229 3014 chien qui m'avoit vu élever & qui me
490 3007 3952 3213 reconnut. Ce pauvre animal, qui ne pou-
491 3209 4242 3422 voit que ſe traîner, me fit mille careſſes.
814 3410 3948 3613 J'entrevis, dans ſes yeux, les rayons de
818 3603 3956 3814 la joie; ſa vie défaillanteſembloit re-
814 3807 4222 4009 naître & ſe ranimer; je m'applaudiſſois
638 4007 3948 4211 de ſa touchante fidélité. Je le careſſois
815 4209 4057 4414 réciproquement. „Hélas! me diſois - je,
814 4406 4238 4611 “dans la maiſon paternelle, mon père
766 4600 4225 4812 “me donne la mort, & un chien me
802 4799 4065 5011 “fait amitié.“ Je fondois un eſpoir de
806 5009 4242 5257 ſalut ſur cet être propice & ſecourable;
814 5213 4161 5419 mais hélas! ſa joie avoit fait, dans lui,
806 5415 4205 5624 un effort deſtructeur de ſa frêle machine.
798 5616 4065 5829 C'étoit le dernier éclair d'une lampe
738 5820 4081 6017 mourante. Je vis ſes yeux s'éteindre; il
802 6017 4209 6234 tomba à mes pieds, m'adreſſa encore un
782 6222 4201 6447 regard touchant, & bientôt exhala ſon
778 6426 4013 6648 ame, ſupérieure, peut-être, à celle de bien
771 6652 1736 6808 des hommes.
