4266 8165
1018 796 4235 992 Les oiſeaux ne venoient que ſur le
1094 987 4097 1183 bord de mon ſoupirail; j'avois un autre
1071 1179 4090 1379 petit animal près de moi. Une ſouris,
1060 1374 4090 1570 tout-à fait gentille, me tenoit compa-
1071 1565 4205 1762 gnie. J'avois toujours eu de la répugnance
1048 1761 4078 1957 pour cette ſorte de vermine; je trouvai
1071 1952 4082 2144 cette petite beſtiole jolie, quand je n'eus
1060 2136 4070 2335 plus qu'elle devant les yeux; en effet,
1056 2332 4078 2537 elle a un petit air fin, qui a ſes agré-
1060 2530 4197 2735 mens. De mon côté, je ne lui plus pas
1041 2722 4074 2922 beaucoup, non plus d'abord. Elle dût
1056 2916 4078 3109 voir, dans moi, un monſtre qui l'effrayoit
1049 3110 4075 3302 autant & plus qu'un chat. Elle ſe cachoit
1057 3305 4071 3498 dans un petit trou, quand elle apper-
816 3498 4072 3691 cevoit mon œil fixé ſur elle. Peu-à-peu
1052 3690 4074 3888 elle s'enhardit, quand elle vit que je
1041 3883 4147 4077 ne lui faiſois aucun mal. Elle ſoutint
1045 4074 4051 4266 mes regards, elle mangea devant moi;
1045 4269 4059 4463 enfin, quand elle s'apperçut que j'avois
941 4453 4112 4645 l'attention de mettre du pain à ſa por-
1052 4645 4143 4844 tée, pour ſa nourriture, elle fut tou-
1052 4841 4086 5040 chée de reconnoiſſance. Elle s'apprivoiſa,
1018 5038 4128 5233 vint manger dans ma main, & me té-
842 5231 4048 5430 moigna ſon attachement, à ſa manière.
1044 5426 4116 5628 Cet animalcule a beaucoup d'inſtinct; &
991 5614 4044 5817 je le mettrois auſſi au - deſſus de beau-
1044 5813 4044 6009 coup d'hommes; car je crois tous les
1037 6007 4048 6208 méchans au - deſſous des animaux, qui
788 6200 3565 6407 ne ſont que peu ou point nuiſibles.
