4266 7943
1686 597 2043 760 (.
407 807 3339 1019 J'apprivoiſai encore un autre animal-
459 1003 3332 1204 cule plus petit & plus dégoûtant; c'eſt,
455 1193 3328 1386 comme Argus, un petit être tout cou-
455 1374 3328 1578 vert d'yeux. Je ne ſuis pas le premier
451 1567 3335 1760 qui ait ſu ſe faire un petit ami de cette
410 1754 3539 1950 eſpèce. Ce fut mon chant qui m'attira
407 1941 3339 2139 celui ci. Je m'exerçois à imiter, avec
399 2123 3332 2324 ma voix, tous les inſtrumens, auſſi bien
407 2319 3339 2501 que les cris des différens animaux. On
407 2497 3343 2704 ne croiroit pas qu'une araignée ſeroit
410 2694 3346 2891 ſenſible à la muſique; cependant, la
114 2883 3339 3075 mienne venoit à moi toutes les fois que
403 3072 3343 3260 j'imitois la flute. Elle deſcendoit de la
403 3254 3335 3444 voûte, & venoit ſe placer ſur mon
118 3443 3343 3625 épaule. Je l'attirois juſques dans ma main,
429 3628 3339 3814 en lui préſentant de pauvres mouches;
399 3813 3647 4006 hélas! dans ce monde-ci, on ne peut
403 3999 3506 4211 faire du bien à l'un, qu'on ne faſſe du
403 4184 1586 4318 mal à l'autre.
318 4373 3346 4567 Une ſouris & une araignée faiſoient
133 4558 3354 4754 donc ma compagnie, & m'adouciſſoient
403 4747 3506 4940 les ennuis della captivité, & l'unifor-
403 4933 3354 5133 mité d travail, dont je m'occupois pour
140 5125 3346 5320 arracherma chaîne. Je voulus avoir une
351 5312 3346 5494 communication à l'extérieur, & voir ce
155 5494 3387 5701 qui ſe paſſoit en dehbrs. Je fis un petit
151 5681 3350 5885 creux-par terre, dans l'endroit où don-
407 5867 3610 6082 noit le rayon de lumière qui paſſoit par
414 6056 3328 6264 mon ſoupirail. Je preſſai, le mieux que
2591 6272 2936 6406 A iv
463 7818 1131 7892 -- --
