4266 7841
1062 786 4211 971 je pus, la terre en cet endroit; je la
1066 970 4214 1158 rendis le plus compacte qu'il me fut poſ-
1062 1150 3924 1342 ſible, afin qu'elle bût moins prompte-
1054 1338 4174 1526 ment l'eau que je verſois dans mon creux.
1055 1522 3916 1709 Cette eſpèce de petit baſſin me ſervit de
1014 1706 3913 1900 miroir, &, en regardant bien dans ſon
1010 1897 4108 2084 eau, j'entrevis les fenêtres grillées, qui
1051 2073 3920 2269 décoroient la cour extérieure. Je fus long-
1014 2265 3913 2452 temps ſans y voir perſonne; enfin j'y
1007 2449 3916 2646 apperçus une figure de femme. Dans
1036 2636 3909 2828 l'état où j'étois, cette figure me parut
1011 2820 4084 3015 céleſte; je ne pouvois me laſſer de la
867 3004 4085 3198 contempler. Ce plaiſir ne me ſuffit pas
1036 3195 4111 3382 enfin; je voulus qu'elle le partageât. Je
1022 3375 3905 3567 l'appelai de toutes mes forces. „O! vous,
1025 3563 3909 3751 “Belle perſonne, m'écriai - je, que je
1022 3747 4108 3937 “vois à votre fenêtre, ayez pitié d'un
885 3931 3909 4120 “malheureux qu'on tient enchaîné dans
974 4115 4115 4306 “une cave, & ſoyez ma Divinité tu-
1000 4303 2178 4473 “télaire.“
1095 4483 3905 4677 Ma voix parvint enfin à l'oreille de
996 4674 4060 4867 la jeune perſonne; je la vis chercher
999 4861 4060 5052 long-temps de tous ſes yeux. Elle fixa
1003 5045 3938 5240 enfin ſes regards ſur le ſoupirail, &
1007 5233 3986 5413 reconnut que ma voix ſortoit de-là; mais
944 5417 4093 5612 elle me fit entendre, par ſes geſtes,
1021 5608 3949 5796 qu'elle ne me comprenoit pas. C'étoit
1021 5796 4071 5991 apparemment une étrangère. Je peſtai
1018 5981 4078 6194 beaucoup de ce malheur, & je me mis
3046 7735 3829 7809 - ..
