<PcGts xmlns="http://schema.primaresearch.org/PAGE/gts/pagecontent/2017-07-15" xmlns:xsi="http://www.w3.org/2001/XMLSchema-instance" xsi:schemaLocation="http://schema.primaresearch.org/PAGE/gts/pagecontent/2017-07-15 http://schema.primaresearch.org/PAGE/gts/pagecontent/2017-07-15/pagecontent.xsd"><Metadata><Creator>User123</Creator><Created>2020-10-15T18:11:56</Created><LastChange>2020-10-15T18:11:56</LastChange></Metadata><Page imageFilename="0018.png" imageHeight="7940" imageWidth="4266"><TextRegion id="r0" type="paragraph" orientation="0.125"><Coords points="1,1 4264,1 4264,7938 1,7938"/><TextLine id="r0_l001"><Coords points="1582,567 2363,565 2364,806 1583,808"/><TextEquiv index="1"><Unicode>.</Unicode></TextEquiv></TextLine><TextLine id="r0_l002"><Coords points="1089,1054 1089,1054 1089,995 1088,994 1061,994 1061,995 1061,996 1059,997 1058,997 1058,998 1058,999 1055,1001 984,1001 983,1000 533,1001 532,1003 532,1004 530,1005 525,1005 524,1005 477,1005 475,1002 475,1001 474,1001 473,1001 472,999 472,998 471,997 470,997 469,997 468,995 467,991 468,990 468,942 470,941 471,941 472,939 472,938 474,937 479,937 479,936 479,927 481,926 482,926 483,924 483,923 485,922 487,922 487,921 487,874 489,873 490,873 491,871 491,870 492,870 493,870 494,869 496,869 497,870 498,870 498,870 498,871 500,873 504,873 506,875 506,876 507,877 520,877 520,877 520,878 521,879 521,913 523,915 524,915 524,915 524,917 525,918 525,922 526,922 701,922 701,922 701,882 702,881 703,881 704,880 704,876 707,873 711,873 714,870 723,870 723,871 723,872 726,874 727,874 727,875 727,876 729,877 734,877 734,878 734,907 735,907 737,907 738,909 738,918 739,918 925,918 926,916 926,915 927,915 969,915 970,914 971,914 971,913 971,912 973,911 978,911 979,912 1293,911 1293,910 1293,869 1294,868 1294,866 1295,866 1296,866 1298,863 1298,862 1299,862 1432,862 1432,861 1432,860 1435,858 1441,858 1442,858 1450,858 1451,860 1451,861 1452,862 1453,862 1454,862 1455,864 1455,896 1456,896 1515,896 1515,897 1515,911 1516,911 1628,911 1628,911 1628,909 1630,907 1634,907 1635,906 1635,905 1637,903 1815,903 1815,902 1815,860 1821,855 1822,855 1823,854 1824,855 1830,855 1830,855 1830,860 1832,862 1833,862 1834,863 1834,864 1836,866 1837,866 1838,867 1838,906 1839,907 1874,907 1875,908 2182,907 2183,905 2183,904 2185,903 2329,903 2329,902 2329,901 2331,900 2446,899 2446,899 2446,860 2448,858 2449,858 2449,858 2449,857 2451,855 2455,855 2456,854 2457,854 2457,854 2457,853 2459,851 2603,851 2603,851 2603,852 2604,853 2606,855 2607,855 2607,855 2607,858 2608,859 2781,859 2782,858 2783,858 2783,857 2783,856 2785,855 2789,855 2790,854 2791,854 2791,853 2791,852 2793,851 2805,851 2806,852 2929,851 2930,853 2930,858 2931,858 2932,858 2933,860 2933,903 2934,903 3034,903 3035,902 3035,901 3036,900 3069,900 3069,899 3069,889 3071,888 3196,888 3196,887 3196,856 3198,855 3202,855 3204,852 3204,851 3205,851 3252,851 3252,851 3252,852 3255,855 3260,855 3260,855 3260,896 3261,897 3372,896 3373,898 3373,922 3374,922 3375,922 3377,925 3377,926 3378,926 3379,926 3380,928 3380,966 3375,971 3374,971 3373,972 3373,973 3371,975 3370,975 3369,976 3369,977 3367,979 3366,979 3365,980 3365,981 3364,982 3360,982 3358,984 3357,984 3356,985 3356,986 3356,986 3349,986 3348,987 3349,1043 3348,1043 3333,1043 3333,1043 3332,987 3332,986 3275,986 3274,986 2948,986 2947,987 2948,1001 2947,1001 2942,1001 2941,1000 2940,987 2940,986 2886,986 2882,990 2735,991 2735,991 2735,1033 2733,1035 2728,1035 2727,1036 2727,1037 2726,1038 2725,1038 2724,1039 2707,1039 2706,1038 2705,1038 2705,1037 2705,1036 2703,1035 2695,1035 2693,1032 2693,990 2692,990 2518,990 2517,989 2286,990 2283,987 2283,986 2283,986 2156,986 2155,986 2156,1042 2155,1043 2147,1043 2147,1042 2146,986 2146,986 2044,986 2043,987 2044,1034 2042,1035 2041,1035 2041,1036 2040,1037 2040,1038 2039,1038 2038,1038 2037,1039 2022,1039 2022,1040 2022,1041 2020,1042 2018,1042 2018,1042 2018,1041 2016,1039 2005,1039 2004,1038 2003,1038 2003,1038 2003,1037 2002,1036 2001,1035 2000,1035 1999,1034 1998,987 1998,986 1900,986 1899,986 1681,986 1680,986 1680,987 1678,990 1376,991 1376,991 1376,992 1375,993 1303,993 1302,994 1100,994 1100,995 1100,1054 1099,1054"/><TextEquiv index="1"><Unicode>à chanter. Ma voix parut lui plaire. Le</Unicode></TextEquiv></TextLine><TextLine id="r0_l003"><Coords points="1851,1230 1849,1228 1849,1227 1848,1226 1825,1226 1819,1220 1819,1184 1818,1184 832,1186 832,1186 832,1187 831,1188 830,1188 829,1189 574,1189 573,1191 573,1192 572,1192 570,1192 569,1193 568,1192 566,1192 566,1192 566,1191 564,1189 549,1189 548,1188 477,1189 476,1187 476,1186 475,1185 475,1180 476,1179 476,1178 477,1177 482,1177 483,1176 483,1073 484,1072 485,1072 487,1070 487,1065 487,1065 488,1065 491,1062 491,1061 491,1061 1083,1059 1085,1057 1086,1057 1087,1057 1087,1056 1088,1054 1373,1054 1374,1053 1375,1053 1376,1052 1376,1051 1377,1050 1378,1050 1379,1049 1380,1048 1380,1047 1381,1046 1634,1045 1635,1045 1635,1044 1636,1042 1652,1042 1654,1044 2155,1043 2158,1046 2159,1046 2160,1047 3330,1044 3331,1043 3349,1043 3350,1044 3350,1049 3351,1050 3352,1050 3354,1052 3354,1060 3355,1061 3356,1061 3357,1062 3357,1063 3359,1065 3360,1065 3361,1066 3361,1067 3363,1069 3364,1069 3365,1070 3365,1101 3367,1103 3368,1103 3369,1104 3369,1128 3369,1128 3373,1128 3374,1129 3375,1129 3376,1130 3376,1147 3376,1147 3382,1147 3384,1149 3384,1165 3382,1166 3377,1166 3376,1168 3376,1169 3374,1170 3362,1170 3362,1171 3362,1172 3359,1174 3200,1175 3198,1177 2979,1177 2978,1176 1864,1179 1864,1179 1864,1220 1860,1224 1860,1225 1860,1226 1855,1226 1853,1227 1853,1228 1852,1230"/><TextEquiv index="1"><Unicode>lendemain elle fit paroître un homme à</Unicode></TextEquiv></TextLine><TextLine id="r0_l004"><Coords points="300,1432 299,1431 299,1430 301,1429 302,1429 303,1428 308,1428 309,1429 309,1428 309,1241 310,1241 327,1241 328,1240 344,1240 345,1239 361,1239 362,1238 378,1238 379,1237 395,1237 396,1236 412,1236 413,1235 429,1235 430,1234 446,1234 447,1233 463,1233 464,1232 2989,1226 2990,1228 2990,1229 2991,1230 2992,1230 2993,1230 2993,1231 2993,1232 2994,1233 2994,1246 2995,1246 3365,1245 3365,1246 3365,1263 3366,1263 3373,1263 3374,1264 3380,1264 3380,1265 3380,1311 3384,1315 3384,1323 3384,1323 3383,1323 3380,1326 3380,1327 3380,1327 3379,1327 3376,1330 3376,1331 3376,1331 3306,1331 3305,1332 3305,1345 3300,1350 3299,1350 3298,1351 3298,1352 3296,1354 3295,1354 3294,1355 3294,1356 3293,1357 3289,1357 3286,1360 3286,1361 3286,1361 2795,1363 2794,1363 2794,1364 2794,1365 2515,1365 2514,1366 2514,1367 2512,1369 1353,1372 1352,1373 1351,1373 1350,1373 1350,1374 1349,1376 497,1378 496,1377 495,1377 494,1376 477,1376 476,1375 476,1374 475,1373 474,1372 473,1372 472,1371 472,1360 471,1359 470,1359 467,1356 466,1356 464,1354 463,1354 460,1351 459,1351 457,1349 456,1349 453,1346 452,1346 450,1344 449,1344 446,1341 445,1341 443,1339 442,1339 439,1336 438,1336 435,1333 434,1333 432,1331 431,1331 428,1328 427,1328 425,1326 424,1326 421,1323 420,1323 418,1321 417,1321 414,1318 413,1318 411,1316 410,1316 407,1313 406,1313 404,1311 403,1311 400,1308 399,1308 396,1305 395,1305 393,1303 392,1303 389,1300 388,1300 386,1298 385,1298 382,1295 381,1295 379,1293 378,1293 375,1290 374,1290 372,1288 371,1288 368,1285 367,1285 365,1283 364,1283 361,1280 360,1280 357,1277 356,1277 354,1275 353,1275 350,1272 349,1272 347,1270 346,1270 343,1267 342,1267 340,1265 339,1265 336,1262 335,1262 333,1260 332,1260 329,1257 328,1257 326,1255 325,1255 322,1252 321,1252 318,1249 317,1249 315,1247 314,1247 311,1244 310,1244 310,1430 310,1431 308,1431 307,1432"/><TextEquiv index="1"><Unicode>ſa fenêtre. Je demandai encore du ſe-</Unicode></TextEquiv></TextLine><TextLine id="r0_l005"><Coords points="2559,1601 2558,1600 2558,1598 2557,1597 275,1602 274,1601 273,1601 273,1601 273,1599 273,1598 274,1598 275,1597 2557,1592 2558,1592 2558,1590 2557,1589 488,1594 483,1588 483,1546 481,1545 480,1545 479,1543 478,1433 478,1433 302,1433 301,1432 302,1432 307,1432 308,1431 1766,1428 1767,1426 1767,1425 1768,1425 1769,1425 1774,1419 1774,1418 1775,1418 1776,1418 1777,1417 3154,1414 3155,1415 3334,1414 3343,1424 3344,1466 3344,1466 3359,1466 3361,1468 3361,1469 3362,1470 3367,1470 3369,1472 3369,1473 3369,1473 3370,1474 3371,1474 3373,1476 3373,1477 3373,1477 3377,1477 3378,1478 3379,1478 3380,1479 3380,1484 3381,1485 3382,1485 3384,1487 3384,1522 3385,1523 3386,1523 3388,1525 3388,1528 3387,1529 3387,1530 3386,1530 3385,1530 3384,1532 3384,1533 3383,1533 3382,1534 3381,1534 3380,1536 3380,1537 3379,1537 3378,1537 3376,1540 3376,1541 3375,1541 3374,1541 3372,1544 3372,1545 3371,1545 3366,1545 3365,1547 3365,1548 3363,1549 2904,1550 2901,1553 2900,1553 2900,1554 2900,1570 2898,1571 2897,1571 2896,1573 2896,1578 2894,1579 2893,1579 2892,1581 2892,1586 2891,1586 2886,1586 2885,1588 2885,1589 2883,1590 2603,1591 2603,1591 2603,1600 2602,1601"/><TextEquiv index="1"><Unicode>cours. „Que voulez - vous que je faſſe</Unicode></TextEquiv></TextLine><TextLine id="r0_l006"><Coords points="680,1800 678,1799 678,1798 678,1797 670,1797 669,1796 668,1796 667,1796 667,1734 667,1733 499,1734 498,1734 498,1735 498,1736 497,1736 496,1737 492,1737 491,1737 491,1738 490,1740 488,1740 487,1739 487,1738 486,1737 479,1737 478,1736 477,1736 476,1735 476,1734 475,1733 475,1733 474,1733 472,1731 472,1729 473,1729 474,1729 475,1727 475,1694 476,1693 476,1692 478,1691 479,1691 479,1690 479,1689 481,1688 482,1688 483,1686 483,1685 485,1684 523,1684 525,1681 525,1680 526,1679 671,1679 671,1679 671,1678 672,1676 677,1676 678,1676 678,1675 679,1673 683,1673 686,1671 686,1670 686,1669 894,1669 896,1667 896,1666 897,1665 976,1665 981,1670 1187,1669 1188,1669 1188,1668 1190,1665 1352,1665 1354,1663 1354,1662 1355,1661 1370,1661 1373,1663 1373,1664 1373,1665 1378,1665 1380,1666 1380,1671 1381,1673 1382,1673 1384,1674 1384,1694 1385,1695 1387,1695 1387,1695 1387,1696 1388,1697 1388,1698 1389,1699 1394,1699 1395,1700 1395,1710 1396,1711 1601,1710 1601,1710 1601,1675 1602,1673 1603,1673 1605,1672 1605,1667 1605,1666 1606,1665 1607,1665 1609,1664 1609,1663 1610,1661 1615,1661 1616,1661 1616,1660 1617,1658 1780,1658 1781,1658 1781,1659 1782,1661 1790,1661 1791,1662 1957,1661 1958,1661 1958,1610 1958,1609 1967,1609 1969,1608 1969,1607 1970,1605 2020,1605 2021,1606 2021,1607 2023,1609 2024,1609 2025,1610 2025,1611 2027,1613 2028,1613 2029,1614 2029,1654 2029,1654 2069,1654 2070,1655 2243,1655 2244,1654 2249,1654 2250,1655 2362,1654 2363,1655 2363,1656 2367,1660 2367,1661 2367,1661 2535,1661 2536,1661 2536,1618 2537,1616 2538,1616 2539,1616 2540,1615 2540,1614 2540,1613 2541,1613 2542,1612 2549,1612 2551,1611 2551,1610 2551,1609 2557,1609 2558,1610 2558,1611 2559,1612 2560,1613 2561,1613 2562,1614 2562,1657 2562,1657 2671,1657 2672,1658 2835,1657 2836,1657 2836,1652 2837,1650 2842,1650 2843,1651 2843,1654 2843,1654 3113,1654 3114,1653 3114,1613 3114,1613 3119,1613 3121,1611 3121,1610 3122,1609 3258,1609 3260,1607 3260,1606 3261,1605 3275,1604 3276,1605 3303,1605 3305,1607 3305,1642 3305,1642 3374,1642 3376,1644 3376,1645 3377,1646 3378,1646 3380,1648 3380,1660 3393,1673 3394,1673 3395,1674 3395,1709 3397,1710 3398,1710 3399,1712 3399,1717 3399,1717 3398,1717 3397,1718 3395,1720 3395,1721 3395,1721 3394,1721 3391,1724 3391,1725 3391,1725 3390,1725 3387,1728 3387,1729 3387,1729 3378,1729 3376,1731 3376,1732 3375,1733 3284,1733 3283,1734 3283,1735 3281,1737 3280,1737 3279,1738 3279,1739 3278,1740 3276,1740 3275,1741 3275,1742 3274,1744 3269,1744 3268,1744 3268,1745 3266,1748 3255,1748 3252,1745 3252,1744 3252,1744 3247,1744 3245,1742 3245,1741 3244,1740 3244,1740 3243,1740 3241,1738 3241,1733 3241,1733 3044,1733 3042,1735 3042,1736 3042,1736 3041,1736 3040,1737 3019,1737 3015,1733 2838,1733 2834,1737 2832,1737 2831,1736 2387,1737 2386,1738 2386,1739 2385,1740 2308,1741 2307,1741 2307,1742 2306,1744 2294,1744 2292,1742 2292,1741 2291,1740 1971,1740 1969,1739 1969,1738 1969,1737 1782,1738 1781,1738 1781,1739 1781,1740 1482,1740 1481,1741 1481,1751 1481,1751 1480,1751 1478,1753 1477,1754 1477,1755 1477,1755 1476,1755 1474,1757 1474,1758 1473,1759 1468,1759 1466,1761 1466,1762 1465,1763 1460,1763 1459,1764 1459,1765 1457,1767 1447,1767 1446,1766 1445,1766 1444,1766 1444,1744 1444,1743 1108,1744 1107,1743 793,1744 789,1748 702,1748 701,1749 701,1796 701,1796 700,1796 699,1797 695,1797 693,1799 693,1800 693,1800"/><TextEquiv index="1"><Unicode>“pour vous, me dit cet homme? Je</Unicode></TextEquiv></TextLine><TextLine id="r0_l007"><Coords points="1932,1980 1932,1980 1932,1979 1931,1978 1931,1931 1930,1930 995,1932 994,1931 683,1932 682,1931 682,1930 680,1928 664,1928 663,1927 663,1920 662,1919 484,1920 483,1918 483,1917 482,1917 481,1917 479,1914 479,1910 480,1909 481,1909 483,1906 483,1873 491,1865 491,1864 492,1864 671,1863 671,1863 671,1858 672,1857 673,1857 674,1856 678,1856 678,1856 678,1851 680,1849 681,1849 682,1848 682,1836 684,1834 685,1834 686,1833 686,1828 687,1827 688,1827 689,1826 689,1822 690,1821 690,1820 691,1819 692,1819 697,1814 697,1813 698,1812 699,1812 701,1810 701,1809 702,1808 707,1808 708,1807 708,1806 710,1804 715,1804 716,1803 716,1802 718,1800 1726,1798 1728,1796 1746,1796 1748,1798 3144,1795 3144,1794 3144,1793 3145,1793 3169,1793 3170,1791 3170,1790 3172,1789 3180,1789 3181,1790 3181,1791 3183,1793 3188,1793 3189,1794 3189,1795 3190,1796 3191,1796 3192,1797 3192,1798 3193,1799 3193,1815 3194,1816 3383,1815 3384,1817 3384,1860 3385,1860 3386,1860 3388,1863 3388,1886 3390,1887 3391,1887 3391,1888 3391,1893 3390,1894 3391,1924 3390,1924 3389,1924 3388,1926 3388,1934 3386,1935 3385,1935 3384,1937 3384,1938 3382,1939 3374,1939 3370,1943 3362,1943 3361,1945 3361,1946 3359,1947 2949,1948 2949,1949 2949,1975 2946,1977 1961,1979 1960,1980"/><TextEquiv index="1"><Unicode>“ferois charmé de pouvoir vous paſſer,</Unicode></TextEquiv></TextLine><TextLine id="r0_l008"><Coords points="1667,2172 1665,2171 1665,2170 1664,2168 1652,2168 1650,2167 1650,2166 1650,2165 1649,2164 1648,2164 1646,2163 1646,2117 1645,2116 1585,2116 1584,2115 1294,2116 1294,2116 1294,2117 1292,2119 1160,2119 1159,2121 1159,2122 1157,2123 1155,2123 1155,2123 1155,2122 1152,2119 1002,2119 1001,2118 1001,2116 1000,2115 773,2116 772,2117 772,2118 771,2119 705,2119 705,2120 705,2166 704,2167 704,2168 704,2168 703,2168 699,2172 677,2172 673,2168 661,2168 659,2167 659,2109 658,2108 527,2108 526,2107 484,2108 483,2106 483,2105 482,2104 481,2104 480,2104 479,2102 479,2064 480,2063 481,2063 483,2061 483,2056 483,2056 484,2056 485,2055 489,2055 491,2053 491,2052 491,2052 493,2052 494,2051 495,2052 670,2051 671,2051 671,2049 671,2048 672,2048 680,2040 842,2040 843,2039 843,2038 844,2037 879,2037 881,2038 881,2039 881,2040 1086,2039 1088,2037 1152,2037 1155,2035 1155,2034 1155,2033 1157,2033 1159,2035 1159,2036 1160,2037 1430,2037 1432,2035 1432,2027 1434,2025 1435,2025 1436,2024 1436,2015 1437,2014 1438,2014 1440,2012 1440,2004 1441,2003 1442,2003 1445,1999 1446,1999 1447,1999 1447,1998 1449,1995 1450,1995 1451,1995 1451,1994 1453,1991 1454,1991 1455,1991 1455,1990 1456,1988 1457,1988 1458,1988 1458,1987 1460,1984 1487,1984 1489,1986 1489,1987 1490,1988 1491,1988 1492,1989 1492,1990 1493,1991 1493,2037 1493,2037 1735,2037 1736,2036 1736,1990 1737,1989 1737,1988 1737,1988 1738,1988 1740,1986 1740,1985 1741,1984 1753,1984 1755,1985 1755,1986 1756,1988 1757,1988 1758,1989 1990,1988 1992,1990 1992,1991 1993,1992 1994,1992 1995,1993 1995,2039 1996,2040 1996,2048 1996,2048 2005,2048 2007,2050 2007,2093 2007,2093 2204,2093 2205,2092 2205,2046 2218,2033 2226,2033 2228,2034 2228,2035 2228,2036 2229,2036 2230,2037 2445,2036 2446,2036 2446,2034 2446,2033 2602,2033 2603,2033 2603,2034 2605,2037 2811,2037 2814,2034 2814,2033 2814,2033 2985,2032 2986,2032 2986,2031 2987,2029 3007,2029 3008,2030 3008,2031 3013,2036 3187,2036 3189,2034 3189,2033 3189,2033 3202,2033 3203,2032 3203,2031 3205,2029 3209,2029 3210,2030 3371,2029 3372,2030 3372,2031 3374,2033 3386,2033 3387,2034 3387,2035 3389,2037 3389,2037 3390,2037 3391,2038 3391,2039 3393,2041 3394,2041 3395,2042 3395,2096 3393,2097 3392,2097 3391,2099 3391,2100 3390,2100 3389,2100 3388,2101 3384,2101 3384,2102 3384,2103 3382,2104 3381,2104 3380,2106 3380,2107 3378,2108 3313,2108 3313,2109 3313,2110 3310,2112 3306,2112 3305,2111 3114,2112 3114,2112 3114,2113 3112,2115 3110,2115 3110,2114 3110,2113 3108,2112 2870,2112 2870,2113 2870,2159 2868,2161 2828,2161 2827,2160 2826,2160 2825,2160 2825,2115 2824,2114 2669,2115 2668,2116 2476,2116 2476,2117 2476,2118 2474,2119 2364,2119 2363,2118 2101,2119 2101,2120 2101,2128 2100,2129 2100,2130 2099,2130 2098,2130 2097,2132 2097,2133 2096,2133 2095,2134 2094,2134 2093,2136 2093,2137 2092,2138 2091,2138 2089,2140 2089,2141 2088,2142 2087,2142 2085,2144 2085,2145 2085,2145 2084,2145 2083,2146 2076,2146 2074,2148 2074,2149 2074,2149 2068,2149 2067,2149 2067,2148 2065,2145 2064,2145 2063,2146 2063,2167 2062,2168 2057,2168 2055,2167 2055,2120 2054,2119 1981,2119 1980,2118 1980,2117 1979,2116 1902,2116 1901,2115 1680,2116 1680,2116 1680,2166 1679,2168 1678,2168 1677,2168 1677,2169 1675,2172"/><TextEquiv index="1"><Unicode>“par votre ſoupirail, tout ce que vous</Unicode></TextEquiv></TextLine><TextLine id="r0_l009"><Coords points="3334,2341 3331,2339 3331,2306 3331,2305 2384,2307 2383,2306 1993,2307 1992,2306 1599,2307 1598,2306 1056,2307 1055,2306 838,2307 836,2305 836,2304 835,2303 680,2303 678,2302 678,2297 678,2296 531,2296 530,2295 486,2296 485,2295 484,2295 483,2294 483,2252 487,2248 487,2244 489,2243 528,2242 528,2242 528,2241 529,2240 530,2240 532,2238 532,2237 533,2236 534,2236 535,2235 678,2235 678,2235 678,2234 680,2232 688,2232 690,2230 690,2229 691,2228 839,2228 839,2227 839,2226 842,2224 1042,2223 1042,2223 1042,2181 1044,2179 1053,2179 1053,2179 1053,2178 1056,2175 1519,2174 1519,2174 1519,2173 1520,2172 2712,2170 2714,2168 3001,2167 3001,2167 3001,2166 3003,2164 3019,2164 3020,2166 3020,2168 3021,2168 3214,2168 3215,2169 3215,2220 3216,2221 3393,2220 3394,2221 3395,2221 3395,2222 3395,2231 3394,2232 3393,2232 3391,2234 3391,2247 3392,2247 3653,2247 3658,2252 3657,2254 3656,2254 3655,2255 3392,2255 3391,2256 3391,2269 3391,2269 3390,2269 3389,2270 3381,2270 3380,2271 3380,2272 3379,2273 3378,2273 3376,2275 3376,2280 3375,2281 3374,2281 3373,2282 3373,2286 3372,2287 3372,2288 3372,2288 3371,2288 3369,2290 3369,2309 3361,2317 3361,2321 3360,2322 3359,2322 3358,2323 3358,2332 3357,2333 3356,2333 3354,2335 3354,2336 3353,2337 3344,2337 3343,2338 3343,2339 3341,2341"/><TextEquiv index="1"><Unicode>“me demanderiez: mais d'abord il y</Unicode></TextEquiv></TextLine><TextLine id="r0_l010"><Coords points="2258,2549 2258,2548 2258,2491 2257,2491 2184,2491 2183,2492 2183,2493 2182,2494 2181,2494 2180,2495 2163,2495 2162,2494 2161,2494 2160,2492 2160,2491 2159,2491 1940,2491 1939,2493 1939,2494 1938,2494 1812,2495 1812,2495 1812,2533 1809,2536 1808,2536 1808,2536 1808,2541 1806,2543 1759,2543 1759,2542 1759,2491 1758,2491 1749,2491 1748,2489 1748,2488 1746,2487 1649,2487 1613,2487 1613,2488 1613,2500 1612,2501 1612,2502 1611,2502 1610,2502 1609,2504 1609,2508 1599,2517 1595,2517 1594,2519 1594,2520 1592,2521 1580,2521 1579,2520 1579,2519 1578,2518 1577,2517 1576,2517 1575,2516 1575,2496 1574,2495 1483,2495 1482,2494 1420,2495 1419,2494 1291,2494 1290,2495 1245,2495 1245,2495 1245,2515 1243,2517 1242,2517 1241,2518 1241,2526 1237,2530 1237,2534 1235,2536 1234,2536 1234,2536 1234,2537 1231,2540 1227,2540 1224,2543 1220,2543 1218,2545 1218,2546 1217,2547 1182,2547 1181,2546 1181,2545 1179,2543 1174,2543 1174,2543 1174,2542 1171,2539 1170,2539 1170,2539 1170,2534 1168,2532 1167,2532 1166,2531 1166,2499 1165,2498 1028,2498 1027,2497 1027,2496 1026,2495 1025,2495 1023,2493 1023,2492 1022,2491 971,2492 971,2492 971,2549 972,2551 977,2551 978,2551 977,2552 963,2552 963,2551 963,2492 962,2492 892,2492 892,2492 892,2493 891,2494 890,2494 889,2495 790,2495 790,2495 790,2551 789,2552 776,2552 776,2551 776,2495 775,2495 731,2495 731,2496 731,2497 729,2498 720,2498 720,2498 720,2497 718,2495 680,2495 678,2493 678,2492 677,2491 676,2491 674,2489 674,2484 673,2483 536,2483 535,2482 491,2483 491,2482 491,2481 490,2480 488,2479 487,2479 487,2478 487,2477 484,2475 483,2475 483,2474 483,2435 482,2435 376,2435 374,2432 376,2430 482,2430 483,2429 483,2428 484,2427 489,2427 490,2426 490,2425 492,2423 507,2423 510,2425 510,2426 510,2427 511,2427 512,2428 556,2427 557,2428 682,2428 683,2427 684,2427 685,2427 685,2426 687,2423 688,2423 689,2423 689,2422 691,2419 831,2419 832,2418 832,2417 833,2416 928,2416 929,2415 930,2416 973,2416 974,2417 1052,2416 1053,2417 1053,2418 1054,2419 1055,2419 1057,2421 1057,2422 1058,2423 1165,2423 1166,2423 1165,2365 1166,2364 1167,2364 1168,2363 1173,2363 1173,2364 1173,2366 1175,2367 1176,2367 1177,2368 1177,2423 1177,2423 1183,2423 1185,2422 1185,2421 1186,2419 1292,2419 1294,2417 1294,2416 1294,2416 1319,2416 1320,2415 1320,2371 1320,2371 1321,2371 1324,2368 1324,2367 1324,2367 1325,2367 1329,2363 1383,2363 1383,2362 1383,2361 1386,2359 1439,2359 1440,2360 1440,2361 1442,2363 1443,2362 1443,2363 1444,2412 1444,2412 1502,2412 1504,2414 1504,2415 1505,2416 1510,2416 1511,2417 1511,2418 1512,2419 1516,2419 1523,2426 1523,2434 1523,2434 1524,2434 1526,2436 1526,2464 1526,2464 1591,2464 1595,2468 1720,2468 1721,2467 1721,2440 1733,2428 1733,2424 1734,2423 1735,2423 1736,2422 1736,2421 1738,2419 1739,2419 1740,2418 1740,2417 1741,2416 1787,2416 1789,2414 1789,2413 1790,2412 1795,2412 1796,2413 1908,2412 1909,2412 1909,2369 1910,2367 1911,2367 1912,2367 1913,2366 1913,2365 1914,2363 1926,2363 1928,2365 1928,2366 1929,2367 1930,2367 1932,2369 1932,2408 1932,2408 1933,2408 1935,2410 1935,2412 1935,2412 2178,2412 2179,2412 2179,2413 2181,2416 2316,2416 2318,2414 2318,2413 2319,2412 2320,2412 2322,2413 2322,2414 2323,2416 2361,2415 2362,2416 2620,2416 2622,2414 2622,2413 2623,2412 2718,2412 2719,2411 2719,2410 2721,2408 2815,2408 2816,2409 2999,2408 3001,2407 3001,2406 3001,2405 3002,2405 3003,2404 3077,2404 3078,2405 3079,2405 3080,2405 3080,2407 3080,2408 3243,2408 3244,2409 3386,2408 3387,2409 3387,2410 3389,2412 3397,2412 3399,2414 3399,2415 3400,2416 3401,2416 3403,2418 3403,2463 3400,2465 3399,2465 3399,2466 3399,2471 3397,2472 3396,2472 3395,2474 3395,2475 3393,2476 3392,2476 3391,2478 3391,2479 3390,2479 3389,2479 3387,2482 3387,2483 3386,2483 3299,2483 3297,2486 3297,2487 3296,2487 3230,2488 3230,2488 3230,2534 3228,2536 3223,2536 3222,2537 3222,2538 3220,2540 3193,2540 3193,2540 3193,2541 3191,2543 3189,2543 3189,2542 3189,2541 3188,2540 3186,2539 3185,2539 3185,2538 3185,2491 3184,2491 3077,2491 3076,2489 3076,2488 3074,2487 2742,2488 2742,2488 2742,2489 2740,2491 2652,2491 2652,2491 2652,2541 2646,2547 2642,2547 2641,2545 2641,2544 2639,2543 2611,2543 2611,2542 2611,2494 2610,2494 2492,2494 2491,2495 2487,2495 2487,2496 2487,2497 2485,2498 2476,2498 2476,2499 2476,2542 2474,2543 2473,2543 2472,2544 2471,2544 2470,2543 2469,2543 2468,2542 2468,2496 2466,2494 2465,2494 2465,2494 2464,2493 2464,2492 2463,2491 2362,2491 2361,2490 2265,2491 2265,2491 2265,2548 2264,2549"/><TextEquiv index="1"><Unicode>“a une grille, qui ne me permet pas</Unicode></TextEquiv></TextLine><TextLine id="r0_l011"><Coords points="1570,2739 1569,2739 1569,2738 1569,2737 1239,2738 1237,2736 1237,2735 1237,2735 1150,2735 1143,2729 1143,2683 1143,2682 1074,2682 1073,2681 740,2682 738,2681 738,2680 737,2678 695,2678 693,2677 693,2676 693,2675 688,2675 687,2674 486,2675 485,2674 484,2674 483,2673 483,2668 482,2667 481,2667 479,2665 479,2653 481,2652 482,2652 483,2650 483,2623 485,2622 486,2622 486,2621 487,2620 487,2619 489,2618 490,2618 491,2616 491,2615 492,2615 493,2615 494,2614 539,2613 541,2611 703,2611 705,2609 705,2608 706,2607 723,2607 723,2607 723,2557 725,2554 733,2554 735,2553 735,2552 735,2551 775,2551 776,2552 977,2552 978,2553 2257,2550 2258,2549 2879,2547 2881,2546 2881,2545 2882,2543 2894,2543 2896,2545 2896,2546 2897,2547 3003,2547 3005,2549 3005,2550 3005,2550 3006,2551 3007,2551 3008,2552 3341,2551 3343,2553 3343,2554 3343,2554 3344,2554 3346,2556 3346,2622 3347,2622 3398,2622 3399,2624 3399,2625 3401,2626 3410,2626 3410,2627 3410,2632 3412,2633 3413,2633 3414,2635 3414,2636 3413,2637 3412,2637 3410,2639 3410,2640 3409,2641 3351,2641 3350,2642 3350,2670 3349,2671 3209,2672 3207,2673 3207,2726 3207,2727 3183,2727 3181,2728 3181,2729 3180,2731 3172,2731 3170,2729 3170,2728 3169,2727 3168,2727 3166,2725 3166,2722 3166,2722 1827,2725 1826,2725 1826,2726 1826,2727 1586,2727 1585,2728 1585,2739 1585,2739"/><TextEquiv index="1"><Unicode>“d'en approcher; enſuite, je fuis pri-</Unicode></TextEquiv></TextLine><TextLine id="r0_l012"><Coords points="1595,2923 1595,2923 1595,2867 1594,2866 1523,2866 1523,2867 1523,2868 1520,2870 1501,2870 1500,2869 1103,2870 1102,2872 1102,2873 1101,2873 1100,2873 1099,2874 1078,2874 1077,2873 1076,2873 1076,2873 1076,2872 1074,2870 1028,2870 1027,2869 679,2870 679,2870 679,2869 676,2866 672,2866 671,2865 671,2859 670,2858 502,2859 502,2859 502,2860 500,2862 492,2862 491,2863 491,2864 489,2866 488,2866 483,2860 483,2859 482,2859 481,2859 479,2856 481,2854 482,2854 483,2853 483,2844 483,2844 484,2844 485,2843 486,2843 487,2842 486,2824 487,2823 487,2807 489,2806 493,2806 494,2804 494,2803 496,2802 497,2802 498,2803 674,2802 674,2802 674,2797 676,2795 677,2795 678,2794 678,2793 680,2791 685,2791 686,2790 686,2785 688,2783 689,2783 689,2783 689,2779 690,2778 690,2777 691,2776 692,2776 693,2775 693,2763 695,2761 696,2761 697,2760 697,2760 697,2759 699,2757 700,2757 701,2756 701,2755 703,2753 704,2753 704,2753 704,2752 706,2750 707,2750 707,2750 708,2749 708,2748 710,2746 711,2746 712,2745 712,2744 714,2742 715,2742 716,2741 716,2740 718,2738 741,2738 742,2740 742,2741 744,2742 745,2742 746,2744 746,2745 748,2746 749,2746 749,2747 749,2748 750,2749 750,2791 751,2791 1008,2790 1008,2790 1008,2745 1015,2738 1026,2738 1027,2740 1027,2741 1029,2742 1030,2742 1031,2744 1031,2787 1032,2787 1176,2787 1178,2790 1178,2791 1179,2791 1567,2790 1567,2790 1567,2742 1568,2741 1568,2740 1569,2739 1586,2739 1586,2740 1586,2741 1588,2742 1589,2742 1590,2744 1590,2821 1591,2821 1774,2821 1774,2820 1774,2799 1775,2799 1776,2799 1776,2798 1778,2796 1778,2795 1779,2795 1780,2795 1782,2792 1782,2791 1783,2791 1833,2791 1834,2792 1928,2791 1928,2791 1928,2766 1929,2765 1930,2765 1932,2763 1932,2759 1934,2757 1935,2757 1935,2757 1935,2752 1937,2750 1941,2750 1943,2748 1943,2747 1944,2746 1946,2746 1947,2748 1947,2749 1949,2750 1950,2750 1950,2751 1950,2756 1952,2757 1953,2757 1954,2759 1954,2760 1956,2761 1957,2761 1958,2763 1958,2768 1959,2768 1960,2768 1962,2771 1962,2775 1964,2776 1965,2776 1965,2777 1965,2779 1966,2780 1966,2791 1967,2791 2175,2791 2175,2791 2175,2792 2178,2795 2182,2795 2191,2804 2191,2808 2193,2810 2194,2810 2194,2810 2195,2842 2195,2843 2418,2842 2419,2842 2418,2820 2419,2819 2420,2819 2423,2816 2423,2812 2426,2809 2427,2809 2427,2809 2427,2808 2429,2806 2430,2806 2430,2806 2430,2805 2433,2802 2434,2802 2434,2802 2434,2797 2436,2795 2444,2795 2446,2793 2446,2792 2447,2791 2476,2791 2476,2791 2476,2755 2478,2753 2482,2753 2483,2755 2483,2791 2484,2791 2591,2791 2592,2789 2592,2788 2594,2787 2888,2786 2891,2783 2892,2785 2892,2786 2894,2787 3173,2787 3174,2785 3174,2784 3176,2783 3277,2782 3278,2783 3337,2783 3339,2786 3339,2787 3340,2787 3356,2787 3360,2791 3364,2791 3365,2793 3366,2832 3366,2832 3391,2832 3392,2832 3391,2774 3393,2772 3394,2772 3395,2774 3395,2775 3396,2775 3397,2776 3398,2776 3399,2778 3400,2832 3406,2838 3406,2850 3404,2851 3403,2851 3403,2852 3403,2857 3400,2859 3399,2859 3399,2860 3399,2861 3397,2862 3299,2862 3297,2865 3297,2866 3296,2866 3287,2866 3286,2865 3092,2866 3091,2867 3091,2868 3089,2870 3085,2870 3083,2867 3083,2866 3082,2866 3081,2866 3080,2864 3080,2863 3079,2863 2915,2863 2915,2864 2915,2865 2913,2866 2901,2866 2897,2870 2890,2870 2888,2868 2888,2867 2887,2866 2660,2867 2659,2868 2659,2869 2658,2870 2562,2870 2562,2871 2562,2910 2560,2911 2559,2911 2558,2910 2558,2909 2556,2907 2555,2907 2555,2907 2555,2906 2554,2905 2554,2875 2553,2874 2519,2874 2518,2873 2517,2873 2517,2873 2517,2872 2515,2870 2299,2871 2299,2871 2299,2879 2297,2881 2296,2881 2296,2881 2296,2890 2294,2892 2293,2892 2292,2893 2292,2894 2290,2896 2289,2896 2288,2897 2288,2898 2286,2900 2270,2900 2269,2901 2269,2902 2268,2903 2267,2903 2266,2904 2260,2904 2259,2903 2258,2903 2258,2902 2258,2874 2257,2874 2151,2874 2149,2871 2149,2870 2148,2870 1933,2870 1932,2869 1775,2870 1774,2868 1774,2867 1772,2866 1771,2866 1770,2864 1770,2844 1769,2844 1605,2844 1605,2845 1605,2865 1603,2866 1600,2866 1600,2867 1600,2923 1599,2923"/><TextEquiv index="1"><Unicode>“ſonnier moi - même, comme vous.</Unicode></TextEquiv></TextLine><TextLine id="r0_l013"><Coords points="487,2926 3429,2920 3430,3108 488,3114"/><TextEquiv index="1"><Unicode>“L'édifice, où vous me voyez, ſans</Unicode></TextEquiv></TextLine><TextLine id="r0_l014"><Coords points="2699,3298 2699,3297 2698,3245 2698,3245 2628,3245 2625,3247 2625,3248 2625,3249 2620,3249 2618,3250 2618,3251 2618,3252 2617,3252 2616,3253 2612,3253 2611,3253 2611,3254 2610,3256 2594,3256 2592,3254 2592,3253 2592,3253 2587,3253 2584,3251 2584,3247 2583,3245 2582,3245 2581,3245 2581,3235 2581,3234 2323,3235 2322,3235 2322,3239 2321,3241 2279,3241 2277,3242 2277,3243 2276,3245 2147,3245 2146,3244 2146,3243 2144,3241 1898,3242 1897,3242 1898,3288 1896,3290 1895,3290 1894,3291 1894,3292 1892,3294 1862,3294 1858,3290 1857,3290 1857,3289 1857,3288 1856,3287 1855,3241 1855,3241 1742,3241 1740,3242 1740,3243 1739,3245 1727,3245 1725,3243 1725,3242 1724,3241 1535,3241 1534,3240 1241,3241 1240,3241 1241,3288 1235,3294 1231,3294 1230,3292 1230,3291 1228,3290 1227,3290 1226,3288 1225,3241 1225,3241 1182,3241 1181,3242 1181,3248 1180,3249 1179,3249 1177,3251 1177,3256 1177,3256 1176,3256 1174,3258 1174,3262 1172,3264 1168,3264 1166,3266 1166,3267 1166,3267 1165,3267 1164,3268 1160,3268 1158,3270 1158,3271 1158,3271 1145,3271 1144,3271 1144,3270 1143,3269 1143,3242 1143,3241 1033,3241 1032,3240 744,3241 742,3240 742,3239 742,3238 623,3238 622,3239 622,3241 622,3241 612,3241 611,3241 611,3206 611,3205 570,3205 569,3206 569,3207 569,3207 568,3207 566,3209 566,3214 565,3215 564,3215 562,3217 562,3218 562,3218 561,3218 558,3221 558,3222 558,3222 557,3222 556,3223 552,3223 551,3224 551,3225 550,3226 545,3226 543,3228 543,3229 542,3230 511,3231 508,3234 497,3234 494,3231 494,3193 494,3193 493,3193 491,3191 491,3189 492,3189 493,3189 494,3187 494,3122 496,3121 501,3121 502,3122 502,3176 503,3177 539,3176 541,3174 554,3174 554,3175 554,3176 557,3178 558,3178 558,3179 558,3180 560,3181 561,3181 562,3183 562,3188 564,3189 565,3189 566,3191 566,3193 567,3193 683,3193 684,3192 685,3192 686,3191 686,3190 687,3189 688,3189 689,3188 689,3184 703,3170 707,3170 708,3169 708,3168 710,3166 727,3166 727,3166 727,3119 729,3117 730,3117 731,3116 731,3115 732,3114 753,3114 753,3115 753,3120 755,3121 756,3121 757,3122 757,3161 758,3162 819,3162 823,3166 959,3166 960,3164 960,3163 962,3162 973,3162 974,3163 1048,3162 1050,3165 1050,3166 1051,3166 1060,3166 1061,3168 1061,3169 1063,3170 1064,3170 1065,3172 1065,3173 1067,3174 1068,3174 1068,3175 1068,3176 1069,3177 1069,3181 1070,3181 1071,3181 1072,3183 1072,3217 1073,3217 1144,3217 1144,3217 1144,3216 1145,3215 1267,3215 1267,3214 1267,3186 1269,3185 1270,3185 1271,3183 1271,3178 1272,3178 1273,3178 1273,3177 1279,3171 1279,3170 1280,3170 1285,3170 1286,3168 1286,3167 1288,3166 1289,3166 1290,3164 1290,3163 1292,3162 1346,3162 1346,3161 1346,3156 1348,3155 1349,3155 1350,3153 1350,3148 1351,3148 1352,3148 1354,3145 1354,3140 1355,3140 1356,3140 1357,3138 1357,3134 1360,3132 1361,3132 1361,3131 1361,3130 1363,3129 1367,3129 1373,3122 1373,3121 1374,3121 1398,3121 1398,3121 1398,3122 1401,3125 1402,3125 1402,3125 1402,3126 1405,3129 1406,3129 1406,3129 1406,3138 1408,3140 1409,3140 1410,3141 1410,3165 1411,3166 1431,3166 1432,3167 1754,3166 1756,3168 1872,3168 1874,3166 1882,3166 1883,3167 2014,3166 2014,3166 2014,3123 2016,3121 2017,3121 2018,3120 2018,3119 2020,3117 2111,3117 2112,3116 2112,3115 2113,3114 2130,3114 2130,3115 2130,3116 2132,3117 2136,3117 2137,3118 2138,3118 2138,3118 2138,3165 2139,3166 2159,3166 2161,3168 2161,3169 2162,3170 2269,3170 2269,3170 2269,3171 2272,3174 2291,3174 2292,3175 2292,3176 2293,3177 2294,3177 2296,3179 2296,3214 2297,3215 2423,3214 2423,3214 2423,3187 2425,3185 2426,3185 2427,3184 2427,3183 2429,3181 2464,3181 2464,3181 2464,3180 2467,3177 2485,3177 2486,3178 2487,3178 2487,3179 2487,3180 2489,3181 2490,3181 2491,3183 2491,3188 2493,3189 2494,3189 2494,3190 2494,3191 2495,3192 2495,3230 2496,3230 2558,3230 2558,3230 2558,3119 2560,3117 2654,3117 2660,3123 2660,3165 2661,3166 2722,3166 2724,3168 2724,3169 2725,3170 2726,3170 2727,3171 2727,3172 2728,3173 2729,3173 2730,3174 2862,3173 2862,3173 2862,3172 2864,3170 2873,3170 2873,3170 2873,3169 2876,3166 2880,3166 2881,3165 2881,3164 2882,3163 2883,3163 2884,3162 2889,3162 2889,3162 2889,3119 2891,3117 2892,3117 2892,3117 2892,3116 2894,3114 2898,3114 2900,3112 2900,3111 2901,3110 2903,3110 2904,3112 2904,3113 2905,3113 2991,3113 2992,3114 3108,3114 3112,3110 3128,3110 3129,3111 3129,3116 3130,3117 3131,3117 3132,3118 3132,3161 3133,3162 3252,3162 3253,3160 3253,3159 3254,3159 3256,3159 3257,3158 3258,3159 3305,3158 3305,3158 3305,3108 3306,3107 3312,3107 3312,3108 3312,3158 3313,3158 3380,3158 3380,3158 3380,3119 3381,3118 3382,3118 3382,3118 3384,3116 3384,3115 3385,3114 3394,3114 3395,3113 3395,3112 3397,3110 3402,3110 3402,3111 3402,3112 3405,3114 3410,3114 3410,3115 3410,3116 3412,3117 3413,3117 3414,3119 3414,3177 3415,3177 3416,3177 3418,3180 3418,3222 3419,3222 3420,3222 3421,3224 3421,3225 3423,3226 3424,3226 3425,3228 3425,3233 3424,3234 3423,3234 3422,3235 3422,3236 3421,3237 3360,3237 3359,3238 3250,3239 3248,3241 3183,3241 3181,3239 3181,3238 3181,3238 3054,3238 3053,3238 3054,3287 3053,3288 3053,3289 3052,3290 3047,3290 3046,3292 3046,3293 3044,3294 3021,3294 3020,3293 3020,3292 3018,3290 3013,3290 3012,3289 3011,3242 3011,3241 2905,3241 2903,3240 2903,3239 2903,3238 2865,3238 2862,3236 2862,3235 2862,3234 2857,3234 2855,3233 2855,3232 2854,3230 2736,3231 2733,3234 2729,3234 2727,3235 2727,3236 2727,3237 2726,3237 2723,3239 2723,3240 2723,3241 2718,3241 2716,3242 2716,3243 2715,3245 2706,3245 2705,3245 2706,3297 2705,3298"/><TextEquiv index="1"><Unicode>“doute, eſt une priſon.“ Je déplorai</Unicode></TextEquiv></TextLine><TextLine id="r0_l015"><Coords points="473,3493 472,3491 472,3486 473,3485 473,3305 473,3305 481,3305 482,3304 498,3304 499,3303 515,3303 516,3302 532,3301 533,3300 549,3300 550,3299 566,3299 567,3298 583,3298 584,3297 600,3297 601,3296 617,3296 618,3295 634,3295 635,3294 984,3294 986,3295 986,3296 986,3296 987,3296 989,3298 989,3299 990,3300 2492,3297 2493,3298 2938,3297 2939,3298 2940,3298 2941,3299 2941,3300 2942,3301 2946,3301 2949,3304 2949,3342 2949,3342 3279,3341 3280,3342 3280,3343 3280,3343 3281,3343 3283,3345 3283,3346 3283,3346 3355,3346 3358,3349 3358,3350 3358,3350 3367,3350 3369,3352 3369,3353 3370,3354 3371,3354 3373,3356 3373,3387 3373,3387 3408,3387 3410,3389 3410,3399 3410,3399 3427,3399 3429,3401 3429,3402 3429,3402 3430,3402 3433,3405 3433,3406 3433,3406 3434,3406 3436,3408 3436,3410 3435,3410 3430,3410 3429,3412 3429,3413 3427,3414 3422,3414 3421,3416 3421,3417 3419,3418 3418,3418 3418,3419 3418,3420 3416,3421 3415,3421 3414,3423 3414,3424 3412,3425 3212,3426 3209,3429 2551,3430 2548,3433 2168,3434 2168,3434 2168,3446 2166,3448 2157,3448 2157,3448 2157,3449 2155,3451 2150,3451 2149,3452 1661,3453 1661,3454 1661,3458 1659,3459 1658,3459 1658,3460 1658,3465 1656,3466 667,3468 663,3464 662,3464 655,3457 654,3457 647,3450 646,3450 639,3443 638,3443 631,3436 630,3436 623,3429 622,3429 618,3425 530,3425 529,3424 499,3425 498,3423 498,3422 497,3422 496,3422 494,3419 494,3381 492,3380 491,3380 491,3379 491,3378 490,3377 490,3313 488,3312 486,3312 485,3311 484,3311 483,3310 483,3310 483,3491 481,3493"/><TextEquiv index="1"><Unicode>mon ſort, &amp; je me remis à chanter.</Unicode></TextEquiv></TextLine><TextLine id="r0_l016"><Coords points="807,3668 806,3667 806,3649 806,3649 473,3650 472,3649 472,3643 473,3643 806,3642 806,3641 806,3616 806,3616 505,3617 504,3616 503,3616 502,3615 502,3614 501,3613 500,3613 498,3611 498,3490 500,3488 501,3488 502,3487 502,3486 503,3485 801,3484 802,3483 802,3482 802,3482 803,3482 804,3481 848,3481 851,3484 2346,3481 2348,3482 2348,3483 2349,3485 2350,3485 2352,3486 2352,3487 2353,3489 2354,3489 2356,3490 2356,3492 2356,3493 2539,3492 2540,3493 2542,3493 2543,3494 2543,3495 2545,3497 3104,3496 3105,3497 3322,3496 3324,3498 3324,3499 3325,3500 3329,3500 3332,3503 3332,3504 3332,3504 3333,3504 3335,3506 3335,3530 3336,3530 3424,3530 3425,3532 3425,3552 3426,3552 3434,3552 3435,3553 3436,3553 3436,3554 3436,3556 3435,3557 3434,3557 3433,3558 3433,3596 3427,3602 3415,3602 3414,3603 3414,3604 3413,3605 3412,3605 3410,3607 3410,3608 3409,3609 3401,3609 3399,3611 3399,3612 3398,3613 3393,3613 3391,3615 3391,3616 3391,3616 3390,3616 3389,3617 3329,3617 3328,3618 3328,3633 3327,3634 3327,3635 3327,3635 3326,3635 3324,3637 3324,3645 3316,3653 3316,3657 3315,3658 3307,3658 3305,3657 3305,3647 3305,3646 2876,3647 2873,3645 2873,3644 2873,3643 2872,3643 2870,3642 2870,3620 2870,3619 1475,3622 1474,3623 1474,3661 1474,3661 1473,3661 1469,3665 818,3667 817,3668"/><TextEquiv index="1"><Unicode>La Dame reparut à la fenêtre, &amp; je</Unicode></TextEquiv></TextLine><TextLine id="r0_l017"><Coords points="2342,3860 2341,3860 2341,3859 2341,3858 2339,3857 2316,3857 2311,3852 1516,3853 1514,3851 593,3853 592,3852 592,3851 591,3850 590,3849 589,3849 588,3848 588,3843 587,3842 586,3842 584,3840 584,3801 583,3800 512,3801 511,3800 510,3800 509,3799 509,3798 509,3797 508,3797 503,3797 502,3795 502,3794 500,3793 499,3793 498,3791 498,3771 497,3771 320,3771 319,3770 318,3770 318,3769 318,3767 318,3767 319,3767 320,3766 322,3764 322,3763 322,3763 363,3763 364,3762 363,3761 363,3760 361,3759 337,3759 337,3758 337,3756 338,3755 502,3755 503,3754 502,3677 504,3676 505,3676 506,3674 506,3673 507,3673 508,3673 510,3670 510,3669 511,3669 1618,3666 1619,3665 1623,3665 1624,3667 1624,3674 1625,3674 2235,3673 2236,3674 2644,3673 2645,3674 2645,3675 2646,3676 2647,3677 2648,3677 2648,3677 2648,3678 2650,3680 2651,3680 2652,3681 2652,3724 2653,3725 2718,3725 2722,3729 2738,3729 2738,3729 2739,3765 2739,3766 2746,3766 2747,3767 2748,3767 2750,3768 2750,3769 2750,3770 2751,3770 2754,3772 2754,3773 2754,3774 2755,3774 2757,3775 2757,3776 2758,3778 2759,3778 2761,3779 2761,3780 2761,3781 2773,3781 2774,3782 2775,3782 2776,3782 2776,3784 2775,3785 2774,3785 2773,3786 2761,3786 2761,3786 2761,3798 2755,3804 2554,3804 2554,3805 2554,3826 2552,3827 2551,3827 2551,3828 2551,3837 2549,3838 2548,3838 2548,3839 2547,3840 2547,3841 2545,3842 2356,3843 2356,3843 2356,3851 2354,3853 2353,3853 2352,3854 2352,3858 2350,3860 2344,3860 2343,3861"/><TextEquiv index="1"><Unicode>l'y vis avec le plus grand plaiſir.</Unicode></TextEquiv></TextLine><TextLine id="r0_l018"><Coords points="2342,4050 2341,4049 2341,3996 2341,3996 706,3999 705,3999 705,3998 704,3996 696,3996 693,3994 693,3990 692,3988 691,3988 690,3988 690,3987 689,3986 689,3972 691,3969 707,3969 708,3969 708,3859 710,3856 711,3856 712,3856 712,3855 713,3853 725,3853 727,3855 727,3856 728,3857 759,3857 760,3858 1266,3857 1267,3858 1585,3857 1586,3858 1586,3859 1586,3859 3009,3856 3010,3857 3011,3857 3012,3858 3012,3899 3012,3899 3420,3898 3421,3899 3421,3900 3423,3902 3424,3902 3425,3903 3425,3917 3425,3917 3536,3917 3538,3918 3538,3919 3538,3920 3539,3920 3541,3921 3541,3925 3542,3926 3542,3927 3542,3928 3543,3928 3545,3929 3545,3934 3544,3935 3543,3935 3542,3936 3493,3936 3493,3937 3493,3949 3490,3951 3444,3951 3444,3952 3444,3987 3443,3988 3442,3988 3441,3989 3440,3990 3440,3991 3439,3992 3438,3992 3437,3993 3437,4001 3436,4002 3436,4003 3436,4003 3427,4003 3425,4005 3425,4010 3425,4010 3424,4010 3423,4011 3419,4011 3418,4012 3418,4013 3417,4014 3416,4014 3415,4015 3414,4016 3414,4017 3413,4018 2424,4020 2422,4022 2349,4023 2348,4023 2348,4049 2348,4050"/><TextEquiv index="1"><Unicode>Je continuois mes cris, mes chants,</Unicode></TextEquiv></TextLine><TextLine id="r0_l019"><Coords points="3585,4225 3584,4224 3583,4224 3583,4223 3583,4218 3582,4218 2057,4221 2055,4219 1250,4221 1249,4219 1249,4218 1247,4217 1246,4217 1245,4215 1245,4214 1243,4213 1234,4213 1234,4212 1233,4176 1233,4176 991,4176 990,4175 684,4176 683,4175 516,4176 515,4175 514,4175 513,4174 513,4173 509,4169 509,4162 512,4160 513,4160 513,4159 513,4101 514,4101 515,4101 516,4100 528,4100 528,4099 528,4098 530,4096 682,4096 682,4096 682,4095 684,4093 1537,4091 1537,4091 1537,4051 1538,4050 1538,4049 1539,4048 1544,4048 1545,4049 2160,4048 2160,4048 2160,4049 2161,4050 2348,4050 2350,4052 2351,4052 2352,4053 2543,4052 2544,4053 3278,4052 3279,4053 3279,4100 3280,4100 3423,4100 3424,4101 3425,4101 3425,4102 3425,4103 3427,4104 3428,4105 3429,4105 3429,4106 3429,4119 3430,4119 3435,4119 3436,4121 3436,4122 3437,4123 3437,4149 3438,4149 3443,4149 3444,4151 3444,4163 3443,4164 3431,4164 3429,4166 3429,4167 3428,4168 3427,4168 3425,4170 3425,4171 3424,4172 3423,4172 3421,4174 3421,4175 3420,4176 3419,4176 3418,4177 3418,4178 3417,4179 2965,4180 2964,4181 2964,4182 2963,4183 2075,4185 2074,4186 2074,4195 2073,4196 2073,4197 2070,4201 2070,4205 2068,4206 2067,4206 2067,4207 2067,4213 2067,4213 3598,4210 3599,4209 3600,4209 3601,4208 3601,4207 3602,4206 3603,4206 3604,4205 3605,4204 3605,4203 3606,4202 3607,4202 3608,4201 3609,4200 3609,4199 3610,4198 3611,4198 3612,4197 3612,4196 3612,4195 3614,4194 3618,4194 3619,4195 3620,4204 3618,4206 3617,4206 3616,4207 3616,4208 3615,4209 3610,4209 3609,4210 3609,4211 3607,4213 3603,4213 3595,4221 3591,4221 3590,4222 3590,4223 3589,4224 3588,4224 3587,4225"/><TextEquiv index="1"><Unicode>mes ramages; car j'imitois ceux des</Unicode></TextEquiv></TextLine><TextLine id="r0_l020"><Coords points="2859,4421 2859,4421 2859,4408 2858,4407 1152,4411 1152,4412 1152,4416 1151,4416 1146,4416 1146,4416 1146,4368 1145,4367 1039,4367 1039,4367 1039,4366 1036,4363 1035,4363 1035,4363 1035,4362 1033,4360 1003,4360 1002,4359 538,4360 537,4359 536,4359 536,4359 536,4358 534,4356 533,4356 532,4355 532,4353 530,4351 529,4351 528,4350 528,4349 526,4348 525,4348 525,4347 524,4346 524,4345 522,4344 521,4344 521,4343 521,4342 519,4341 518,4341 517,4339 517,4334 515,4333 514,4333 513,4331 513,4319 514,4318 515,4318 517,4316 517,4300 517,4300 518,4300 521,4297 521,4296 521,4296 522,4296 525,4293 525,4292 525,4292 530,4291 533,4288 534,4288 536,4287 536,4286 537,4284 538,4284 539,4284 539,4283 540,4281 610,4281 611,4281 611,4233 611,4232 691,4232 693,4231 693,4230 694,4228 721,4228 722,4229 1412,4228 1413,4228 1413,4229 1415,4232 1416,4232 1417,4232 1417,4233 1417,4234 1979,4232 1980,4233 1980,4234 1982,4236 1986,4236 1988,4238 1988,4239 1988,4239 1989,4239 1992,4242 1992,4252 1992,4252 3342,4249 3343,4249 3343,4248 3343,4247 3344,4247 3347,4245 3347,4244 3347,4243 3363,4243 3365,4245 3365,4246 3366,4247 3367,4247 3369,4249 3369,4288 3369,4288 3382,4288 3384,4290 3384,4311 3384,4311 3435,4311 3436,4312 3436,4313 3438,4315 3438,4315 3439,4315 3440,4316 3440,4317 3441,4318 3442,4318 3444,4320 3444,4328 3430,4341 3388,4341 3388,4342 3388,4347 3386,4348 3380,4348 3380,4349 3380,4363 3379,4363 3374,4363 3373,4365 3373,4366 3371,4367 2866,4368 2866,4369 2866,4409 2866,4409 3546,4408 3547,4408 3546,4409 3546,4410 3540,4416 3535,4416 3533,4418 3528,4418 3527,4419 2866,4420 2865,4421"/><TextEquiv index="1"><Unicode>oiſeaux. Enfin, je vis, un jour, un moi-</Unicode></TextEquiv></TextLine><TextLine id="r0_l021"><Coords points="3174,4611 3173,4610 3173,4604 3173,4604 1996,4606 1995,4606 1995,4595 1995,4594 999,4596 997,4595 997,4594 997,4593 996,4592 995,4592 993,4591 993,4588 993,4587 475,4589 474,4588 473,4588 472,4587 472,4585 473,4585 474,4585 475,4584 521,4584 521,4583 521,4536 522,4536 523,4536 524,4534 524,4477 526,4476 527,4476 528,4474 528,4473 530,4471 531,4471 534,4468 644,4468 644,4468 644,4467 646,4465 647,4465 647,4465 647,4464 226,4465 224,4464 224,4463 226,4461 1140,4459 1140,4459 1140,4421 1140,4420 1141,4420 1142,4420 1144,4418 1144,4417 1144,4416 1450,4415 1451,4415 1451,4414 1452,4412 1464,4412 1470,4418 1470,4419 1470,4419 3120,4416 3121,4416 3121,4417 3122,4419 3533,4418 3534,4418 3533,4419 3532,4419 3531,4420 3474,4420 3474,4421 3474,4430 3473,4431 3472,4431 3470,4433 3470,4438 3470,4438 3469,4438 3463,4444 3463,4448 3461,4450 3460,4450 3459,4451 3459,4452 3457,4454 3456,4454 3455,4455 3455,4535 3454,4536 3453,4536 3452,4537 3452,4538 3450,4540 3438,4540 3436,4542 3436,4547 3436,4547 3435,4547 3432,4550 3432,4551 3432,4551 3427,4551 3425,4553 3425,4554 3424,4555 3186,4556 3185,4556 3185,4610 3185,4611"/><TextEquiv index="1"><Unicode>neau qui oſa entrer chez moi, &amp; ſe</Unicode></TextEquiv></TextLine><TextLine id="r0_l022"><Coords points="2703,4799 2702,4798 2159,4799 2159,4798 2159,4795 2158,4795 2060,4795 2059,4794 2059,4793 2057,4791 525,4795 524,4793 524,4792 523,4792 518,4787 517,4787 517,4786 517,4668 518,4667 519,4667 521,4665 521,4664 522,4663 530,4662 532,4661 532,4660 532,4659 632,4659 633,4659 632,4658 634,4656 700,4656 700,4656 700,4655 703,4652 821,4652 821,4651 821,4611 822,4611 823,4611 827,4607 831,4607 832,4605 832,4604 834,4603 835,4603 836,4604 1195,4603 1196,4605 1196,4606 1198,4607 1203,4607 1204,4608 2004,4606 2005,4607 2321,4607 2322,4608 2546,4607 2547,4608 3094,4607 3095,4608 3095,4609 3097,4611 3185,4611 3186,4612 3346,4611 3346,4612 3346,4613 3349,4615 3350,4615 3350,4616 3351,4663 3351,4663 3415,4663 3418,4666 3418,4667 3418,4667 3431,4667 3432,4668 3432,4669 3433,4670 3433,4674 3434,4675 3435,4675 3436,4676 3436,4677 3437,4678 3674,4678 3677,4680 3677,4683 3676,4684 3676,4685 3675,4686 3444,4686 3444,4687 3444,4700 3442,4701 3440,4701 3440,4702 3440,4727 3439,4727 3438,4727 3436,4730 3436,4734 3434,4735 3433,4735 3433,4736 3433,4737 3430,4739 3429,4739 3429,4740 3429,4741 3427,4742 3423,4742 3419,4746 2718,4748 2718,4748 2718,4798 2717,4799"/><TextEquiv index="1"><Unicode>percher ſur mon doigt. Je le careſſai de</Unicode></TextEquiv></TextLine><TextLine id="r0_l023"><Coords points="3250,4986 3249,4985 3249,4984 3248,4983 3241,4983 3240,4982 3239,4982 3237,4980 3237,4979 3237,4979 3236,4979 3234,4977 3234,4972 3233,4971 3232,4971 3230,4969 3230,4934 3230,4934 3123,4934 3121,4932 3121,4931 3120,4930 2679,4931 2678,4931 2678,4932 2677,4934 2546,4934 2543,4932 2543,4931 2543,4930 2373,4930 2372,4929 2316,4930 2315,4929 2315,4928 2313,4926 2132,4926 2131,4927 2131,4928 2129,4930 1846,4931 1845,4931 1845,4940 1845,4941 1844,4941 1842,4942 1842,4950 1841,4952 1840,4952 1838,4953 1838,4958 1837,4960 1836,4960 1835,4960 1834,4961 1834,4962 1834,4963 1833,4963 1832,4963 1830,4965 1830,4966 1830,4967 1829,4967 1826,4969 1826,4970 1826,4971 1825,4971 1823,4972 1823,4973 1822,4975 1693,4975 1692,4974 1692,4973 1691,4972 1691,4926 1691,4926 1524,4926 1523,4925 1353,4926 1352,4926 1352,4982 1352,4983 1337,4983 1336,4982 1336,4926 1336,4926 1198,4926 1196,4928 1196,4937 1196,4937 1194,4937 1192,4936 1192,4928 1191,4926 1111,4926 1110,4926 1110,4925 1108,4922 863,4923 862,4923 862,4924 861,4926 545,4926 543,4925 543,4924 542,4922 537,4922 536,4922 536,4910 532,4906 532,4862 531,4861 529,4861 528,4860 528,4859 527,4859 526,4859 524,4856 524,4853 525,4852 525,4851 525,4851 526,4851 528,4849 528,4848 529,4846 542,4846 548,4840 553,4840 554,4841 554,4842 555,4843 559,4843 562,4846 562,4847 562,4847 770,4847 774,4843 778,4843 780,4841 780,4840 780,4840 789,4840 791,4841 791,4842 791,4843 870,4843 871,4844 872,4844 873,4844 873,4845 874,4847 991,4846 992,4847 1435,4847 1436,4846 1436,4845 1438,4843 1441,4843 1442,4844 1609,4843 1610,4844 1611,4844 1613,4846 1613,4847 1613,4847 1704,4847 1707,4849 1707,4850 1707,4851 1822,4851 1823,4850 1823,4818 1824,4817 1825,4817 1826,4816 1826,4812 1827,4811 1827,4810 1827,4810 1844,4810 1845,4810 1845,4811 1847,4814 1848,4814 1849,4814 1849,4815 1851,4818 1852,4818 1853,4818 1853,4846 1853,4847 2013,4846 2014,4846 2014,4804 2014,4803 2015,4803 2018,4801 2018,4800 2018,4799 2019,4799 2020,4798 2041,4798 2042,4799 2308,4799 2309,4798 2323,4798 2326,4800 2326,4801 2326,4802 2327,4802 2329,4803 2329,4847 2329,4848 2462,4847 2464,4849 2464,4850 2465,4851 2696,4851 2697,4850 2697,4803 2698,4802 2699,4802 2701,4800 2701,4799 2701,4799 2718,4799 2720,4800 2720,4801 2720,4802 2824,4801 2825,4802 2830,4802 2832,4804 2832,4805 2833,4806 2834,4806 2836,4808 2836,4816 2840,4820 2840,4828 2841,4829 2842,4829 2843,4830 2843,4831 2844,4832 2845,4832 2847,4834 2847,4849 2847,4849 2948,4849 2950,4847 2953,4850 2953,4851 2953,4851 3033,4851 3035,4853 3035,4854 3036,4855 3345,4854 3346,4854 3346,4853 3347,4851 3442,4851 3444,4853 3444,4854 3444,4854 3600,4854 3601,4853 3601,4830 3602,4829 3604,4829 3605,4829 3605,4830 3606,4832 3607,4832 3609,4833 3609,4842 3609,4843 3610,4843 3613,4845 3613,4853 3614,4855 3615,4855 3616,4855 3616,4857 3614,4859 3478,4859 3478,4860 3478,4861 3476,4862 3455,4862 3455,4863 3455,4869 3453,4870 3452,4870 3451,4872 3451,4873 3449,4874 3448,4874 3448,4875 3448,4932 3446,4934 3332,4934 3331,4935 3331,4959 3330,4960 3310,4960 3309,4961 3309,4962 3305,4966 3305,4970 3304,4971 3303,4971 3302,4972 3302,4973 3300,4975 3299,4975 3298,4976 3298,4977 3296,4979 3292,4979 3290,4981 3290,4982 3290,4982 3289,4982 3288,4983 3276,4984 3274,4986"/><TextEquiv index="1"><Unicode>toute mon ame; je lui donnai à manget</Unicode></TextEquiv></TextLine><TextLine id="r0_l024"><Coords points="2871,5174 2870,5173 2785,5174 2781,5170 1538,5172 1538,5172 1538,5171 1537,5170 1111,5171 1111,5171 1111,5169 1110,5168 795,5169 795,5168 795,5162 794,5162 214,5163 213,5162 213,5160 213,5159 215,5159 216,5158 794,5157 795,5156 795,5121 794,5121 720,5121 720,5121 720,5120 719,5119 717,5117 716,5117 716,5117 715,5115 715,5114 594,5114 592,5113 592,5112 591,5110 549,5110 547,5109 547,5108 546,5106 541,5106 539,5105 539,5104 538,5102 537,5102 536,5102 536,5097 535,5095 534,5095 533,5095 533,5094 532,5093 532,5085 531,5083 530,5083 528,5082 528,5076 528,5076 477,5076 476,5075 476,5073 478,5072 479,5072 479,5071 479,5070 481,5069 532,5068 532,5068 532,5062 533,5061 535,5061 536,5060 536,5059 538,5057 539,5057 539,5057 539,5056 541,5054 542,5054 543,5053 543,5048 545,5046 546,5046 547,5045 547,5044 548,5043 549,5043 550,5042 554,5042 554,5042 554,5041 556,5039 564,5039 566,5037 566,5036 567,5035 573,5035 573,5035 573,4988 575,4986 576,4986 577,4985 577,4984 579,4982 602,4982 604,4984 1649,4982 1650,4984 1650,4985 1652,4986 1653,4986 1654,4988 1654,4993 1655,4993 3038,4990 3039,4991 3357,4990 3357,4991 3357,4992 3358,4993 3360,4994 3361,4994 3361,4995 3361,4997 3362,4997 3420,4997 3421,4999 3421,5001 3422,5002 3422,5054 3423,5054 3432,5054 3433,5056 3433,5057 3434,5057 3435,5057 3436,5059 3436,5060 3437,5061 3437,5091 3438,5091 3450,5091 3452,5094 3452,5095 3453,5095 3454,5095 3455,5097 3455,5098 3456,5098 3457,5098 3459,5101 3459,5108 3458,5109 3458,5113 3457,5114 3456,5114 3456,5115 3455,5116 3455,5117 3454,5117 3453,5117 3451,5120 3451,5121 3450,5121 3449,5121 3447,5124 3447,5125 3446,5125 2915,5126 2915,5127 2915,5154 2913,5155 2907,5155 2907,5156 2907,5170 2906,5170 2905,5170 2901,5174"/><TextEquiv index="1"><Unicode>de mon pain. Il me parut très-apprivoiſé.</Unicode></TextEquiv></TextLine><TextLine id="r0_l025"><Coords points="3175,5365 3174,5364 3174,5362 3174,5362 2836,5362 2835,5361 2539,5362 2538,5361 2537,5361 2536,5360 1853,5362 1852,5361 1851,5361 1848,5358 1754,5358 1751,5355 467,5358 464,5355 464,5351 466,5350 472,5350 472,5349 472,5182 473,5181 549,5180 550,5180 550,5178 551,5177 551,5175 551,5174 552,5174 555,5172 555,5171 555,5170 794,5170 795,5169 801,5169 802,5169 802,5170 802,5171 1382,5170 1384,5171 1384,5172 1384,5173 1552,5172 1554,5174 1555,5174 1556,5175 2313,5174 2314,5174 2314,5175 2315,5177 2322,5177 2323,5178 2750,5177 2751,5178 2752,5178 2753,5178 2753,5189 2753,5190 3206,5189 3207,5189 3207,5190 3207,5191 3209,5193 3210,5193 3211,5193 3211,5215 3211,5216 3330,5215 3331,5216 3331,5234 3331,5234 3446,5234 3448,5236 3448,5237 3449,5238 3454,5238 3455,5239 3455,5244 3456,5245 3457,5245 3459,5247 3459,5255 3456,5257 3455,5257 3455,5258 3455,5301 3454,5301 3453,5301 3451,5304 3451,5308 3449,5309 3448,5309 3448,5310 3448,5311 3445,5313 3437,5313 3436,5315 3436,5316 3435,5316 3185,5317 3185,5317 3185,5363 3184,5365"/><TextEquiv index="1"><Unicode>J'en avois déjà apprivoiſé quelques - uns</Unicode></TextEquiv></TextLine><TextLine id="r0_l026"><Coords points="3321,5558 3320,5558 3320,5505 3320,5504 3235,5505 3234,5505 3234,5551 3234,5552 3233,5552 3230,5554 3230,5555 3230,5556 3196,5556 3195,5557 3192,5554 3192,5553 3192,5553 3191,5553 3189,5551 3189,5500 3189,5500 2995,5500 2994,5501 2994,5514 2993,5515 2992,5515 2991,5516 2990,5517 2990,5518 2989,5519 2988,5519 2986,5521 2986,5522 2985,5523 2980,5523 2979,5524 2979,5525 2977,5527 2976,5527 2975,5528 2975,5529 2974,5530 2970,5530 2967,5533 2967,5534 2967,5534 2965,5534 2963,5533 2963,5532 2962,5530 2958,5530 2956,5529 2956,5500 2956,5499 2593,5500 2592,5500 2592,5536 2591,5538 2574,5538 2573,5539 2573,5549 2573,5549 2481,5549 2479,5548 2479,5498 2479,5497 2368,5497 2366,5499 2357,5500 2356,5499 2356,5498 2355,5497 2190,5497 2189,5496 1799,5497 1798,5496 1663,5496 1661,5495 1661,5494 1661,5493 1457,5493 1456,5492 1345,5493 1342,5490 1342,5489 1342,5489 1123,5489 1121,5491 1121,5492 1120,5493 1048,5493 1047,5492 932,5493 929,5490 929,5489 929,5489 917,5489 913,5485 692,5485 689,5488 689,5489 689,5489 609,5489 607,5488 607,5487 606,5485 567,5485 566,5485 566,5484 565,5482 561,5482 560,5481 537,5481 535,5480 535,5479 532,5476 532,5474 533,5473 535,5473 538,5470 543,5470 543,5470 543,5446 545,5444 546,5444 547,5443 547,5438 548,5437 549,5437 551,5435 551,5430 552,5429 553,5429 554,5428 554,5424 557,5421 558,5421 558,5421 558,5420 560,5418 568,5418 570,5416 570,5415 571,5414 576,5414 577,5413 577,5412 579,5410 592,5410 592,5410 592,5363 593,5362 594,5362 596,5360 596,5359 597,5358 602,5358 603,5357 603,5356 605,5354 606,5354 607,5356 607,5357 609,5358 618,5358 618,5359 618,5360 619,5360 621,5362 622,5362 622,5363 622,5406 623,5406 684,5406 685,5407 853,5407 854,5406 993,5405 994,5406 1052,5406 1054,5409 1054,5410 1055,5410 1127,5410 1129,5413 1129,5414 1130,5414 1582,5413 1582,5413 1582,5369 1583,5368 1583,5367 1585,5365 1586,5365 1586,5365 1586,5364 1589,5361 1600,5361 1601,5363 1601,5364 1603,5365 1653,5365 1654,5367 1654,5368 1656,5369 1661,5369 1661,5370 1661,5371 1664,5373 1665,5373 1665,5374 1665,5379 1667,5380 1668,5380 1669,5382 1669,5387 1671,5388 1672,5388 1672,5389 1673,5390 1673,5391 1674,5391 1675,5391 1676,5392 1676,5393 1677,5394 1677,5413 1678,5414 1747,5414 1748,5415 1748,5416 1750,5418 1811,5418 1811,5418 1811,5419 1813,5421 1817,5421 1818,5422 1819,5422 1819,5422 1819,5423 1821,5425 1980,5424 1980,5424 1980,5375 1982,5373 1983,5373 1984,5372 1984,5371 1986,5369 2013,5369 2014,5368 2014,5367 2016,5365 2058,5365 2062,5361 2069,5361 2071,5364 2071,5365 2072,5365 2073,5365 2074,5367 2074,5418 2075,5418 2368,5417 2369,5418 2674,5418 2674,5417 2674,5375 2675,5374 2675,5373 2676,5373 2677,5373 2678,5371 2678,5370 2680,5369 2693,5369 2693,5369 2693,5370 2696,5373 2697,5373 2697,5373 2697,5413 2698,5414 2801,5414 2806,5419 2806,5420 2807,5421 2823,5420 2824,5421 2876,5421 2877,5423 2877,5424 2879,5425 2880,5425 2881,5426 2881,5427 2881,5428 2883,5429 2884,5429 2884,5430 2885,5431 2885,5432 2887,5433 2888,5433 2888,5434 2888,5435 2889,5436 2889,5444 2890,5444 2914,5444 2915,5446 2915,5469 2917,5470 3113,5470 3113,5469 3113,5447 3114,5446 3114,5444 3115,5444 3116,5444 3117,5442 3117,5438 3120,5436 3121,5436 3121,5435 3121,5434 3123,5433 3127,5433 3129,5430 3129,5429 3130,5429 3135,5429 3136,5427 3136,5426 3138,5425 3143,5425 3144,5423 3144,5422 3146,5421 3213,5421 3214,5422 3357,5421 3357,5421 3357,5383 3360,5380 3368,5380 3369,5382 3369,5383 3371,5384 3372,5384 3372,5385 3372,5386 3375,5388 3380,5388 3380,5389 3380,5394 3382,5395 3383,5395 3384,5397 3384,5406 3385,5406 3386,5406 3388,5409 3388,5421 3389,5421 3453,5421 3454,5422 3455,5422 3455,5423 3455,5424 3457,5425 3458,5425 3459,5427 3459,5428 3461,5429 3462,5429 3463,5431 3463,5440 3464,5440 3465,5440 3466,5442 3466,5480 3467,5481 3467,5483 3466,5484 3466,5485 3466,5485 3465,5485 3463,5487 3463,5491 3461,5493 3460,5493 3459,5494 3459,5499 3458,5500 3454,5500 3451,5503 3451,5504 3451,5504 3332,5504 3331,5505 3331,5558 3331,5558"/><TextEquiv index="1"><Unicode>de cette manière. Il me quitta, après</Unicode></TextEquiv></TextLine><TextLine id="r0_l027"><Coords points="2359,5747 2358,5746 2345,5746 2344,5745 2230,5745 2230,5744 2230,5714 2229,5714 2213,5714 2213,5713 2213,5711 2212,5711 2211,5711 2210,5710 2198,5710 2197,5709 1365,5711 1364,5710 1358,5710 1357,5708 1357,5680 1356,5680 1077,5680 1074,5677 1002,5677 1001,5676 552,5677 551,5676 551,5675 549,5673 548,5673 547,5672 547,5667 546,5666 545,5666 543,5664 543,5615 544,5613 552,5613 555,5611 555,5610 555,5609 556,5609 558,5608 558,5607 558,5606 559,5606 560,5605 564,5605 566,5604 566,5603 566,5602 567,5602 568,5601 572,5601 573,5601 573,5600 574,5598 623,5598 627,5594 798,5594 799,5593 798,5547 801,5545 816,5545 817,5546 817,5547 819,5549 820,5549 821,5550 821,5553 822,5554 1289,5553 1291,5555 2126,5553 2127,5555 2127,5556 2128,5556 2132,5556 2133,5557 2751,5556 2752,5557 2753,5557 2753,5557 2753,5558 2755,5560 3331,5558 3331,5559 3332,5609 3332,5609 3389,5609 3391,5611 3391,5613 3391,5613 3416,5613 3418,5615 3418,5616 3419,5617 3420,5617 3421,5618 3421,5619 3422,5620 3422,5639 3422,5639 3476,5639 3477,5640 3477,5641 3479,5643 3480,5643 3481,5644 3481,5646 3482,5647 3482,5648 3481,5649 3481,5650 3480,5650 3479,5650 3478,5652 3478,5656 3470,5664 3470,5665 3470,5665 3701,5665 3703,5666 3703,5667 3701,5669 3418,5669 3418,5670 3418,5679 3416,5680 3415,5680 3414,5682 3414,5687 3412,5688 3411,5688 3410,5690 3410,5691 3408,5692 3407,5692 3406,5694 3406,5695 3405,5695 3404,5695 3403,5696 3132,5697 3132,5697 3132,5732 3131,5733 3130,5733 3126,5737 3007,5737 3007,5738 3007,5745 3006,5745"/><TextEquiv index="1"><Unicode>avoir reſté, avec moi, près d'un quart-</Unicode></TextEquiv></TextLine><TextLine id="r0_l028"><Coords points="1338,5918 1338,5917 1338,5917 1337,5917 1335,5915 1335,5914 1335,5914 1334,5913 1333,5913 1331,5911 1331,5894 1331,5894 1130,5894 1129,5894 1129,5893 1128,5892 1128,5869 1128,5868 1025,5868 1024,5868 1024,5867 1022,5864 1014,5864 1013,5863 616,5864 614,5863 614,5862 614,5861 572,5861 569,5859 569,5858 569,5857 568,5857 565,5855 565,5854 565,5853 560,5853 558,5852 558,5851 558,5850 557,5849 556,5849 554,5848 554,5847 553,5845 552,5845 551,5845 551,5822 549,5819 548,5819 547,5819 547,5813 548,5812 553,5812 555,5810 555,5809 556,5808 557,5808 558,5807 558,5803 566,5795 566,5794 566,5793 575,5793 577,5792 577,5791 578,5789 587,5789 588,5789 588,5788 590,5785 594,5785 595,5785 595,5741 596,5740 596,5738 596,5737 597,5737 600,5735 600,5734 600,5733 703,5733 705,5735 705,5736 706,5737 711,5737 712,5738 712,5782 712,5782 1296,5781 1297,5780 1297,5772 1299,5770 1300,5770 1301,5769 1301,5767 1300,5767 1186,5767 1185,5766 1185,5764 1185,5763 1303,5763 1305,5761 1305,5760 1306,5759 1307,5759 1308,5758 1309,5757 1309,5756 1310,5755 1529,5754 1530,5754 1530,5746 1531,5744 1532,5744 1534,5743 1534,5738 1534,5737 1596,5737 1597,5736 1598,5737 1600,5737 1601,5738 1601,5739 1603,5741 1604,5741 1605,5742 1605,5793 1605,5793 2084,5792 2085,5792 2085,5751 2086,5750 2086,5749 2086,5748 2087,5748 2089,5747 2089,5746 2089,5745 2090,5744 2091,5744 2093,5743 2093,5742 2093,5741 2094,5741 2095,5740 2105,5740 2106,5741 2107,5741 2108,5742 2108,5743 2109,5744 2229,5744 2230,5745 2234,5745 2235,5746 2358,5746 2359,5747 2385,5746 2387,5748 2388,5748 2389,5749 2389,5785 2389,5785 2391,5785 2393,5787 2393,5800 2393,5800 2996,5799 2997,5799 2997,5750 2998,5748 2999,5748 3000,5747 3001,5747 3001,5746 3001,5745 3007,5745 3010,5748 3108,5748 3110,5749 3110,5750 3111,5752 3112,5752 3114,5753 3114,5754 3114,5755 3115,5755 3117,5756 3117,5799 3117,5800 3186,5800 3187,5801 3362,5800 3364,5801 3365,5801 3365,5802 3365,5803 3367,5804 3461,5804 3469,5812 3470,5812 3470,5813 3470,5860 3471,5860 3630,5860 3631,5861 3631,5863 3631,5864 3630,5864 3628,5865 3628,5866 3627,5868 3475,5868 3474,5869 3474,5874 3470,5878 3470,5879 3470,5879 3454,5879 3451,5882 3451,5883 3451,5883 3359,5883 3358,5882 3179,5883 3177,5881 3177,5880 3176,5879 2853,5879 2852,5878 2376,5879 2374,5878 2374,5877 2374,5876 2373,5876 2372,5875 2145,5876 2144,5875 2143,5875 2142,5874 2142,5872 2142,5872 1911,5872 1910,5872 1910,5871 1909,5870 1909,5869 1908,5867 1381,5869 1380,5869 1380,5870 1379,5872 1344,5872 1343,5872 1343,5918 1341,5921"/><TextEquiv index="1"><Unicode>d'heure, &amp; il me laiſſa un vuide en</Unicode></TextEquiv></TextLine><TextLine id="r0_l029"><Coords points="2450,6127 2449,6126 2449,6125 2448,6124 2223,6125 2222,6124 2218,6124 2218,6123 2218,6093 2217,6093 2161,6093 2161,6092 2161,6074 2160,6074 764,6077 764,6077 764,6109 763,6110 757,6110 757,6110 757,6109 756,6108 566,6108 566,6108 566,6107 563,6104 559,6104 556,6101 555,6101 555,6101 555,6100 554,6099 553,5985 553,5984 552,5984 551,5984 551,5982 553,5980 554,5980 554,5980 554,5979 556,5977 568,5977 570,5975 570,5974 571,5973 794,5973 794,5972 794,5971 797,5969 1192,5968 1192,5968 1192,5938 1195,5935 1196,5935 1196,5935 1196,5934 1198,5932 1466,5931 1466,5931 1466,5930 1468,5928 1473,5928 1474,5927 1474,5926 1475,5925 1476,5924 1477,5924 1477,5924 1477,5923 1479,5921 1480,5921 1481,5920 1487,5920 1489,5923 1489,5924 1490,5924 1491,5924 1493,5927 1493,5928 1494,5928 1751,5928 1751,5928 1751,5929 1752,5930 1752,5934 1754,5936 2091,5935 2092,5936 2485,5935 2491,5942 2491,5943 2492,5943 2745,5943 2746,5944 2746,5945 2748,5947 2753,5947 2753,5947 2753,5948 2756,5951 2757,5951 2757,5951 2757,5954 2758,5955 3176,5954 3177,5955 3177,5984 3178,5985 3450,5984 3452,5987 3452,5988 3453,5988 3454,5988 3455,5990 3455,5991 3457,5992 3458,5992 3459,5994 3459,5995 3460,5995 3461,5995 3463,5998 3463,5999 3464,5999 3469,5999 3470,6001 3470,6002 3472,6003 3473,6003 3474,6005 3475,6052 3475,6052 3476,6052 3478,6054 3478,6069 3475,6071 2694,6073 2694,6073 2694,6100 2693,6101 2693,6103 2692,6104 2691,6104 2690,6105 2457,6105 2457,6106 2457,6126 2455,6127"/><TextEquiv index="1"><Unicode>partant. Le lendemain, il m'amena un</Unicode></TextEquiv></TextLine><TextLine id="r0_l030"><Coords points="2065,6311 2063,6310 2063,6309 2062,6307 2061,6307 2059,6306 2059,6288 2059,6287 949,6290 948,6290 948,6295 948,6296 924,6296 922,6297 922,6298 922,6299 921,6299 920,6300 902,6300 900,6298 900,6297 899,6296 560,6296 558,6295 558,6294 557,6292 556,6292 554,6291 554,6268 556,6266 557,6266 558,6265 558,6170 559,6168 564,6168 566,6167 566,6128 566,6127 571,6127 573,6126 573,6125 574,6123 700,6123 701,6123 701,6117 701,6116 702,6116 705,6114 705,6113 705,6112 710,6112 712,6111 712,6110 713,6108 721,6108 723,6110 764,6110 771,6117 1408,6116 1409,6117 1652,6116 1654,6118 1654,6119 1654,6119 1655,6119 1658,6122 1658,6125 1658,6125 2222,6124 2225,6127 2226,6127 2228,6129 2980,6127 2981,6128 3386,6127 3387,6128 3387,6129 3389,6131 3390,6131 3391,6132 3391,6137 3392,6138 3393,6138 3395,6140 3395,6176 3395,6176 3454,6176 3455,6177 3455,6178 3456,6179 3467,6179 3468,6180 3469,6180 3470,6181 3470,6182 3471,6183 3472,6183 3474,6185 3474,6186 3475,6187 3476,6187 3477,6188 3477,6189 3479,6191 3479,6191 3480,6191 3481,6192 3481,6193 3483,6195 3483,6195 3484,6195 3485,6196 3485,6202 3485,6202 3517,6202 3519,6203 3519,6208 3518,6209 3517,6209 3515,6211 3515,6249 3513,6251 3478,6251 3478,6252 3478,6253 3475,6255 3471,6255 3470,6257 3470,6258 3469,6258 3464,6258 3462,6261 3462,6262 3462,6262 2747,6264 2745,6266 2736,6266 2735,6266 2735,6267 2733,6270 2357,6271 2356,6271 2356,6275 2355,6277 2354,6277 2352,6278 2352,6279 2351,6281 2350,6281 2348,6282 2348,6283 2348,6284 2347,6284 2344,6286 2344,6287 2344,6288 2335,6288 2333,6289 2333,6290 2332,6292 2128,6292 2127,6293 2127,6298 2125,6300 2109,6300 2108,6301 2108,6306 2107,6307 2072,6307 2071,6308 2071,6309 2069,6311"/><TextEquiv index="1"><Unicode>joli petit ſerein, qui, au milieu de</Unicode></TextEquiv></TextLine><TextLine id="r0_l031"><Coords points="2724,6314 3040,6314 3040,6514 2724,6514"/><TextEquiv index="1"><Unicode>Av</Unicode></TextEquiv></TextLine></TextRegion></Page></PcGts>