4266 8093
2042 569 2798 851 io
738 848 3914 1044 ſon petit ramage, répétoit: „Mon petit
929 1044 3906 1237 “Céſar, mon petit Céſar.“ Ce mot
929 1235 4197 1426 me frappa. Quelle Divinité propice à
734 1430 4143 1620 mes vœux, enſeignoit mon nom à ce
925 1619 3902 1813 petit animal? Il y avoit donc, à Lyon,
925 1809 3948 2008 quelqu'un qui s'intéreſſoit à moi; mais,
921 2005 3902 2192 comment deviner qui ce pouvoit être?
661 2195 3906 2395 Il falloit, du moins, tirer parti de ce
864 2387 3707 2586 que je voyois, de ce que j'entendois.
1113 2578 4178 2778 Le malheureux petit ſerein ne vouloit
914 2776 3902 2967 pas venir dans ma main, comme le
672 2961 3902 3163 moineau; mais il s'arrêtoit ſur le bord
913 3156 3895 3349 du ſoupirail. Afin qu'il apprît à ſon
906 3340 3906 3531 maître ou à ſa maîtreſſe où j'étois, je
902 3531 4139 3703 me mis à contrefaire le chant de l'oiſeau,
906 3730 3906 3918 &, au milieu de ſon ramage, je répé-
906 3917 3906 4119 tois: „Dans une cave Céſar, dans une
887 4112 3868 4310 “cave; ſuis l'oiſeau, ſuis l'oiſeau.“
1063 4300 3895 4500 Le petit ſerein m'écoutoit avec beau-
891 4491 3902 4687 coup d'attention, & je m'apperçus qu'il
673 4683 4059 4888 eſſaya de chanter la même choſe que
891 4878 4166 5078 moi. Il n'en put venir à bout le premier
757 5073 3894 5274 jour; mais, les jours ſuivans, il revint,
856 5260 4120 5465 & je lui répétai tant mon refrain, qu'à
871 5456 3887 5659 la fin il l'apprit, & le chanta auſſi bien
871 5659 1610 5850 que moi.
963 5838 3879 6045 Ces paſſe - temps m'adouciſſoient un
870 6036 3879 6240 peu la captivité; cependant je conti-
871 6236 3864 6424 nuois de creuſer dans le mur. Le tenon,
