4266 8059
635 7 1537 104 -- -
1736 604 2225 829 nn
488 828 3566 1035 qui attachoit ma chaîne, commençoit
156 1025 3474 1228 à s'ébranler, & je comptois pouvoir l'ar-
423 1215 3711 1406 racher ſous moins de vingt- quatre heures;
497 1407 3475 1603 alors mon deſſein étoit de profiter, pour
377 1602 3535 1798 ſortir, du moment où mon Geolier
504 1792 3547 1989 entreroit, pour m'apporter ma foible
500 1987 3471 2183 pitance. Je voulois me tenir près de la
186 2182 3513 2378 porte, quand il l'ouvriroit, le laiſſer
500 2377 3490 2571 entrer, ſortir avant qu'il m'eût apperçu,
496 2568 3490 2760 & l'enfermer à mon tour, ſi je pouvois;
10 2656 3692 3151 ean peoier, oeplot, plu e l' nei iumse,
10 3144 3788 3338 huit hommes profitèrent du moment où
10 3333 3474 3604 j'étois profondément endormi. Ils en-
492 3528 3566 3719 trèrent doucement, ſans m'éveiller; & je
492 3715 3470 3903 ſentis bientôt qu'on me bandoit les yeux, &
404 3910 3585 4142 qu'on me lioit les mains. Je m'éveille, je
488 4101 3493 4293 veux crier, on me met un bâillon, &,
446 4291 3482 4488 avant que je ſois bienéveillé, je ſuis garotté
492 4483 3742 4687 de manière à ne pas pouvoir faire le moin-
492 4678 3482 4877 dre mouvement. Dans cet état déplora-
355 4854 3463 5069 ble, je ſuis enlevé, empaqueté dans une
477 5063 3780 5233 voiture, & bientôt deſcendu dans une
217 5256 3474 5455 autre maiſon, & dans une autre cave, où
454 5443 3543 5655 je ſuis enchaîné de la même façon que
156 5641 3555 5845 dans la première. Voilà le travail de
481 5837 3490 6028 trois mois perdu. Il en faut recommen-
247 6040 3474 6235 cer un nouveau, plus pénible que le
328 6223 3482 6483 premier; &, pour me rendre tous mes
2634 6430 3036 6622 A vie
