4266 7916
961 860 4169 1061 agrémens, il me faut apprivoiſer une
964 1046 3861 1239 nouvelle ſouris, une nouvelle araignée.
961 1235 4158 1425 Heureuſement, on trouve de ces petits
962 1430 4193 1608 animaux par-tout; mais mes chers oiſeaux,
953 1611 3850 1824 ſur leſquels je fondois tant d'eſpérances,
954 1801 2574 1987 qui me les rendra?
973 1978 3861 2183 Mes ongles avoient beau repouſſer,
853 2171 3839 2361 ils s'uſoient par le violent exercice de
943 2362 4174 2734 e onlee de ooers anmamoomooreenn
805 2733 3839 2922 cachot, me délivra de cet inconvé-
942 2921 3861 3122 nient, & me fit creuſer bien plus vîte,
691 3108 2020 3290 dans la pierre.
1117 3289 3835 3480 J'aurois dû être plus envenimé, plus
905 3478 3839 3669 déſeſpéré, dans ce ſecond gîte, que
946 3664 3831 3858 dans le premier. Je m'y ſentois, au
931 3852 3824 4044 contraire, plus gai. Le jour, qui perçoit
920 4039 3831 4421 lait, qe j ipirois , q ui peiuitroi
816 4407 3991 4787 lſſuaeaaue, u ſerlbl r pla au p ee
786 4785 4128 4980 parfumé que ci - devant. J'entendois le
916 4971 3805 5163 chant de beaucoup plus d'oiſeaux. Quel-
831 5160 3813 5350 quefois je voyois tomber, à mes pieds,
909 5348 3798 5541 des fleurs que le vent m'apportoit. En-
857 5536 3813 5731 fin tout m'apprenoit que j'étois à la cam-
898 5729 4002 5918 pagne. Bientôt je fis un creux, que je
901 5911 3809 6105 maſtiquai avec la poudre que je faiſois
905 6100 3976 6308 tomber du mur, en le râclant. Je noir-
