4266 7957
1731 669 2150 834 .
496 885 3514 1082 ciſſois, le plus que je pouvois, ce maſtic,
250 1072 3398 1267 afin qu'il me fît un petit baſſin plus
500 1267 3398 1456 ſombre, & que l'eau, que j'y verſois,
504 1450 3413 1641 répétât mieux les objets. Alors je vis
388 1633 3526 1828 la ſcène extérieure, & je m'aſſurai que
489 1824 3417 2012 j'étois réellement à la campagne. Mais
485 2012 3402 2391 ee u eouis que quelques ſeoilages;
489 2385 3417 2591 j'étois donc enfermé dans un ſépulchre
501 2580 1107 2734 ifolé.
485 2762 3428 2958 J'eus bientôt une ſouris & une araignée.
485 2955 3413 3141 J'eus même auſſi une couleuvre, qui vint
279 3140 3645 3329 ſe gliſſer juſques chez moi, & qui s'at-
504 3327 3428 3512 tacha à moi. Je me rappelois les Contes
152 3510 3435 3696 des Fées, qui nous apprennent que ces
507 3696 3421 3887 auguſtes Magiciennes ſont changées, un
493 3884 3421 4073 jour de la ſemaine, en couleuvre, &
452 4071 3432 4259 j'aimois à me figurer que j'avois une
485 4257 3417 4445 Fée, qui venoit me viſiter ſous cette
496 4441 3421 4633 forme. Toute cette compagnie ne me
283 4632 3765 4824 délivroit pas de ma priſon. Je chantois
190 4822 3525 5013 toujours; j'imitois le chant des oiſeaux;
201 5010 3421 5204 ils venoient ſe percher ſur le bord de
500 5197 3436 5388 mon ſoupirail; mais aucun n'oſoit en-
508 5387 3439 5579 trer. Enfin un moineau, plus hardi que
212 5574 3738 5773 les autres, deſcendit juſqu'à moi. Je
496 5761 3413 5958 crus le reconnoître pour celui que j'a-
496 5951 3424 6147 vois vu dans mon autre priſon. Il me
149 6138 3525 6334 fit, à ſa manière, mille careſſes, qui
