4266 7814
2272 671 2650 836 ra
1055 880 4222 1076 m'annonçoient qu'il me reconnoiſſoit de
1054 1070 3954 1256 ſon côté. Je crus devoir profiter de ſa
890 1253 4126 1441 viſite. J'éguiſai, ſur ma chaîne, un petit
1051 1439 4181 1625 morceau de bois; je le rendis pointu;
922 1621 3896 1806 je me piquai avec mon épingle, &
864 1806 3896 1993 j'écrivis, avec ma pointe & mon ſang,
1044 1989 4167 2178 ſur un morceau de papier trouvé dans
1040 2169 3333 2364 ma poche, ce peu de mots:
1044 2359 3892 2548 „Je ſuis enfermé dans une cave, ſous
1036 2546 3888 2732 “une maiſon iſolée, à un quart de
1033 2730 3896 2918 “lieue de Lyon, du côté de la Croix-
1025 2913 4013 3111 “Rouſſe. Ames généreuſes, délivrez un
1011 3096 4013 3280 “innocent qui ſouffre. César De Per-
924 3281 2280 3442 LENCOUR.“
1022 3463 3921 3652 J'avois bien ſenti de quel côté on
1025 3646 3943 3836 m'avoit conduit, & le chemin qu'on
1000 3833 3874 4017 avoit fait. Je ſavois donc à-peu-près où
1018 4013 3874 4200 j'étois. D'ailleurs, il m'avoit été facile
1011 4192 3877 4385 de ſentir qu'on m'avoit fait monter la
1003 4379 4105 4574 montagne de la Croix - Rouſſe. J'avois
1007 4562 4064 4760 donc eu des lumières ſuffiſantes pour
681 4749 4116 4941 indiquer ma demeure. J'attachai mon
948 4936 3873 5123 très-petit billet, écrit très-fin, à la patte
1003 5122 3863 5312 de mon moineau; un petit bout de fil,
974 5307 3859 5494 que j'arrachai du bas de ma chemiſe,
996 5490 3855 5683 me ſervit pour cela. Je lâchai l'oiſeau
996 5667 3862 5882 & j'attendis; mais, ô Dieu! il ne parut
981 5864 1616 6073 plus.
1176 6047 4079 6267 J'étois confondu. J'avois fondé, ſur
