4266 7947
1745 623 2173 811 r
314 843 3429 1035 cet oiſeau, & mon petit écrit, l'eſpoir
536 1031 3744 1223 de ma délivrance, & je ne le voyois
532 1218 3459 1414 plus revenir. Bientôt il m'arriva encore
532 1406 3433 1603 un plus grand malheur. On ne m'apporta
528 1594 3436 1975 oir iimmanieas e o elile uii dee
509 1969 3440 2145 “mourir de faim, me diſois - je,“ &
518 2161 3441 2342 j'étois abattu, & je deſirois réellement la
513 2348 3440 2540 mort. J'étois couché ſur la terre. Je reſtois
513 2534 3452 2731 immobile, je fermois les yeux. Je me
509 2723 3444 2919 plaiſois à imiter la triſte repréſentation
247 2907 3448 3105 d'un cadavre, à me figurer que je ſe-
509 3098 3478 3276 rois bientôt réellement dans ce malheu-
514 3291 1261 3464 reux état.
551 3470 3463 3660 Tout-à-coup j'entends une douce voix
307 3654 3710 3846 qui deſcend par mon ſoupirail, & me
502 3842 3448 4036 ctie: „Ah! cher Céſar, es-tu ici?“ O
502 4029 3425 4221 ciel! ô douce voix! je crois reconnoître
502 4213 3448 4405 celle de ma chère Levrette. Cet organe
505 4401 3448 4581 enchanteur me ranime. Je me leve avec
498 4588 3425 4783 un doux treſſaillement. „Oui, ma chère
505 4780 3436 4964 “Levrette, m'écriai-je, je ſuis ici en-
495 4965 3482 5156 “fermé. Il y a deux jours que je n'ai
490 5155 3440 5350 “ni bu, ni mangé.“ -- „Ah! mon
490 5343 3444 5543 “cher ami, reprend mon ange tuté-
498 5530 3440 5726 “laire, qu'eſt-ce que j'apprends? Tiens,
487 5718 3429 5917 “voilà tout ce que je puis te donner
483 5909 3433 6105 “pour le moment; reprends courage,
130 6101 3422 6300 “je vais travailler pour ta délivrance.“
