4266 7888
1886 473 2505 671 i.
985 675 4137 876 C'étoit le damnable Chevalier Marqué.
763 874 3854 1068 „Ah, monſtre! m'écriai-je,“& ſou-
977 1063 3862 1255 dain je le rouai de coups, avec ma
978 1245 4080 1438 chaîne; je le mis tout en ſang, & le
4095 1356 4267 1540 t
948 1430 3921 1626 laiſſai preſque pour mort ſur la place.
940 1619 3858 1809 Fier d'être vengé, j'allois ſortir. Tout-
970 1804 4010 1997 à-coup je vois fermer la porte à double
666 1990 3851 2180 tour. „Ah, ſcélérats! mécriai-je, ſi vous
963 2178 3847 2375 “refuſez de m'ouvrir, je vais achever
655 2362 3847 2553 “ce coquin, & je n'en ſortirai pas
955 2549 3850 2743 “moins.“ -- „Ah! mes amis, dit-
966 2742 3843 2929 “il, d'une voix mourante, de grace,
662 2924 3851 3109 “ouvrez-lui, où il va finir de m'aſſaſ-
744 3113 3839 3299 “ſiner.“ -- On eſt allé chercher
926 3294 3973 3480 “main - forte, lui répondit - on.“ Ce-
944 3478 3839 3671 pendant, à grands coups de chaîne, je
952 3665 4151 3871 frappois ſur la ſerrure; je vins à bout
940 3854 3836 4047 de la faire tomber. J'ouvre, je ſors fu-
937 4039 3847 4229 rieux. Toute la maiſon fuit devant moi;
729 4220 3839 4411 mais la Garde ou plutôt la Maréchauſſée
929 4410 3840 4599 arrive à l'inſtant; on me trouve chargé
926 4599 3869 4777 de chaînes, avec un cercle de fer autour
937 4784 3995 4975 du corps; on voit l'indigne Marqué
926 4970 4117 5165 couché ſur la terre, baigné dans ſon
933 5155 3825 5341 ſang, qui m'accuſe de l'avoir aſſaſſiné;
937 5347 4114 5538 on me met la main ſur le collet;j'ai
933 5530 3828 5731 beau proteſter que je ſuis innocent; qu'on
929 5717 3828 5915 m'a traité de la manière la plus indigne,
917 5908 4099 6108 que je demande juſtice. „On vous la
