4266 7502
1112 686 4105 876 Cependant on me tira de mon cachot,
921 875 4111 1052 & je me vis libre comme les autres
1037 1047 4048 1223 Priſonniers; je reſpirai du moins; je
1072 1219 3802 1400 revis le ciel, &, de cet adouciſſement
853 1392 3805 1572 à mon ſort, je conclus que mes affaires
850 1571 4115 1927 ooei ed uui s aee l cſanaree eu
1065 1926 3815 2107 maines. J'appris que ma mère s'étoit
1072 2099 4111 2278 rétablie du coup qu'elle avoit reçu de
1075 2278 3816 2461 mon père; je bénis le ciel, de cette
1068 2454 3812 2630 nouvelle; mais on m'affligea, en me
1073 2631 4112 2803 diſant que les chers auteurs de mes
787 2806 3819 2987 jours avoient été enlevés, & ſans doute
1075 2982 4153 3159 enfermés dans une priſon royale. On
1061 3154 3886 3335 ignoroit pour quelle raiſon. Le Chevalier
829 3332 3893 3502 Marqué étoit reſté maître de la mai-
1068 3506 3819 3686 ſon, & l'on ſent ſi le voleur s'y oublioit.
1086 3675 3819 3840 C'étoit, ſans doute, à l'occaſion de
998 3858 3819 4035 l'enlèvement de mon père & de ma mère,
1079 4030 3826 4210 qu'on avoit paſſé deux jours ſans m'ap-
1068 4208 3819 4388 porter ma pitance. L'indigne Marqué
737 4382 4128 4561 s'étoit plû, depuis, à me faire languir
1089 4558 3939 4740 dans les fers. Le monſtre rétabli, pour
1093 4737 4111 4919 mon bonheur ou mon malheur, étoit
1001 4913 4110 5092 encore dans notre maiſon, ſoumiſe à ſes
1086 5092 1972 5265 dépradations.
1082 5264 4097 5449 Cependant je ne voyois point arriver
1072 5440 4135 5624 l'inſtant de ma liberté. Il y avoit déjà
1072 5621 4150 5803 environ neuf mois que je languiſſois
3855 7281 4186 7369 -
