4266 7725
2117 887 2589 1052 .
782 1093 4101 1283 je voyois auſſi ſon image ſanglante, éché-
843 1279 4140 1467 velée. Ma ſœur y joignoit ſes mânes
1054 1459 3844 1641 plaintifs. Oreſte, entouré des Furies,
1047 1644 3883 1823 n'étoit pas plus tourmenté que moi par ces
1043 1819 3833 2002 ombres gémiſſantes, dont les longs cris
1054 1998 4069 2182 perçoient juſqu'à moi dans le ſilence des
1043 2177 3461 2357 nuits, ſous les voûtes ſouterraines.
1058 2352 4051 2543 Il ne me fut plus poſſible de ſupporter la
789 2531 3865 2721 vie. Il falloit que je ſortiſſe d'eſclavage,
1029 2717 3822 2899 pour aller délivrer mes amantes, ou que je
1022 2896 3815 3077 me délivraſſe de cette vie odieuſe. Com-
1015 3077 3815 3256 ment faire? Je n'avois point d'armes. Si
775 3250 3808 3433 j'euſſe eu ſeulement un piſtolet, j'aurois
1008 3429 4055 3612 pu forcer le Geolier, peut-être, de m'ou-
1004 3608 4044 3794 vrir. Sans ce foible ſecours, dans un
986 3789 3801 3973 moment de déſeſpoir, j'en fis l'inutile
997 3969 3801 4153 tentatiye. Je fondis ſur lui, je le pris
918 4144 3797 4305 au collet. Je le ſerrai d'une manière à
990 4319 3794 4510 l'étouffer. „Malheureux! m'écriois-je,
993 4498 3779 4666 “rends-moi tes clefs.“ Les Priſonniers
882 4677 3987 4864 me regardoient faire, & battoient des
979 4859 3772 5044 mains. Il eſt certain que, s'il avoit été
975 5038 4005 5227 ſeul, je ſerois venu, ſans peine, à bout
972 5220 3762 5407 de lui; mais ſes garçons me tiroient,
961 5399 4023 5628 de toutes leurs forces, par les cheveux;
954 5582 3991 5776 je fus obligé de me retourner contr'eux;
954 5761 3797 5946 j'en terraſſai trois, &, ſi je n'euſſe eu
954 5943 3876 6128 que ces quatre ennemis, je ſerois encore
943 6118 3733 6304 ſorti victorieux; mais il vint bientôt main-
