4266 7685
1196 890 4127 1081 Sur-le-champ, j'envoyai chercher mon
1186 1076 4059 1264 ami Dumoulin, qui ne ſe trouva pas
1193 1261 3984 1446 dans le moment à Lyon, non plus que
1182 1439 3973 1619 nos autres amis. Vous êtes, ſans doute,
870 1620 3989 1786 tous en vacance. Vous vous êtes amuſés,
1183 1797 3971 1975 tandis que votre ami ſouffroit d'horribles
1068 1981 4091 2161 tourmens. J'avois ſouvent penſé à vous
1175 2160 3981 2344 tous, mes chers camarades, pendant ma
1058 2319 4087 2524 longue captivité dans ma patrie. „Hélas!
1157 2522 3970 2701 “me diſois-je, mes amis ne ſavent pas
1165 2701 4002 2884 “que je ſuis ſi malheureux, & que je
1154 2879 3966 3061 “ſuis ſi près d'eux. Ah! s'ils le ſavoient,
1157 3057 3959 3236 “ils voleroient à mon ſecours.“ Hé bien,
1165 3233 4055 3418 ce n'eſt point vous, qui étiez pourtant à
1136 3414 3970 3599 Lyon, où je gémiſſois, ce n'eſt point
1147 3595 3966 3774 vous qui avez entendu ma voix plaintive
1172 3777 3959 3959 & qui m'avez ſecouru, c'eſt ma chère
1001 3952 3959 4141 Levrette, qui, de cent lieues, a été frap-
1076 4123 3956 4339 pée dé mes cris étouffés ſous la terre, &
1075 4308 3952 4511 qui eſt accourue pour me rendre la vie &
1129 4483 2045 4676 la liberté.
1068 4647 3949 4851 Nous avons fait, tête-à-tête, un ſouper
1140 4855 3939 5036 charmant, ne nous tenant que des pro-
1136 5035 3938 5221 pos entrecoupés; mais délicieux. J'ai ra-
1065 5214 3924 5396 conté à Levrette tout ce que j'avois
1115 5395 3924 5587 ſouffert; elle a verſé de douces larmes,
1118 5575 3917 5766 qui ont coulé juſqu'au fond de mon
1090 5752 3906 5946 cœuri Je l'ai priée, à ſon tout, de me
1118 5928 3909 6155 faire le récit de tout ce qu'elle a fait
