4266 8124
30 735 3349 936 fils, n'en eſt pourtant pas encore morte.
10 920 3395 1160 Je veux lui donner tous mes ſoins quand
10 1113 3260 1324 je ſerai à Lyon; car il ne faut pas laiſſer
10 1302 3291 1521 périr, comme cela, de ſi bonnes dupes,
10 1498 3545 1715 auprès deſquelles il y a tant à gagner,
10 1687 3437 1896 avec ſi peu de peine. Je pars dans deux
10 1880 2481 2116 jours; je t'écrirai aſſidûment.
31 2242 3284 2479 .S
1025 2627 2613 2821 Le même à la même.
2338 2964 3245 3134 Lyon.
262 3168 555 3287 L
238 3282 3264 3490 Je ſuis arrivé à Lyon, ma belle ſcélé-
230 3483 3410 3676 rate; j'y ai trouvé le vieux couple, auſſi
226 3660 3268 3878 ſot que ci - devant. Ils tenoient encore
68 3869 3260 4068 leur fils dans leur-cave; mais ils alloient
223 4057 3260 4267 l'en tirer. Je ſuis arrivé à temps pour
222 4254 3256 4451 empêcher cette ſottiſe. La mère eſt déjà
33 4443 3437 4651 aſſez bien rétablie. Elle pleure beaucoup
37 4636 3437 4837 ſur le ſort de ſon fils. Je la conſole; je
37 4807 3244 5038 lui témoigne le plus tendre intérêt pour
72 5029 3237 5233 ce fils chéri, que je retiens, par mes
211 5218 3522 5442 conſeils, en lieu de sûreté, & auquel on
199 5414 2994 5630 peut appliquer cette épitaphe connue:
220 5777 2710 5970 Hic requieſcit humi, dum requieſco domi.
601 5982 2725 6163 Ci gît Céſar; ah! qu'il eſt bien,
605 6186 2286 6329 Pour ſon repos & pour le mien:
2043 6336 2736 6552 Bi
