4266 8017
1492 463 2020 729 (.
408 721 3653 938 vouloit encore, à cette occaſion, déli-
400 930 3368 1123 vrer le Priſonnier. J'ai encore paré ce
47 1120 3364 1333 coup. J'ai fait conduire M. Céſar dans
408 1310 3360 1515 une autre cave, à la campagne; la Juſtice
404 1506 3364 1697 eſt venue & n'a rien trouvé. Levrette
408 1693 3387 1863 continue de nous tailler, comme on dit,
54 1893 3372 2091 de l'ouvrage. Nous verrons qui l'empor-
56 2083 3379 2276 tera, de cette petite imprudente, ou
401 2269 3599 2481 d'un vieux Renard comme moi, qui ai de
397 2473 1569 2673 l'expérience.
393 2852 2113 3091 a
2463 2874 3587 3061 Le.
423 3220 3282 3454 Frédégonde, au Chevalier Marqué.
2409 3550 3318 3760 Paris.
74 3793 3368 4182 Nous avons obtenu la lettre de ca-
71 4182 3368 4379 chet néceſſaire pour faire arrêter le couple
79 4371 3375 4567 imbécille. Ces gens doivent être glorieux
94 4557 3364 4758 de ſe voir érigés en Priſonniers d'Etat.
382 4751 3372 4954 Ils ſeront arrêtés ſous peu de jours; on
276 4951 3372 5148 te conſultera pour recevoir, de toi, des
112 5137 3538 5366 renſeignemens. Tu parleras comme il
109 5323 728 5474 faut.
420 5524 3387 5731 Quand nous ſerons maîtres de cette
151 5713 3375 5924 maiſon, nous tirerons parti, en conſcience,
385 5899 3705 6119 de notre ſituation. Il eſt indiſpenſable
143 6092 3364 6301 de garder toujours bien exactement l'en-
2231 6311 3024 6488 Biv
