4266 8191
2306 545 2935 779 .
943 812 4020 1024 fant de la maiſon, qui voudroit faire le
920 1016 4097 1216 méchant. Travaille, fais toi honneur,
866 1211 4089 1409 malheureux, pour obtenir de la confi-
1004 1403 4147 1626 dération parmi les honnêtes - gens de
1000 1605 2236 1799 notre ſociété.
997 1987 3967 2184 n
1001 2383 3994 2598 Le Chevalier Marqué, à Frédégonde.
3131 2705 3680 2932 Lyon.
977 3157 4078 3360 e couple imbécille eſt arrêté, ma
993 3341 4082 3545 Générale. Nous voilà maîtres de la maiſon.
977 3533 4101 3737 Ne nous oublions pas. Tu viendras faire
985 3732 3986 3933 un tour ici, pour y jouir de ton triomphe
701 3928 3993 4122 & du mien. Si tu ſavois combien ces
970 4120 4036 4319 pauvres gens ont été ſtupéfaits de ſe voir-
977 4315 4058 4512 arrêtés, comme Priſonniers d'Etat; rien
977 4511 3990 4701 de ſi niais & de ſi innocent qu'eux. Ils
993 4700 3993 4897 ne comprenoient pas un mot de l'accu-
793 4891 3993 5087 ſation formée contr'eux. Ils ſe recom-
973 5090 4074 5287 mandoient à moi. Je leur ai promis tout
962 5282 4116 5485 mon appui. Ils m'ont recommandé, bien
977 5478 4031 5679 tendrement, leur fils. Je leur ai donné
966 5674 3978 5878 ma parole, que j'en aurois le plus grand
805 5866 4112 6072 ſoin; en effet, je veillerai bien aſſidû-
966 6061 4055 6283 ment pour qu'il ne puiſſe s'échapper de
967 6262 2036 6473 nos mains.
376 7981 1120 8058 .-
