4266 8264
838 34 1169 169 L
1020 889 4083 1111 j'ai bonnement ouvert; à peine a-t-il vu
1020 1105 4079 1306 ma tête, qu'il s'eſt précipité ſur moi;
985 1300 4075 1506 il m'a terraſſé, &, avec ſa malheureuſe
845 1499 4098 1693 chaîne, il m'a roué, & mis tout en
1020 1693 4196 1899 ſang. Il a un bras de fer. Que n'étois-
1024 1889 4086 2088 tu là, ma chère amie? je te deſire tou-
1016 2084 2789 2282 jours auprès de moi.
1207 2274 4087 2479 Heureuſement, nous avons gagné du
774 2473 4079 2677 temps. Nous avons fait avertir la Maré-
1020 2668 4086 2875 chauſſée, qui l'a happé. Il eſt hors de nos
1016 2863 4109 3061 mains; mais il eſt dans celles de la Juſtice.
1012 3058 4161 3283 Nous pourrons y perdre; mais il n'y
1012 3307 1916 3459 gagnera pas.
1113 3414 4188 3646 Cependant je ſuis tonjours le maître
844 3638 4079 3838 de la maiſon; mais j'y ſuis au lit. D'au-
1016 3833 4067 4033 tres voleurs pourront à préſent nous
716 4032 4137 4239 piller. Accours, ma chère amie, pour
1008 4230 4079 4433 y prendre en main nos intérêts; nous
1008 4418 4063 4616 ne ſerons pas de long - temps ſi bien à
700 4608 4071 4811 même de réparer le délabrement de
1008 4815 2037 4964 notre fortune.
1004 5216 4091 5423 i
1200 5550 4008 5797 Frédégonde, au Chevalier Marqué.
1063 5950 1217 6088 L
1000 5984 4102 6196 An! pauvre imbécille! que tu m'as
739 6183 4059 6393 fait rire! Que ta figure maigre devoit
778 6383 4184 6592 être comique, lorſqu'en avançant niai-
