4266 8192
1992 641 2688 910 .
766 886 4244 1130 pour ne pas trop nous allumer & nous
967 1114 2566 1314 envenimer le ſang.
963 1280 4243 1501 J'avois, dans mes bras, ma chère
944 1493 4243 1702 Levrette. Elle étoit ma bienfaitrice, ma
944 1686 4243 1898 reine, ma divinité; mais je devois ſonger
944 1883 4243 2086 à la tendre Aurore, qui alloit périr ſans
951 2077 4243 2282 doute du dernier ſupplice, à la vertueuſe
932 2260 4243 2480 Laure, qui ſouffroit peut-être autant &
944 2454 4243 2667 auſſi injuſtement. Il falloit voler au ſe-
940 2656 4243 2866 cours de ces deux adorables victimes, ſi
781 2852 4243 3073 tourmentées pour moi. Je voulois courir
944 3050 4242 3256 à franc - étrier pendant toute la nuit;
959 3239 4243 3441 mais j'étois accablé de fatigue. Levrette
948 3431 4243 3634 obtint, de moi, que je ne partirois qué
613 3627 4243 3822 le lendemain matin. Je devois auſſi mes
963 3820 4243 4023 ſecours à mon père & à ma mère, enfermés
947 4017 4243 4216 ſans que je ſuſſe pourquoi. J'étois aſſuré
955 4212 4242 4429 de leur innocence; mais j'ignorois ce
936 4401 4243 4617 qu'on leur imputoit. Quoi qu'il en ſoit,
948 4595 4243 4804 je différai mon départ juſqu'au lende-
940 4781 4243 5000 main, à la pointe du jour. Quoique
940 4939 4243 5191 fatigué, je ſentois que je ne pourrois
955 5178 4243 5401 fermer l'œil, de la nuit. Je dis à ma
824 5373 4243 5596 chère Levrette: „O! mon adorable amie,
653 5566 4242 5794 “je ſens toutes les obligations que je
781 5767 4244 5977 “t'ai; mais je les ſentirai encore mieux,
940 5961 4243 6171 “quand je ſaurai le détail des efforts
673 6156 3956 6364 “que tu as tentés pour moi. Fais moi
932 6356 3945 6547 “ce récit enchanteur, ma chère amante.
19 8069 576 8187 ---
