4266 8445
1627 689 2296 945 .
47 937 3484 1161 “Ta voix pénétrera dans mon cœur;
39 1156 3160 1356 “& m'enlèvera dans les cieux.“
454 1356 3587 1560 “Mon cher ami, répondit Levrette,
43 1547 3543 1760 ce que j'ai fait eſt bien loin de ce que je
326 1751 3635 1961 voulois faire, & j'en ſuis payée par le
35 1951 3527 2155 plaiſir que j'ai de l'avoir fait. Je ſavois
111 2154 3429 2359 que tu étois parti de Paris pour une
310 2346 3432 2558 ſcélérateſſe; oui, mon ami, pour une
326 2545 3451 2757 ſcélérateſſe. J'aurois bien voulu pouvoir
190 2749 3507 2961 te détourner de ce mauvais parti; je te
294 2940 3420 3161 ſuis attachée, parce que tu es né bon.
51 3148 3523 3355 Ce ſont les mauvais conſeils qui t'ont
35 3340 3500 3744 oon ooi e ſes par ds ſant pas de toi
298 3739 3416 3948 “Je te ſavois donc parti pour une
59 3934 3420 4146 mauvaiſe action, & je ne te voyois point
190 4134 3655 4342 revenir. J'ai vu que le Chevalier Marqué
278 4333 3408 4537 eſt parti pour Lyon. Il arrivoit ſouvent
35 4524 3415 4737 à Frédégonde des lettres de ce pays.
47 4729 3487 4940 „Ces coquins - là! me diſois - je, tra-
43 4918 3396 5141 “vaillent, dans cette ville, à quelque
47 5113 3459 5339 “ſombre manœuvre. C'eſt la patrie de
55 5323 3739 5541 “mon petit Céſar. Il y eſt peut - être
43 5518 3727 5741 “enfermé.“ J'appris que M. de Ly-
43 5714 3547 5922 ſange, avoit ramené ſa fille à Paris. On
258 5926 3483 6138 répandoit ſourdement, qu'il l'avoit ren-
55 6114 3487 6345 fermée dans ſa cave. „Voilà ce que
243 6325 3429 6545 “c'eſt, me dis - je, les deux pères ſe
238 6521 3360 6756 “ſeront donné le mot pour s'emparer,
