4266 8227
1025 905 4173 1133 “chacun de ſon enfant, & l'enfermer
1075 1122 2712 1312 “dans ſa cave.“
1079 1257 4099 1510 “Sur-le-champ je pris la poſte, &
1064 1489 4103 1691 j'arrivai à Lyon ſous deux fois vingt-
1064 1683 4099 1893 quatre heures. En arrivant, je m'informai
1072 1884 4126 2090 de ce qui regardoit M. de Perlencour.
1002 2066 4111 2280 J'appris qu'il étoit très-connu, & qu'il
1067 2267 4103 2477 avoit fait périr ſa fille, pour rendre ſon
920 2465 4153 2672 fils plus riche; mais que le fils...... Au
1068 2659 4138 2850 reſte, mon bon ami, on ne ſavoit ce
754 2850 4157 3251 luleeene, que ſon pen laaoi fai eu
708 3236 4142 3438 fermer. Je rencontrai un jour le Che-
1067 3429 4107 3628 valier Marqué; il détourna les yeux;
1010 3623 4107 3828 mais je m'apperçus que mon aſpect l'avoit
1041 3816 1916 4020 déconcerté.
1273 4010 4111 4210 “J'avois envie de m'inſinuer chez
1064 4200 4115 4407 M. de Perlencour le père; mais je ſen-
1079 4397 4126 4597 tois que le vilain Chevalier le prévien-
1083 4587 4157 4786 droit contre moi, & que je n'y ſerois
1002 4780 4134 4980 pas reçue. Je regardois par le ſoupirail
1075 4974 4103 5177 de ſa cave; mais je n'y pouvois rien ap-
990 5172 4130 5377 percevoir. J'avois un petit ſerein, à qui
1040 5368 4107 5573 j'avois appris à dire, mon petit Céſar;
1029 5563 4103 5769 je l'avois apporté avec moi; il me quit-
1013 5756 4107 5960 toit tous les jours, & revenoit me ré-
1083 5954 4115 6349 uie lues dHtiaes, qui fai ampar dit
1071 6337 4107 6566 clairement cette phraſe: „Dans une
