4266 8204
2275 514 2685 700 n
1012 730 4138 942 que mon cher Céſar en étoit privé.
1202 926 4134 1131 “Enfin j'ai eu le bonheur d'obtenir
1009 1123 4026 1327 ta liberté, & d'aller moi-même te tirer
1009 1326 4049 1527 de priſon. Je te tiens à préſent dans mes
1001 1511 4053 1701 bras, & nous devrions être au comble
1001 1716 4030 1911 du bonheur; mais nous n'y ſommes pas,
997 1906 4053 2108 puiſque tu as encore des peines, & de
1005 2099 4057 2309 très-grandes peines. Permets-moi de t'ai-
777 2296 4042 2503 der, mon cher ami. Tâchons de déli-
912 2491 4057 2699 vrer cette pauvre petite Aurore, qui eſt
1005 2684 4065 2894 l'innocence & la beauté même; & cette
1001 2877 4072 3086 noble Laure, qui eſt ſi honnête & ſi
1005 3078 4064 3276 touchante. Ah! ſi nous pouvons les dé-
719 3268 4069 3467 livrer de leurs peines, que nous ſerons
1012 3461 4065 3659 heureux! & ton père & ta mère qui ont
1016 3647 4146 3857 été enlevés, je ne ſais pourquoi.... Ah!
1008 3844 4061 4049 mon cher ami, il faut les délivrer. Cela
1005 4041 4061 4245 te fera le plus grand honneur; mais
1005 4237 4076 4437 qu'eſt-ce que l'honneur?..... Il s'agit de
896 4428 4069 4629 faire ton devoir, & de ſoulager ton cœur
834 4621 1874 4757 filial.“
1047 4815 4146 5024 J'embraſſai, avec tendreſſe, ma bonne,
974 5016 4061 5215 mon excellente Levrette; mais quand j'y
993 5206 4069 5411 penſe, pourquoi l'appeller toujours de
885 5410 4099 5612 ce nom? C'eſt une vieille habitude. Elle
1028 5608 4192 5810 en porte un autre à préſent, c'eſt un de
1028 5790 4065 6005 ſes amans qui l'a forcée d'en changer, &
1039 5994 4069 6204 qui l'a baptiſée Madame de Mille-Fleurs;
1024 6184 4072 6393 je l'avois déjà fait avant lui. Pour élle,
