4266 8421
920 709 4169 973 “Ah! fuyez, répondit-il.“ -- „Je veux
920 964 4242 1170 “la défendre, m'écriai - je. Je vole à
633 1155 3763 1365 “ſon ſecours.“ Et j'y vole en effet.
1112 1330 4082 1535 J'arrive. Toute la ville étoit en l'air.
797 1550 4027 1767 On couroit; je ſuis la foule, en deman-
920 1754 4230 1965 dant, „qu'y a-t-il?“ On m'entraîne,
741 1957 4242 2360 le bis aenn p, s leor lbli intdomeer
900 2348 4026 2564 du ſupplice. Eſt-ce pour Aurore, ô ciel!
904 2551 4162 2767 Je ſens un poignard aigu, qui me perce
904 2750 4158 2963 le cœur. Je pouſſe un cri, & je tombe à
904 2946 4162 3149 la renverſe. On me ſoutient. L'ardeur de
788 3145 4190 3357 défendre mon amante m'empêche de
900 3352 4242 3555 tomber en défaillance. „Qu'eſt-ce, qu'eſt-
896 3555 4242 3759 “ce, m'écriai - je?“ -- „Hélas! me
892 3751 4242 3947 “dit -on, c'eſt une jeune fille, belle
892 3954 4242 4168 “comme le jour, qu'on accuſe d'avoir
593 4150 4242 4367 “fait périr ſon fruit. Elle a été trompée
617 4339 4242 4554 “par un malheureux....“ -- „Ah! je
880 4553 4146 4756 “ſuis ce malheureux! m'écriai - je. Je
892 4750 4226 4961 “viens la juſtifier, la ſauver.“ Je cours
900 4951 4214 5159 au Tribunal. Je vois, à la porte de la
621 5147 4242 5567 e ſ v mi parde q i ceel le mee pué
888 5548 4242 5777 cipite ſur elle. Je la ſerre dans mes bras.
876 5752 4011 5959 „Ah! ma chère Aurore!“ Elle me re-
892 5956 4070 6173 connoît, pouſſe un cri, & je la vois
904 6152 4222 6367 tomber dans un profond évanouiſſement.
908 6350 4226 6563 On l'arrache de mes bras. Elle étoit ſans
