4266 8812
2074 775 2861 984 5o
774 999 4159 1225 de me reconduire dans mon cachot; &,
798 1224 4126 1433 comme je fis de la réſiſtance, on m'y
896 1425 4147 1663 traîna par force. Il fallut douze hommes
888 1634 3270 1872 pour cette belle opération.
970 1831 4143 2060 Renfermé de nouveau dans l'horreur
700 2048 4151 2266 des ténèbres, je fus long-temps plongé
888 2257 4147 2471 dans le plus terrible déſeſpoir. Il n'y
880 2466 4147 2681 avoit pas d'apparence que mon amante
499 2672 4200 2889 eût échappé au ſupplice. Le Rapporteur
696 2880 4143 3092 s'accuſoit de l'avoir fait périr. D'ailleurs,
872 3085 4147 3298 on l'y conduiſoit, quand j'avois été ar-
876 3294 4175 3501 rêté, & elle auroit eu le temps, depuis
876 3499 4143 3710 ce moment-là, d'être exécutée cent fois.
876 3704 4147 3916 Elle avoit péri innocente, par un ſup-
872 3913 4139 4334 en aue se e geoioi ſe ſoa ioreree
528 4331 4131 4543 Elle gagnoit beaucoup à être réhabilitée!
868 4536 4126 4750 Ah! l'on ne devroit peut - être jamais ſe
536 4745 4131 4971 permettre de donner la mort. On ne de-
585 4950 4151 5157 vroit jamais faire, à un accuſé, un tort
864 5155 4143 5364 qu'on ne pourroit jamais réparer ſi l'on
663 5364 3242 5586 découvroit ſon innocence.
958 5548 4127 5778 Je paſſai deux jours dans l'état le plus
855 5774 4126 5988 affreux. J'interrogeois le Guichetier qui
847 5983 4086 6225 m'apportoit ma triſte pitance. Il refuſoit
786 6192 4081 6408 de me répondre; mais il ſe laiſſa gagner
499 6405 4102 6615 par le préſent de quelques louis. „otre
561 6602 4098 6826 “amante, me dit-il, n'a point été exé-
732 6794 4085 7052 “cutée. Quand elle s'eſt trouvé mal
