4266 8160
1056 985 4266 1195 rore avoit échappé au ſupplice; mais
1090 1193 4266 1389 qu'étoit - elle devenue? Les avides Chi-
992 1383 4267 1575 rurgiens s'étoient emparé d'elle. Etoit-
1087 1570 4267 1760 elle morte entre leurs mains? Avoient-
843 1760 4267 1959 ils oſé diſſéquer ce corps moulé par la
931 1953 4268 2153 main des Graces? ou bien vivoit-elle à
1086 2143 4268 2342 leur merci; & les monſtres n'uſoient-
1117 2326 4269 2552 ils point de violence, pour la faire ſervir
1178 2531 2353 2722 à leurs plaiſirs?
1364 2697 4269 2921 Le procès, qu'on me faiſoit, étoit ce
877 2908 4270 3104 qui m'inquiétoit le moins; j'étois beau-
1079 3095 4270 3291 coup plus tourmenté & indigné de celui
1159 3281 4271 3485 qu'on faiſoit à la belle perſonne, qui étoit
1071 3478 4271 3673 venue ſe livrer entre les mains de la
1109 3668 4272 3870 Juſtice, pour ſauver celle dont elle avoit
1112 3862 4272 4066 pris l'enfant. C'étoit elle qui avoit écrit
1151 4053 4272 4248 au Conſeiller-Rapporteur; &, ſi ce mal-
1147 4237 4273 4440 heureux eût lu ſa lettre, quand il l'avoit
973 4435 4273 4623 reçue, il étoit temps de ſauver l'inno-
1125 4619 4274 4816 cence. Il eût été cruel de faire périr
1144 4806 4274 5008 cette perſonne, qui avoit de l'ame. Le
946 4996 4274 5199 procès qu'on lui faiſoit me choquoit
1117 5194 4275 5390 donc juſtement. Le mien me gênoit au
1132 5380 4275 5581 moins autant, puiſqu'il me faiſoit retenir
1124 5574 4276 5770 en priſon, quand j'avois tant de beſoin
1113 5764 4276 5988 d'en ſortir, pour ſauver Laure, & Au-
1090 5958 2490 6149 rore elle-même.
1075 6125 4277 6347 J'étois abîmé dans les réflexions les
1102 6338 4277 6554 plus noires. Un matin je vis ouvrir la
