4266 8064
486 881 3418 1120 “homme, ſi tu n'en as pas beſoin, tu
494 1090 3426 1285 “donneras ta part à notre victime, en
520 1280 3528 1484 “cas qu'elle vive encore; car enfin,
310 1472 3437 1679 “elle n'a pas ſubi le ſupplice. Des Chi-
400 1656 3479 1866 “rurgiens l'ont enlevée; &, ſans doute,
177 1850 3467 2049 “elle eſt vivante; je le ſouhaite & je
154 2041 3433 2245 “l'augure. Je ferai, de mon côté, toutes
152 2230 3523 2426 “les recherches poſſibles, pour la dé-
160 2417 3438 2617 “couvrir, & la faire jouir de ſa liberté,
166 2608 3437 2804 “& de ſa réhabilitation. Je ſuis guéri de
505 2800 3437 2999 “ma folle paſſion. C'eſt à préſent la pure
198 2976 3441 3186 “vertu du repentir, la ſeule convenable
325 3178 3445 3375 “à un coupable, qui me conduit. O
186 3358 3775 3552 “Dieu! quel plaiſir, ſi je puis lui faire
201 3547 3441 3739 “du bien, & diminuer un peu le poids
179 3737 3197 3929 “inſupportable de mon crime!“
524 3909 3437 4117 Hélas! que dire? Ce malheureux étoit
501 4108 3445 4305 bien coupable; mais moi, l'étois-je moins
314 4296 3452 4488 que lui? Sa réparation étoit bien foible;
276 4486 3445 4671 mais moi, je n'avois pas les moyens d'en
464 4674 3449 4869 faire aucune. Je ne répondis, au Ma-
505 4862 3613 5061 giſtrat, que par mes ſoupirs, & par
194 5053 3456 5248 quelques mots entre-coupés. Je le con-
250 5244 3448 5439 jurai, ſur-tout, de faire les plus exactes
494 5435 3437 5631 recherches, pour trouver notre victime,
194 5626 3760 5827 & de m'en vouloir bien mander le ſuc-
194 5807 3531 6018 cès, à une adreſſe que je lui donnai à
194 5998 3433 6209 Paris. Il me jura qu'il n'épargneroit au-
201 6193 3430 6396 cune démarche, pour notre ſatisfaction
2597 6397 3333 6578 Civ e
