4266 8517
835 834 4233 1045 mutuelle. J'aurois bien voulu reſter, pour
931 1044 4089 1251 faire les démarches moi - même; mais
951 1246 4085 1450 j'étois obligé de quitter ce pays, où la
955 1449 4173 1657 Juſtice m'auroit pourſuivi. Ma compagne
742 1650 4085 1851 reçut la bourſe du Magiſtrat. Il nous
851 1851 4093 2059 embraſſaen ſilence, & un homme nous
931 2049 4105 2256 conduiſit dans une allée ſouterreine, où
935 2256 4202 2464 il nous laiſſa. Nous avançâmes. Nous
758 2454 4201 2669 trouvâmes une porte entr'ouverte, qui
935 2655 4202 2869 nous conduiſit à un eſcalier, par lequel
610 2860 4238 3061 nous remontâmes à la lumière. Au bout
931 3059 4201 3272 de cet eſcalier, une allée nous conduiſit
923 3261 4242 3470 à une porte qui n'étoit pas fermée à la
922 3458 4242 3668 clef. Nous l'ouvrîmes aiſément, nous ſor-
903 3667 3394 3873 tîmes, & nous voilà libres.
1140 3860 4202 4069 „Hâtons-nous de ſortir de la ville,
915 4069 4189 4274 “me dit ma compagne. Informons-nous
774 4269 4065 4476 “ſeulement de la route de Paris.“ --
895 4470 4198 4675 „Je voudrois, lui répondis-je, voir au-
911 4671 4197 4878 “paravant les parens de ma déplorable
570 4869 4205 5069 “victime, qui ont quitté ce pays dou-
778 5065 4193 5280 “loureux, dont la vue doit leur être
899 5270 4213 5483 “inſupportable, pour aller s'établir dans
899 5475 4185 5685 “une campagne, à quelque diſtance de
907 5684 4181 5885 “ce lieu déplorable. Peut-être trouverai-
686 5889 4174 6095 “je leur fille chez eux; peut - être au
891 6089 4101 6295 “moins pourront - ils m'en donner des
903 6286 4177 6500 “nouvelles. Il me ſeroit affreux de
895 6487 4185 6713 “quitter cette malheureuſe contrée, ſans
3559 8287 4154 8413 .
