4266 7824
426 1055 3329 1214 “être inſtruit du ſort de l'adorable
539 1260 1345 1392 “Aurore.“
534 1373 3347 1572 „Hé bien! me dit Mademoiſelle Fa-
523 1608 3333 1789 “time, c'eſt le nom de ma compagne,
534 1786 3344 1967 “il faut donc vous ſuivre. Je ſerai bien
527 1962 3347 2156 “aiſe auſſi, moi - même, de ſavoir ſi
523 2150 3344 2339 “l'infortunée reſpire, puiſque j'ai eu
534 2327 3347 2521 “part au crime affreux, qui nous la
198 2520 1533 2675 “dérobe.“
700 2682 3365 2886 Je rencontrai un Priſonnier qui ve-
530 2877 3380 3062 noit d'être mis en liberté depuis quel-
201 3054 3394 3232 ques jours. C'étoit lui qui m'avoit appris
208 3235 3492 3420 que les parens d'Aurore s'étoient retirés
216 3416 3344 3598 à la campagne. Il parut enchanté de
335 3588 3351 3781 me voir libre. Je le priai de m'enſei-
527 3770 3347 3959 gner le chemin, qui conduiſoit à l'endroit
530 3951 3409 4132 où ſe trouvoient les infortunés que je
245 4132 3344 4314 cherchois. Il me l'enſeigna. „Vous pour-
241 4312 3351 4498 “rez auſſi, me dit - il, aller chez le
256 4490 3423 4689 “Curé du lieu. C'eſt un intime ami du
263 4671 3347 4852 “Confeſſeur qui a aſſiſté votre infortunée
534 4855 3347 5040 “victime. Ils ſont en correſpondance
274 5036 3344 5221 “de lettres, & peut-être le bon Moine
274 5217 3327 5405 “a-t-il écrit quelque choſe au Paſteur.“
679 5401 3477 5593 Je remerciai l'ex - Priſonnier, & je
296 5582 3571 5774 pris, avec Fatime, la route du village
295 5763 3344 5936 que nous cherchions. Nous rencontrâmes
306 5940 3470 6132 une voiture, qui ſe chargea de nous.
303 6106 3344 6320 Nous marchâmes toute la nuit, & nous
2506 6319 2799 6465 Cv
