4266 8065
1018 909 4198 1120 “elle eſt touchante, & contient des
1025 1119 4145 1311 “détails qui m'ont arraché des larmes.“
1225 1308 3960 1502 „Monſieur, lui répondis - je, vous
1010 1500 4149 1685 “m'obligerez infiniment; mais hélas!
1006 1689 4164 1883 “ſelon ce que je vois, cette lettre ne
1002 1881 4130 2070 “m'apprendra rien que je ne ſache déjà.
996 2071 4108 2260 “Peut - être les parens de l'infortunée
969 2259 4145 2451 “ſont-ils plus inſtruits. On m'a dit qu'ils
991 2447 3941 2636 “demeurent dans ce village. Je voudrois
985 2641 4139 2829 “pouvoir me préſenter à eux, ſous vos
984 2828 4115 3024 “auſpices.“ -- „Je les connois, reprit-
980 3017 4107 3209 “il, ces braves gens. C'eſt la probité
806 3205 3915 3394 “perſonnifiée; c'eſt le couple le plus
950 3387 4111 3587 “vénérable que je connoiſſe; mais hé-
961 3583 4058 3775 “las! leur malheur eſt égal à la ſupé-
897 3775 4070 3965 “riorité de leur mérite. Je vous y con-
957 3964 4081 4149 “duirai, ſi vous le voulez; mais ne
947 4153 4078 4346 “craignez-vous point que les plaies de
947 4346 3969 4512 “leur cœur ne ſe rouyrent en vous
674 4530 3907 4719 “voyant? Ah! vous leur avez été bien
927 4718 4077 4907 “funeſte; mais dînons; acceptez ma
938 4907 3941 5103 “ſoupe, Monſieur & Madame; pen-
934 5099 4058 5288 “dant le repas, nous cauſerons; nous
924 5293 4052 5474 “verrons ce qu'il y aura de mieux à
917 5481 4044 5670 “faire, & nous prendrons nos meſures
919 5673 2685 5858 “en conſéquence.“
938 5839 4032 6066 Nous acceptâmes l'invitation de ce
655 6054 4036 6251 digne Paſteur. Nous mangeâmes peu;
769 6246 4047 6446 mais, pendant le repas, nous parlâmes
