4266 8154
1062 935 4266 1170 J'ai été à portée de le voir, & c'eſt ce
1062 1155 4266 1376 qui me déchire le cœur. Un malheureux
1039 1352 4266 1549 jeune-homme, à-peu- près de ſon âge,
1046 1543 4267 1738 auſſi bien dans ſon ſexe, qu'elle dans
1046 1735 4267 1934 le ſien, avoit, de plus qu'elle, l'avan-
1039 1913 4268 2129 tage malheureux de la richeſſe. Sachant
714 2118 4268 2320 que la Demoiſelle ne vouloit voir que
1008 2312 4269 2527 des gens d'une condition conforme à
706 2505 4269 2715 la ſienne, il s'eſt déguiſé en bourgeois,
1050 2698 4269 2893 en artiſte; il a ſurpris, ainſi, les affec-
1039 2882 4270 3083 tions de l'innocente créature. Il lui a
1054 3080 4270 3296 rendu quelques ſervices, comme de la
1054 3270 4271 3474 délivrer d'une maiſon de proſtitution,
706 3463 4271 3658 où il paroît qu'il l'avoit miſe lui-même.
810 3654 4272 3853 Il l'a demandée en mariage. Ses parens
729 3847 4272 4068 ont cru la donner à un ange, & l'ont
1039 4040 4272 4246 livrée à un jeune ſcélérat, corrompu,
1012 4235 4273 4426 ſans doute, par d'abominables conſeils.
1046 4426 4273 4647 Il a dit qu'un de ſes protecteurs vouloit
1027 4610 4274 4825 qu'il fût marié dans un de ſes châteaux;
855 4805 4274 5004 il a conduit ces bonnes gens dans ce
1039 4999 4274 5196 château de perdition; il y a fait célébrer
710 5195 4275 5390 un faux mariage, par des valets déguiſés
698 5386 4275 5609 en Eccléſiaſtiques, & a laiſſé l'infortunée
1027 5585 3306 5779 enceinte pour ſon malheur.
1016 5749 4276 5979 “Bientôt il a été arrêté. Son hiſtoire
940 5967 4277 6204 ſeroit trop longue à détailler. Sa mal-
710 6154 4277 6377 heureuſe victime, arrivée à ſon terme,
679 6357 4277 6556 a mis au monde un fils très - bien-por-
