4266 8053
1718 564 2328 808 L(.
479 841 3454 1047 j'autois voulu pouvoir dérober à ſa deſ-
513 1046 3557 1237 truction! Quand elle a paru aux yeux du
183 1237 3584 1432 Public, j'ai entendu des ſanglots & des
180 1427 3451 1630 gémiſſemens; on eût dit que tout le
464 1618 3447 1809 peuple étoit condamné par le même
494 1805 3447 2005 arrêt. On maudiſſoit les Juges. On me-
460 1995 3576 2178 naçoit de mettre le feu à leurs maiſons,
147 2185 3710 2388 ſur-tout à celle du Rapporteur. La Garde,
483 2380 3443 2584 qui la conduiſoit, la plaignoit, & pa-
148 2570 3439 2769 roiſſoit diſpoſée à ſe la laiſſer enlever.
445 2761 3432 2963 Des jeunes-gens, qu'on dit Chirurgiens,
467 2951 3443 3146 ont profité de ces diſpoſitions. Ils ſe
109 3142 3439 3328 ſont précipités ſur la victime, & l'ont
448 3321 3702 3511 fait diſparoître. Les ſatellites ont à peine
109 3507 3432 3703 fait une ombre de réſiſtance; tout le
433 3698 3428 3893 peuple a ſecondé & béni, avec tranſ-
99 3888 3416 4085 port, les heureux raviſſeurs; & moi, de
96 4082 3424 4276 mon côté, j'ai rendu grace au ciel, qui
426 4269 3721 4462 venoit d'empêcher un crime. Cependant
104 4452 3416 4648 l'innocente créature étoit évanouie, &
97 4643 3420 4840 des aſſauts ſi forts & ſi cruels n'ont-ils
166 4829 3416 5032 pas pu trancher le fil de ſa vie? On ne
102 5016 3416 5225 ſait point encore ce qu'elle eſt devenue.
102 5214 3416 5414 Les Juges s'étant aſſurés de ſon inno-
90 5412 3409 5608 cence, ſe ſont hâtés de réhabiliter ſa
98 5601 3660 5803 mémoire. Je ſuis témoin de leurs re-
90 5786 3732 5984 grets ſincères; mais devoient-ils ſe fier
98 5972 3393 6188 au ſeul rapport d'un homme paſſionné;
106 6142 3603 6386 & la loi, qui condamne à la mort une
