4266 7853
1662 670 2260 896 o
144 938 3312 1135 -- „Je vous obéis, répondis-je, j'obéis
489 1125 3352 1319 “à ces gens auſſi vénérables que mal-
159 1308 3323 1507 “heureux. Je ſuis bien coupable, il
163 1491 3651 1670 “eſt vrai; mais ils ſont inexorables &
496 1674 3439 1877 “Dieu pardonne.“ Alors je me retirai,
503 1859 3337 2053 en ſoupirant, laiſſant le bon Paſteur
159 2046 3355 2242 bander leurs plaies & les ſoigner, em-
339 2230 3355 2600 e reele ai je rouunde e l ooiſo-
269 2598 3367 2789 lation auprès de Fatime. Le Curé vint
176 2781 3363 2969 nous rejoindre. Je lui fis mes excuſes,
182 2968 3458 3151 de l'avoir compromis ſi cruellement. „Je
185 3136 3381 3322 “vous plains, me dit-il; mais je dois
189 3319 3385 3507 “plaindre encore plus ces bonnes gens,
525 3498 3374 3688 “parce qu'ils ont beaucoup moins de
255 3687 3377 3878 “reſſources que vous, & qu'ils n'ont
255 3851 3395 4055 “aucunement mérité leur malheur. Ils
529 4050 3385 4240 “n'ont rien appris ſur leur fille, les
536 4233 3392 4423 “pauvres malheureux; c'eſt ſans doute
208 4415 3670 4608 “une conſolation pour eux, de ce qu'elle
215 4595 3392 4785 “a pu échapper au ſupplice, & de ce
222 4780 3443 4976 “que ſon honneur eſt réhabilité; mais
566 4964 3403 5154 “ils croient qu'elle n'exiſte plus, puiſ-
566 5147 3549 5340 “qu'elle ne leur a pas donné de ſes
573 5329 3626 5528 “nouvelles. Attendons celles que doit
573 5517 3414 5701 “nous apporter notre Courier.“ Il ne
573 5699 3593 5893 tarda pas à revenir. Il ne nous apporta
584 5881 3494 6097 qu'un billet cruel, qui ne nous apprenoit
295 6064 3173 6288 rien. Telle en étoit la ſubſtance.
