4266 7858
149 930 3232 1128 Je lui donnai une adreſſe, & le priai
134 1120 3269 1308 de me mander, à Paris, tout ce qu'il
201 1311 3544 1693 ouele e lui li ue giun ſauiis
142 1670 3239 1876 pour aider les parens de cettei adorable
398 1861 3272 2052 fille, en cas qu'ils euſſent quelques be-
145 2044 3269 2241 ſoins; & je partis enfin avec la belle
395 2235 3496 2437 Fatime, qui commence à m'être chère.
391 2425 3522 2613 Si elle fait impreſſion ſur mon cœur,
318 2605 3588 2800 c'eſt qu'il me ſemble que j'en fais ſur
387 2770 3287 2987 le ſien. Ses regards-me peignent le plus
391 2976 3287 3161 tendre intérêti Cette fille paroît avoir
156 3151 3294 3335 de l'ame. Cependant nous avons fait
4027 3266 4271 3462 L
164 3335 3294 3522 pluſieurs lieues ſans nous parler. Nous
153 3514 3412 3683 étions abſorbés, chacun, dans nos médi-
171 3701 3283 3890 tations douloureuſes. Elle me pria de
186 3888 3368 4076 lui prêter le portrait, que j'avois fair
186 4049 3525 4259 moi-même, de ma chère Aurore; elle
391 4255 3269 4440 le contemploit douloureuſement, & elle
223 4416 3500 4625 verſoit des torrens de larmes. „Ah!
402 4602 3544 4810 “que je ſuis coupable, diſoit-elle! Ah!
402 4804 3269 4997 “que vous devez m'abhorrer!“ -- „Ma
190 4988 3280 5185 “chère Fatime, lui ai - je répondu, je
189 5167 3324 5369 “ſuis plus coupable que vous. J'oſe de-
226 5358 3470 5721 i l a a oe iaei, uus ae i
211 5735 3573 5923 “un nom tout-à-fait turc; cependant
204 5915 3305 6110 “vous êtes françoiſe.“ -- „Oui, ſans
230 6091 3243 6297 “doute, répondit-elle; mais, quoique
