4266 8118
1617 595 1991 777 (
440 901 3459 1122 L
772 1240 3215 1542 Ln Me.
1735 1587 2124 1694 N
615 1663 1717 1835 a
1030 1922 3033 2123 Seconde Liasse.
627 2347 3223 2584 Céſar de Perlencour, à Dumoulin.
140 2647 3383 2920 C'est iinsiue Fatime me
627 2910 3377 3158 raconT So Histoire.
463 3325 3425 3537 „Je ſuis née, dit-elle, en Picardie, dans
440 3531 3402 3725 une condition très obſcure, pour aller faire,
224 3721 3394 3912 en Aſie, le tourment du Grand Sophy
437 3911 3204 4121 de Perſe; c'eſt bien pire que celui
424 4115 3402 4369 Qu'on avoit fait venir d'Amiens pour être Suiſſe.
334 4383 3409 4599 J'eus de bonne heure un amant, que
159 4595 3409 4790 j'aimai, comme il eſt d'uſage, & plu-
159 4783 3512 4977 ſieurs autres que je n'aimai pas, comme
459 4970 3508 5185 il eſt auſſi d'uſage, quand on n'eſt pas
463 5160 3394 5362 d'une figure tout - à - fait déſagréable.
425 5354 3444 5565 Tous mes amans plurent à mes parens,
429 5545 3425 5754 & pas à moi; le ſeul que je goûtai
433 5731 3642 5996 ne leur plut pas. Ils me perſécutèrent,
170 5925 3622 6329 pour nre dure éaoaiſer ciſiepons lene
768 6284 1689 6512 Tome IV
2789 6328 2946 6528 D
