4266 8136
1148 726 4103 1102 le en veuul due doi
1154 1127 4090 1321 turel. Quand on eſt ſi peu d'accord, il
1150 1318 4094 1510 eſt tout ſimple qu'on ſe ſépare. Mes
1147 1505 4167 1705 parens ne paroiſſoient pas avoir envie
1147 1699 4094 1898 de quitter la maiſon paternelle, il fallut
1150 1890 4098 2089 donc que je la quittaſſe, moi pauvre
1150 2081 4102 2283 fille; je ne m'enfuis pas avec le ſeul
1154 2275 4117 2477 amant qui me plaiſoit; mais il me re-
1139 2462 4121 2861 ee ii iieeii dd e ſliree mii uue
834 2847 4113 3050 fille, qui a déſobéi à ſon père & à ſa
1131 3045 4110 3235 mère, doit-elle ſe flatter qu'un homme
1131 3225 4140 3429 lui obéira? J'avois pourtant fait mon
1135 3419 4159 3620 plan d'être extrêmement ſage, de n'a-
1131 3613 4117 3814 voir aucun commerce avec les hommes.
1127 3800 4117 4007 Hélas! je ſus bien me garder de celui
1128 3995 4136 4198 que j'aimois; mais je fus toujours la
1120 4193 3930 4390 proie de ceux que je n'aimois pas.
1147 4372 4117 4577 “Mignard, mon amant aimé, ne
1108 4571 4125 4765 pouvoir ſe réſoudre à me quitter tout-
1108 4761 4155 4957 à-fait; mais du moins il me reſpectoit,
1112 4956 4178 5151 & je ſavois le tenir à une juſte diſtance
1108 5146 4178 5346 de moi. De cette manière, j'étois ſage
1104 5341 4117 5539 avec lui; mais ce n'étoit pas aſſez pour
1101 5535 4113 5731 ma réputation. Il me ſuivoit toujours,
1093 5726 4102 5926 & paroiſſoit vivre avec moi. J'avois beau
1086 5920 4094 6115 changer de lieu, je levoy ois toujours
1067 6120 4118 6337 attaché ſur mes traces. Pour le dérouter,
