4266 7821
199 893 3208 1104 je m'aviſai de m'embarquer, ſans lui
384 1078 3368 1287 communiquer mon deſſein; il le devina.
159 1264 3183 1472 A peine eûmes - nous quitté la terre,
162 1446 3368 1649 que je vis paroître ce beau Monſieur.
162 1631 3179 1836 Il n'y avoit pas moyen de le renvoyer.
159 1812 1892 2043 Il fallut le ſouffrir.
468 1990 3186 2197 “Bientôt nous fûmes attaqués par
159 2183 3183 2376 un Corſaire, aventure que j'avois vue
333 2365 3194 2550 dans tous les Romans, & qui n'étoit
177 2543 3423 2743 que trop réelle à notre égard. Le ſieur
177 2728 3208 2922 Mignard fit de belles proueſſes; mais,
177 2910 3194 3108 malgré ſon courage, nous fûmes pris. Ici
246 3096 3364 3322 la ſéparation que j'avois toujours exigée,
181 3273 3295 3458 entre mon amant & moi, fut complette,
203 3456 3191 3640 & me déplut beaucoup. Le Capitaine
319 3633 3190 3826 Corſaire m'enferma dans ſa chambre,
381 3822 3223 4005 & mon bien-aimé fut enterré dans le
199 4004 3197 4192 fond de calle. Le Barbareſque me trouva
203 4186 3197 4371 très-ragoûtante, & il me parut très-hi-
206 4364 3197 4555 deux; cependant je ne pus me défendre
344 4545 3201 4735 de ſes odieuſes entrepriſes. Il eut d'in-
330 4731 3535 4937 fâmes miniſtres de ſes débauches, qui
370 4911 3197 5108 m'empêchèrent de lui réſiſter; & cette
359 5098 3198 5291 fleur virginale, que j'avois ſu conſerver
224 5280 3299 5466 avec tant de ſoin, que j'avois défendue
326 5454 3212 5663 des attaques d'un amant aimé, fut la
231 5639 3567 5847 proie d'un homme brutal & odieux, qui
243 5821 3230 6026 ne paroiſſoit pas en faire grand cas; &
380 6005 3324 6225 qui ne daigna pas jeter, ſur moi, un
2336 6203 2660 6383 Di
