4266 8050
429 814 3455 1033 de vouloir venger ſes épaules ſur moi,
233 1010 3583 1214 qui avois eu l'inſolence de faire ſourire
154 1199 3357 1402 Sa Hauteſſe. „Qu'on la déchire à coups de
188 1387 3357 1595 “verges, s'écria-t-elle.“ On ſe diſpo-
429 1563 3402 1772 ſoit à lui obéir; on me dépouilloit, &
418 1768 3357 1969 j'allois être dans le cas de crier & de
425 1953 3364 2153 faire la grimace, quoiqu'il ne fût plus
150 2145 3357 2350 queſtion de rire; car, au contraire, la
173 2345 3368 2544 Sultane grinçoit des dents. Je me re-
410 2534 3364 2725 commandois au ciel & à la terre. Tout-
153 2725 3364 2921 à-coup le Sultan reparut. „Je m'y atten-
180 2907 3360 3101 “dois, dit-il; je défends, ſous peine
142 3100 3364 3293 “de mort, qu'on faſſe aucun mal à cette
391 3277 3353 3494 “Sultane.“ Ce nom de Sultane, qu'il
395 3485 3353 3684 me donna, frappa tout le monde, & n
263 3680 3357 3878 pâlir ma rivale. Le ſoir, j'eus l'honneur
395 3869 3353 4063 du mouchoir; déplorable honneur qui
138 4062 3353 4257 me fit gémir, & que je priois le ciel
138 4250 3364 4432 de me faire éviter. On me conduiſit,
131 4439 3349 4628 toute en pleurs, au lit impérial. Sa Hau-
153 4624 3353 4821 teſſe fut ſurpriſe & indignée de mes
142 4797 3342 5015 larmes; cependant Elle m'honora de ſes
391 5011 3338 5208 auguſtes careſſes, que je regardois comme
387 5205 3455 5398 autant d'outrages. J'implorois, en ſecret,
131 5382 3327 5582 le ciel de me pardonner un crime dont
384 5582 3342 5782 je n'étois pas coupable, puiſque je ne
142 5766 2051 5952 pouvois m'y ſouſtraire.
565 5956 3330 6144 “Je vis que le Sultan vouloit faire,
138 6133 3625 6348 de moi, ſa favorite; mais ma froideur,
2173 6356 2924 6556 D iv
