4266 8764
2319 528 2839 780 ).
630 795 4167 1064 ou plutôt ma répugnance finit par le
676 1014 4171 1227 dégoûter de moi. Il dédaigna qui l'oſoit
1002 1220 4233 1435 dédaigner. Il fut même outré de me
989 1431 4187 1636 voir mépriſer & rejeter un honneur, qui
659 1636 4187 1843 étoit le but des vœux les plus ardens
647 1835 4179 1992 de toutes ſes autres femmes. „Elle n'eſt
841 2050 4233 2260 “pas digne d'être l'amuſement d'un
981 2252 4224 2459 “Sultan, s'écria-t-il;“ & il me donna,
974 2463 4172 2672 pour eſclave, à un petit Bacha, qui
820 2671 4175 2882 s'étoit diſtingué & méritoit des récom-
614 2875 4233 3086 penſes. Le Bacha me reçut, à genoux,
597 3085 4183 3295 de la main de ſon maître, & me fit
977 3292 4195 3503 conduire chez lui. J'y vis un eſclave
659 3494 4233 3701 fort bien mis & de bonne mine; il me
956 3708 4233 3924 reconnut; c'étoit mon amant. Nous nous
688 3919 4187 4132 précipitâmes dans les bras l'un de l'autre,
969 4125 4159 4341 malgré la préſence de notre maître;
960 4340 4163 4546 mais il nous fit ſéparer, ſur-le-champ,
750 4546 4159 4759 à grands coups de nerf de bœuf. Il eſt
952 4757 4159 4960 vrai que les coups ne tomboient que ſur
952 4959 4187 5165 les épaules de mon bien-aimé; mais je
801 5166 4201 5377 n'en étois pas moins douloureuſement
779 5376 1885 5608 affectée.
816 5578 4196 5801 “Mon nouveau maître prit beaucoup
606 5792 4204 6007 de goût pour moi; mais il s'apperçut
952 6003 4138 6215 aiſément que ce goût n'étoit pas réci-
659 6209 4113 6441 proque de ma part. Il trouva mauvais
692 6420 4196 6635 que ſon eſclave me plût mieux que lui.
688 6626 4167 6861 Il s'en plaignit à ſa mère: „Que voulez
