4266 8003
184 996 3384 1184 concertâmes enſemble les moyens de
199 1181 3458 1401 nous ſauver; car ce parti étoit indiſ-
533 1382 1381 1571 penſable.
570 1548 3391 1743 “Le lendemain, mon amant ſe dit
258 1725 3398 1929 très-malade. Son maître crut l'opération
522 1926 3395 2119 dangereuſe, dans cette circonſtance, &
180 2112 3398 2304 voulut bien la différer. Nous profitâmes
188 2297 3658 2491 de ce délai pour nous eſquiver. Nous
206 2486 3395 2678 en vînmes aiſément à bout. Nous nous
496 2668 3398 2861 joignîmes à une Caravane qui alloit en
255 2846 3398 3049 Perſe, & qui nous dit qu'elle prenoit
206 3039 3395 3269 un autre chemin, plus favorable pour
214 3213 3398 3416 nous. Ce ne fut pas là le ſeul tour qu'on
215 3402 3398 3592 nous joua. On s'empara de nos perſonnes,
499 3584 3391 3777 &, quand nous fûmes arrivés à Iſpahan,
499 3773 3380 3964 on nous dit: „Vous êtes deux eſclaves
351 3958 3387 4148 “fugitifs; il n'eſt pas juſte que vous
232 4143 3395 4332 “vous dérobiez à l'eſclavage.“ On nous
221 4329 3391 4517 vendit ſéparément. Je fus encore con-
448 4510 3717 4727 damnée à un état brillant, & mon
236 4696 3720 4852 amant à un état obſcur. Je fus intro-
240 4884 3380 5081 duite dans le Serrail du Grand Sophy
240 5070 3398 5275 de Perſe. Je ne me vantai pas d'avoir
240 5259 3372 5445 été honoré des faveurs du Grand Sei-
254 5444 3372 5634 gneur; mais on le ſuppoſa, & on me
477 5622 3695 5823 réſerva pour celles du Monarque Perſan.
503 5811 3398 6021 Je vis, dans ce nouveau Serrail, des
474 5996 3372 6201 horreurs, dont je n'avois pas d'idée;
514 6178 3513 6394 le libertinage étoit pouſſé à ſon comble;
2542 6386 2910 6573 Dv
