<PcGts xmlns="http://schema.primaresearch.org/PAGE/gts/pagecontent/2017-07-15" xmlns:xsi="http://www.w3.org/2001/XMLSchema-instance" xsi:schemaLocation="http://schema.primaresearch.org/PAGE/gts/pagecontent/2017-07-15 http://schema.primaresearch.org/PAGE/gts/pagecontent/2017-07-15/pagecontent.xsd"><Metadata><Creator>User123</Creator><Created>2020-10-15T18:12:00</Created><LastChange>2020-10-15T18:12:00</LastChange></Metadata><Page imageFilename="0093.png" imageHeight="8663" imageWidth="4266"><TextRegion id="r0" type="paragraph" orientation="-0.0"><Coords points="1,1 4264,1 4264,8661 1,8661"/><TextLine id="r0_l001"><Coords points="1755,8 2472,8 2472,106 1755,106"/><TextEquiv index="1"><Unicode>- ---</Unicode></TextEquiv></TextLine><TextLine id="r0_l002"><Coords points="2316,723 2792,723 2792,910 2316,910"/><TextEquiv index="1"><Unicode></Unicode></TextEquiv></TextLine><TextLine id="r0_l003"><Coords points="1467,1175 1466,1175 1466,1118 1466,1117 1449,1117 1448,1116 1378,1116 1376,1115 1376,1114 1376,1113 1182,1113 1181,1114 1181,1165 1181,1165 1180,1165 1178,1167 1178,1172 1177,1173 1071,1173 1070,1174 1069,1174 1068,1175 1064,1175 1063,1175 1063,1163 1062,1161 1024,1161 1023,1161 1023,1118 1023,1117 951,1117 950,1118 950,1120 950,1120 949,1120 944,1125 940,1125 938,1124 938,1122 940,1120 941,1120 942,1119 942,1118 943,1117 944,1117 945,1116 970,1116 970,1116 970,1000 970,999 960,999 958,998 958,997 958,996 956,994 955,994 954,994 954,972 956,970 957,970 957,970 958,969 958,968 960,966 969,966 970,968 970,970 971,970 1042,970 1043,972 1043,973 1045,974 1072,974 1072,974 1072,959 1073,958 1079,958 1080,960 1080,974 1081,974 1242,974 1242,974 1242,973 1245,970 1254,970 1254,970 1254,969 1257,966 1270,966 1271,968 1271,969 1273,970 1278,970 1279,972 1279,973 1280,974 1281,974 1282,974 1283,976 1283,1027 1284,1027 1376,1027 1376,1027 1376,1026 1379,1023 1441,1023 1441,1023 1441,1022 1450,1013 1450,1012 1451,1011 1453,1011 1454,1013 1454,1019 1455,1019 1474,1019 1474,1019 1474,988 1475,987 1476,987 1477,986 1489,986 1490,988 1490,1019 1491,1019 1522,1019 1523,1021 1523,1022 1525,1023 1534,1023 1535,1025 1535,1026 1537,1027 1672,1027 1673,1026 1673,1025 1675,1023 1783,1023 1783,1023 1783,1012 1784,1011 1786,1011 1787,1010 1836,1010 1837,1011 1839,1011 1840,1013 1840,1019 1841,1019 1904,1019 1904,1019 1904,1002 1905,1001 1905,1000 1906,999 1909,999 1909,1000 1909,1023 1910,1023 2051,1023 2051,1023 2051,1013 2054,1010 2055,1010 2055,1010 2055,1009 2057,1007 2059,1007 2060,1006 2061,1007 2063,1007 2063,1008 2063,1023 2064,1023 2196,1023 2198,1021 2198,1020 2199,1019 2258,1019 2258,1019 2258,969 2259,968 2259,967 2260,966 2282,966 2282,967 2282,968 2287,973 2287,1071 2288,1071 2445,1071 2445,1071 2445,1054 2448,1051 2449,1051 2449,1051 2449,1050 2452,1047 2453,1047 2453,1047 2453,1046 2456,1043 2457,1043 2457,1043 2457,1042 2460,1039 2461,1039 2461,1039 2461,1034 2464,1031 2469,1031 2469,1031 2469,1030 2472,1027 2485,1027 2486,1026 2486,1025 2488,1023 2644,1023 2644,1023 2644,973 2647,970 2648,970 2648,970 2648,969 2651,966 2668,966 2668,967 2668,968 2672,971 2673,971 2673,972 2673,1027 2674,1027 2826,1027 2827,1026 2827,1025 2829,1023 3059,1023 3059,1023 3059,968 3061,966 3066,966 3067,965 3067,964 3069,962 3228,962 3230,965 3230,966 3231,966 3232,966 3234,969 3234,1019 3235,1019 3290,1019 3290,1020 3290,1021 3291,1022 3291,1023 3292,1023 3302,1023 3302,1024 3302,1025 3305,1027 3400,1027 3400,1027 3400,1001 3403,998 3404,998 3404,998 3404,989 3407,986 3408,986 3408,986 3408,969 3413,964 3413,963 3414,962 3562,962 3563,964 3563,1019 3564,1019 3753,1019 3753,1019 3753,1018 3754,1017 3754,1004 3755,1003 3756,1003 3758,1001 3758,992 3759,991 3760,991 3762,989 3762,988 3763,987 3764,987 3766,985 3766,980 3768,978 3769,978 3770,977 3770,976 3772,974 3773,974 3774,973 3774,972 3776,970 3777,970 3777,970 3778,969 3778,968 3780,966 3814,966 3814,967 3814,968 3815,969 3815,1023 3816,1023 4001,1023 4001,1023 4001,1022 4002,1021 4002,1020 4003,1019 4095,1019 4095,1019 4095,1005 4097,1003 4110,1003 4111,1002 4111,1001 4113,999 4123,999 4123,1000 4123,1001 4124,1002 4124,1023 4125,1023 4126,1023 4128,1026 4128,1029 4127,1030 4127,1031 4127,1031 4124,1031 4123,1032 4123,1103 4124,1104 4124,1110 4123,1111 4123,1112 4123,1112 4122,1112 4119,1115 4119,1120 4119,1120 4118,1120 4115,1123 4115,1128 4114,1129 4113,1129 4111,1131 4111,1136 4110,1137 4109,1137 4107,1139 4107,1140 4106,1141 4105,1141 4103,1143 4103,1144 4102,1145 4097,1145 4095,1147 4095,1148 4094,1149 3951,1149 3948,1152 3948,1153 3948,1153 3947,1153 3944,1156 3944,1157 3944,1157 3943,1157 3940,1160 3940,1161 3940,1161 3931,1161 3928,1164 3928,1165 3928,1165 3898,1165 3896,1164 3896,1163 3895,1161 3890,1161 3887,1159 3887,1158 3887,1157 3882,1157 3875,1151 3875,1114 3875,1113 3843,1113 3842,1112 3841,1112 3839,1111 3839,1109 3839,1108 3655,1108 3651,1112 3650,1112 3649,1113 3420,1113 3419,1112 3374,1112 3285,1112 3284,1113 3270,1113 3269,1112 3268,1112 3266,1111 3266,1110 3266,1109 3265,1109 3264,1108 3166,1108 3165,1109 3165,1168 3164,1169 3162,1169 3160,1168 3160,1109 3160,1108 3033,1108 3030,1111 3030,1112 3030,1112 3025,1112 3022,1115 3022,1116 3022,1116 3021,1116 3020,1117 3017,1117 3014,1115 3014,1114 3014,1113 3013,1113 3012,1112 2987,1112 2986,1112 2986,1111 2984,1108 2881,1108 2880,1109 2880,1144 2879,1145 2874,1145 2872,1144 2872,1109 2872,1108 2822,1108 2818,1112 2817,1112 2816,1113 2811,1113 2810,1112 2808,1112 2807,1112 2807,1111 2805,1108 2804,1108 2803,1108 2803,1105 2803,1104 2626,1104 2624,1106 2624,1107 2623,1108 2540,1108 2539,1109 2539,1156 2538,1157 2529,1157 2526,1160 2526,1161 2526,1161 2504,1161 2502,1160 2502,1159 2501,1157 2496,1157 2494,1156 2494,1129 2494,1128 2375,1128 2372,1131 2372,1132 2371,1133 2362,1133 2360,1135 2360,1136 2359,1137 2350,1137 2348,1136 2348,1135 2348,1134 2347,1133 2346,1133 2344,1132 2344,1105 2344,1104 2212,1104 2209,1107 2209,1108 2209,1108 1979,1108 1978,1109 1978,1171 1978,1171 1971,1171 1970,1171 1970,1109 1970,1108 1959,1108 1958,1109 1958,1164 1957,1165 1956,1165 1955,1166 1953,1166 1952,1165 1951,1165 1950,1165 1950,1109 1950,1108 1891,1108 1888,1111 1888,1112 1888,1112 1887,1112 1886,1113 1809,1113 1807,1115 1807,1116 1807,1116 1743,1116 1742,1117 1742,1161 1742,1161 1741,1161 1737,1165 1695,1165 1694,1165 1694,1164 1692,1161 1691,1161 1689,1160 1689,1114 1689,1113 1673,1113 1672,1112 1534,1112 1533,1113 1532,1113 1531,1114 1531,1115 1529,1117 1499,1117 1498,1118 1498,1175 1498,1175"/><TextEquiv index="1"><Unicode>de ſorte que moi, qui voulois être ſage,</Unicode></TextEquiv></TextLine><TextLine id="r0_l004"><Coords points="1130,1378 1129,1378 1129,1374 1129,1373 965,1373 962,1371 962,1370 962,1369 961,1369 958,1367 958,1187 958,1186 782,1186 779,1184 779,1180 782,1177 1063,1177 1063,1177 1063,1176 1064,1175 1966,1175 1968,1173 1969,1173 1971,1171 2450,1171 2452,1169 3760,1169 3768,1177 3850,1177 3851,1179 3851,1180 3853,1181 3857,1181 3858,1182 3859,1182 3859,1183 3859,1184 3861,1185 3862,1186 3863,1186 3863,1187 3863,1189 3864,1189 4126,1189 4128,1192 4127,1193 4127,1226 4127,1226 4126,1226 4124,1228 4124,1229 4123,1230 4121,1230 4120,1231 4120,1287 4119,1288 4119,1295 4119,1295 4118,1295 4115,1298 4115,1303 4115,1303 4114,1303 4111,1306 4111,1311 4111,1311 4110,1311 4109,1312 4105,1312 4103,1314 4103,1315 4103,1315 4102,1315 4101,1316 4003,1316 4002,1317 4002,1322 4001,1323 4001,1324 4001,1324 2702,1324 2701,1325 2701,1336 2702,1336 4143,1336 4144,1338 4144,1339 4143,1340 2702,1340 2701,1341 2701,1372 2700,1373 1137,1373 1136,1374 1136,1378 1136,1378"/><TextEquiv index="1"><Unicode>je me voyois mêlée dans des ſcènes</Unicode></TextEquiv></TextLine><TextLine id="r0_l005"><Coords points="3906,1578 3905,1577 3902,1577 3901,1577 3901,1519 3901,1518 3865,1518 3864,1519 3864,1565 3863,1566 3863,1567 3863,1567 3862,1567 3861,1568 3859,1570 3859,1571 3858,1572 3830,1572 3829,1571 3828,1571 3827,1571 3827,1570 3826,1568 3825,1568 3823,1567 3823,1516 3823,1515 3633,1515 3632,1516 3632,1517 3630,1519 3516,1519 3514,1521 3514,1522 3513,1523 3512,1523 3510,1522 3510,1520 3510,1519 3349,1519 3347,1518 3347,1517 3346,1515 3170,1515 3162,1515 3160,1517 3160,1518 3159,1519 2999,1519 2998,1520 2998,1570 2996,1572 2960,1572 2957,1570 2957,1516 2957,1515 2780,1515 2779,1516 2779,1575 2779,1575 2771,1575 2770,1574 2662,1574 2661,1574 2661,1516 2661,1515 2650,1515 2649,1516 2649,1520 2648,1521 2648,1522 2647,1523 2646,1523 2644,1525 2644,1534 2643,1535 2642,1535 2640,1537 2640,1542 2639,1543 2638,1543 2636,1545 2636,1555 2636,1555 2635,1555 2632,1558 2632,1563 2632,1563 2631,1563 2630,1564 2623,1564 2622,1563 2613,1563 2612,1563 2612,1558 2610,1555 2609,1555 2608,1555 2608,1516 2608,1515 2212,1515 2209,1513 2209,1512 2209,1511 2041,1511 2037,1515 1792,1515 1791,1516 1791,1534 1790,1535 1789,1535 1787,1537 1787,1538 1786,1539 1785,1539 1783,1541 1783,1542 1782,1543 1781,1543 1779,1545 1779,1546 1779,1546 1778,1547 1777,1547 1775,1549 1775,1550 1774,1551 1765,1551 1762,1554 1762,1555 1762,1555 1761,1555 1759,1557 1759,1558 1758,1559 1756,1559 1754,1558 1754,1557 1754,1556 1753,1555 1752,1555 1750,1554 1750,1524 1750,1523 1639,1523 1636,1521 1636,1520 1636,1519 1546,1519 1391,1519 1389,1521 1389,1522 1388,1523 1122,1523 1121,1524 1121,1570 1119,1572 1106,1572 1104,1574 1104,1575 1103,1576 1102,1576 1100,1575 1100,1569 1100,1568 1046,1568 1043,1566 1043,1524 1043,1523 1037,1523 1036,1523 1036,1522 1034,1519 997,1519 994,1517 994,1516 994,1515 981,1515 978,1513 978,1512 978,1511 977,1511 974,1509 974,1504 974,1503 973,1503 970,1501 970,1492 970,1491 969,1491 966,1489 966,1472 968,1470 969,1470 970,1469 970,1464 972,1462 973,1462 974,1461 974,1460 975,1459 976,1458 977,1458 978,1457 978,1456 980,1454 981,1454 982,1453 982,1452 984,1450 985,1450 986,1449 986,1448 988,1446 989,1446 990,1445 998,1445 999,1444 999,1443 1000,1442 1001,1442 1002,1441 1010,1441 1011,1440 1011,1439 1012,1438 1013,1438 1014,1437 1019,1437 1019,1437 1019,1386 1020,1385 1030,1385 1031,1384 1031,1383 1033,1381 1034,1381 1035,1380 1128,1380 1130,1378 1137,1378 1137,1379 1137,1380 1139,1381 1144,1381 1145,1383 1145,1393 1146,1393 1298,1393 1299,1392 1299,1391 1301,1389 1302,1389 1302,1389 1303,1388 1303,1387 1305,1385 1310,1385 1312,1383 1312,1382 1313,1381 1314,1381 1316,1379 1316,1378 1317,1377 1318,1377 1319,1376 1342,1376 1347,1381 1348,1381 1348,1382 1348,1437 1349,1437 1567,1437 1567,1437 1567,1384 1568,1383 1568,1382 1569,1381 1574,1381 1576,1379 1576,1378 1577,1377 1578,1377 1579,1376 1586,1376 1588,1379 1588,1380 1589,1380 1680,1380 1681,1382 1681,1452 1684,1454 1685,1454 1685,1455 1685,1490 1686,1490 1892,1490 1892,1490 1892,1470 1893,1469 1893,1468 1895,1466 1896,1466 1896,1466 1896,1465 1897,1464 1897,1459 1898,1458 1899,1458 1905,1452 1905,1447 1906,1446 1907,1446 1909,1444 1909,1443 1910,1442 1911,1442 1912,1441 1916,1441 1917,1440 1917,1439 1918,1438 1919,1438 1920,1437 1925,1437 1925,1437 1925,1436 1928,1433 1945,1433 1945,1433 1945,1383 1947,1381 1948,1381 1948,1381 1950,1379 1950,1378 1951,1377 1952,1377 1953,1376 1957,1376 1958,1375 1958,1374 1959,1373 1960,1373 1961,1372 1964,1372 1966,1375 1966,1376 1967,1376 1968,1376 1970,1379 1970,1429 1971,1429 2197,1429 2197,1429 2197,1428 2200,1425 2307,1425 2307,1425 2307,1383 2310,1380 2311,1380 2311,1380 2311,1379 2314,1376 2315,1376 2315,1376 2315,1375 2318,1372 2321,1372 2322,1373 2323,1373 2323,1374 2323,1375 2325,1376 2386,1376 2387,1377 2388,1377 2388,1378 2388,1429 2389,1429 2497,1429 2498,1431 2498,1433 2499,1433 2571,1433 2571,1433 2571,1383 2573,1381 2574,1381 2575,1380 2585,1380 2586,1381 2587,1381 2587,1382 2587,1383 2590,1385 2595,1385 2596,1387 2596,1392 2598,1393 2599,1393 2600,1395 2600,1433 2601,1433 2672,1433 2673,1432 2673,1431 2675,1429 2679,1429 2683,1433 2973,1433 2973,1433 2973,1432 2976,1429 2980,1429 2982,1432 2982,1433 2983,1433 3152,1433 3152,1433 3152,1432 3155,1429 3171,1429 3173,1432 3173,1433 3174,1433 3327,1433 3327,1433 3327,1382 3328,1381 3329,1381 3330,1380 3331,1380 3331,1380 3331,1379 3334,1376 3343,1376 3343,1376 3343,1375 3346,1372 3354,1372 3355,1374 3355,1375 3358,1377 3359,1377 3359,1378 3359,1379 3361,1380 3393,1380 3394,1381 3395,1381 3403,1389 3404,1389 3404,1390 3404,1425 3405,1425 3509,1425 3510,1427 3510,1428 3512,1429 3924,1429 3924,1429 3924,1383 3926,1381 3927,1381 3928,1380 3928,1379 3930,1377 3931,1377 3932,1376 3940,1376 3941,1375 3941,1374 3942,1373 3943,1373 3944,1372 3951,1372 3953,1375 3953,1425 3954,1425 4016,1425 4024,1433 4106,1433 4107,1435 4107,1436 4108,1437 4109,1437 4110,1437 4111,1439 4111,1501 4114,1503 4115,1503 4115,1504 4115,1509 4118,1511 4139,1511 4140,1513 4140,1517 4138,1519 4133,1519 4132,1520 4132,1521 4131,1522 4131,1523 4131,1523 4121,1523 4119,1525 4119,1526 4118,1527 4117,1527 4115,1529 4115,1534 4115,1534 4114,1535 4109,1535 4107,1537 4107,1538 4106,1539 4105,1539 4103,1541 4103,1546 4102,1547 4097,1547 4095,1549 4095,1550 4094,1551 4076,1551 4075,1551 4075,1520 4075,1519 4004,1519 4003,1518 3913,1518 3912,1519 3912,1578 3912,1578"/><TextEquiv index="1"><Unicode>d'infamie, dont il n'y a pas d'exemple,</Unicode></TextEquiv></TextLine><TextLine id="r0_l006"><Coords points="768,1992 766,1990 765,1990 763,1989 763,1614 765,1612 1043,1612 1043,1612 1043,1610 1045,1608 1405,1608 1405,1608 1405,1602 1407,1600 1408,1600 1409,1599 1409,1590 1411,1588 1896,1588 1897,1587 1897,1585 1898,1584 1899,1584 1899,1584 1901,1582 1901,1581 1902,1580 1907,1580 1909,1578 1909,1577 1910,1576 2659,1576 2661,1574 2669,1574 2670,1575 3076,1575 3077,1576 3078,1576 3079,1577 3905,1577 3906,1578 3913,1578 3915,1580 3916,1580 3916,1581 3916,1587 3917,1587 3918,1587 3919,1588 3920,1588 3920,1589 3920,1632 3921,1632 4052,1632 4053,1633 4054,1633 4054,1634 4054,1635 4056,1636 4092,1636 4093,1637 4094,1637 4095,1639 4095,1640 4096,1640 4097,1640 4098,1641 4102,1641 4106,1645 4107,1645 4107,1646 4107,1652 4109,1653 4110,1653 4111,1655 4111,1706 4112,1706 4115,1706 4115,1707 4115,1708 4118,1710 4119,1710 4119,1711 4119,1712 4120,1713 4120,1917 4121,1917 4204,1917 4205,1919 4205,1920 4204,1921 4097,1921 4095,1923 4095,1924 4094,1925 3852,1925 3851,1926 3851,1953 3851,1953 3850,1953 3849,1954 3514,1954 3513,1955 3513,1983 3513,1983 1337,1983 1336,1984 1336,1985 1335,1986 780,1986 779,1987 779,1989 778,1990 773,1990 772,1991 772,1992 772,1992"/><TextEquiv index="1"><Unicode>ee pu sddée nen bi t eoontna</Unicode></TextEquiv></TextLine><TextLine id="r0_l007"><Coords points="3946,2187 3945,2186 2467,2186 2466,2185 976,2185 974,2184 974,2183 973,2181 968,2181 966,2180 966,2179 965,2177 964,2177 962,2176 962,2012 962,2011 766,2011 765,2010 764,2010 763,2010 763,2001 761,1998 760,1998 759,1998 759,1996 761,1994 767,1994 767,1994 767,1993 768,1992 1568,1992 1570,1990 1575,1990 1575,1990 1575,1989 1578,1986 2241,1986 2242,1985 2242,1984 2243,1983 3807,1983 3808,1982 3826,1982 3827,1984 3827,1985 3829,1986 3830,1986 3831,1988 3831,1989 3833,1990 3834,1990 3835,1992 3835,1994 3836,1994 4110,1994 4111,1996 4111,2100 4112,2100 4115,2100 4115,2101 4115,2106 4118,2108 4119,2108 4119,2109 4119,2112 4119,2112 4118,2112 4115,2115 4115,2119 4111,2123 4111,2124 4111,2124 4032,2124 4030,2126 4030,2127 4029,2128 3953,2128 3952,2129 3952,2187 3952,2187"/><TextEquiv index="1"><Unicode>je te demandois ardemment pardon!</Unicode></TextEquiv></TextLine><TextLine id="r0_l008"><Coords points="719,2394 718,2394 718,2268 718,2267 717,2267 714,2265 714,2261 717,2258 962,2258 962,2258 962,2255 962,2254 626,2254 625,2254 625,2248 627,2246 962,2246 962,2246 962,2235 962,2234 814,2234 812,2233 812,2227 813,2226 820,2226 820,2226 820,2215 821,2214 822,2214 823,2213 1133,2213 1133,2213 1133,2199 1135,2197 1140,2197 1141,2199 1141,2205 1142,2205 2453,2205 2453,2205 2453,2192 2456,2189 2465,2189 2465,2189 2465,2188 2467,2186 2469,2186 2472,2189 3944,2189 3946,2187 3953,2187 3960,2194 3961,2194 3961,2195 3961,2246 3962,2246 4009,2246 4009,2247 4009,2248 4010,2249 4010,2250 4011,2250 4053,2250 4054,2252 4054,2253 4056,2254 4057,2254 4058,2256 4058,2257 4060,2258 4138,2258 4140,2261 4140,2327 4141,2327 4151,2327 4152,2329 4152,2331 4152,2331 4151,2331 4150,2332 2560,2332 2559,2333 2559,2371 2558,2372 2557,2372 2555,2374 2555,2375 2554,2376 2552,2376 2551,2376 2551,2337 2551,2336 1634,2336 1633,2337 1633,2350 1631,2352 1630,2352 1629,2353 1629,2362 1627,2364 1626,2364 1625,2365 1625,2373 1624,2374 1624,2376 1624,2376 1623,2376 1612,2387 1612,2388 1612,2388 727,2388 726,2389 726,2392 727,2392 729,2392 730,2394 730,2394"/><TextEquiv index="1"><Unicode>comme je concevois une horreur invin-</Unicode></TextEquiv></TextLine><TextLine id="r0_l009"><Coords points="1407,2567 1405,2566 1405,2544 1405,2543 1277,2543 1275,2542 1275,2541 1274,2539 993,2539 990,2537 990,2536 990,2535 981,2535 978,2533 978,2532 978,2531 977,2531 974,2529 974,2528 974,2527 973,2527 970,2525 970,2524 970,2523 969,2523 966,2521 966,2520 966,2519 965,2519 962,2517 962,2492 961,2490 960,2490 959,2490 958,2489 958,2488 961,2485 962,2485 962,2485 962,2480 964,2478 965,2478 966,2477 966,2476 968,2474 969,2474 970,2473 970,2463 970,2462 730,2462 729,2461 728,2461 726,2460 726,2450 726,2449 716,2449 714,2448 714,2443 716,2441 718,2441 718,2441 718,2395 719,2394 1113,2394 1115,2392 1119,2392 1121,2395 1121,2396 1122,2396 2241,2396 2245,2392 2380,2392 2380,2392 2380,2391 2383,2388 2387,2388 2388,2390 2388,2391 2390,2392 4021,2392 4022,2391 4022,2390 4024,2388 4033,2388 4034,2390 4034,2445 4035,2445 4094,2445 4095,2447 4095,2448 4097,2449 4110,2449 4111,2451 4111,2452 4113,2453 4114,2453 4115,2455 4115,2464 4118,2466 4119,2466 4119,2467 4119,2485 4118,2486 4116,2486 4115,2487 4115,2518 4115,2518 4114,2518 4111,2521 4111,2526 4111,2526 4110,2526 4109,2527 4107,2529 4107,2530 4107,2530 4106,2530 4103,2533 4103,2534 4102,2535 4093,2535 4091,2537 4091,2538 4091,2538 4090,2538 4089,2539 3995,2539 3994,2540 3994,2548 3993,2549 3993,2550 3992,2551 3992,2551 3991,2551 3990,2552 3990,2553 3989,2554 3989,2555 3989,2555 3987,2555 3985,2554 3985,2544 3985,2543 3487,2543 3486,2543 3486,2540 3486,2539 1744,2539 1742,2541 1742,2542 1741,2543 1439,2543 1438,2544 1438,2553 1436,2555 1435,2555 1434,2556 1434,2557 1432,2559 1431,2559 1430,2560 1430,2561 1428,2563 1423,2563 1421,2565 1421,2566 1420,2567"/><TextEquiv index="1"><Unicode>cible, de la débauche &amp; de la vile</Unicode></TextEquiv></TextLine><TextLine id="r0_l010"><Coords points="745,2811 741,2807 740,2807 739,2807 739,2714 739,2713 679,2713 677,2712 677,2710 677,2709 584,2709 583,2709 583,2703 584,2702 609,2702 609,2702 609,2609 610,2608 611,2608 612,2607 1384,2607 1385,2606 1385,2605 1386,2604 1387,2604 1389,2602 1389,2601 1390,2600 1404,2600 1405,2599 1406,2599 1407,2600 1409,2600 1409,2601 1409,2612 1410,2612 1567,2612 1567,2613 1567,2614 1568,2615 1568,2619 1570,2620 1571,2620 1571,2621 1571,2622 1572,2623 1572,2685 1573,2685 1709,2685 1710,2687 1710,2688 1709,2689 1573,2689 1572,2690 1572,2736 1570,2738 1569,2738 1568,2739 1568,2740 1566,2742 1561,2742 1560,2743 1560,2744 1558,2746 1455,2746 1454,2747 1454,2781 1452,2783 1235,2783 1234,2784 1234,2794 1233,2795 1232,2795 1230,2797 1230,2798 1229,2799 1188,2799 1186,2798 1186,2797 1185,2796 1185,2788 1185,2787 1103,2787 1098,2782 1097,2782 1096,2782 1096,2743 1096,2742 993,2742 990,2740 990,2739 990,2738 985,2738 982,2736 982,2735 982,2734 977,2734 974,2732 974,2731 974,2730 973,2730 966,2724 966,2723 966,2722 961,2722 960,2721 959,2721 958,2721 958,2714 958,2713 752,2713 751,2714 751,2810 750,2811"/><TextEquiv index="1"><Unicode>crapule!</Unicode></TextEquiv></TextLine><TextLine id="r0_l011"><Coords points="1270,2997 1270,2996 1241,2967 1241,2966 1212,2937 1212,2936 1210,2933 1172,2933 1161,2923 1161,2918 1161,2917 957,2917 956,2916 955,2916 954,2916 954,2906 955,2905 956,2905 957,2904 966,2904 966,2904 966,2874 968,2872 969,2872 970,2871 970,2862 972,2860 973,2860 974,2859 974,2846 977,2843 978,2843 978,2843 978,2842 981,2839 1080,2839 1080,2839 1080,2782 1081,2781 4233,2781 4233,2782 4233,2798 4232,2799 3453,2799 3452,2800 3453,2801 3453,2802 3455,2803 3456,2803 3457,2805 3457,2815 3458,2815 4111,2815 4111,2816 4111,2872 4112,2872 4163,2872 4164,2874 4164,2875 4166,2876 4171,2876 4172,2878 4172,2879 4174,2880 4183,2880 4187,2884 4188,2884 4188,2885 4188,2886 4189,2887 4189,2888 4190,2888 4200,2888 4200,2889 4200,2890 4201,2891 4201,2896 4202,2896 4207,2896 4211,2900 4224,2900 4225,2902 4225,2908 4225,2908 4224,2908 4223,2909 4109,2909 4107,2911 4107,2912 4107,2912 4106,2912 4103,2915 4103,2916 4103,2916 4102,2916 4101,2917 4047,2917 4046,2918 4046,2936 4045,2937 4044,2937 4042,2939 4042,2940 4041,2941 3869,2941 3868,2942 3868,2943 3867,2944 3867,2945 3867,2945 3857,2945 3856,2946 3856,2955 3855,2956 3855,2957 3855,2957 3283,2957 3282,2958 3282,2997 3281,2998 3276,2998 3274,3000 3274,3001 3273,3002 1296,3002 1295,3003"/><TextEquiv index="1"><Unicode>“Je ne vous détaillerai point com-</Unicode></TextEquiv></TextLine><TextLine id="r0_l012"><Coords points="1179,3209 1177,3208 1177,3153 1177,3152 1021,3152 1019,3151 1019,3150 1018,3148 956,3148 954,3147 954,3146 953,3144 952,3144 950,3143 950,3109 951,3108 952,3108 954,3106 954,3077 956,3075 957,3075 958,3074 958,3044 959,3043 960,3043 961,3042 982,3042 982,3042 982,3037 985,3034 989,3034 990,3036 990,3038 991,3038 1698,3038 1698,3038 1698,3032 1700,3030 1884,3030 1884,3030 1884,3013 1885,3012 1885,3011 1886,3010 1892,3010 1892,3011 1892,3012 1893,3013 1893,3042 1894,3042 1952,3042 1954,3045 1954,3047 1955,3047 2460,3047 2461,3046 2461,3033 2464,3030 2465,3030 2465,3030 2465,3029 2468,3026 2469,3026 2469,3026 2470,3025 2470,3024 2472,3022 2473,3022 2473,3022 2474,3021 2474,3020 2476,3018 2477,3018 2478,3017 2478,3016 2480,3014 2481,3014 2482,3013 2482,3012 2483,3011 2484,3010 2485,3010 2486,3009 2486,3008 2488,3006 2517,3006 2518,3008 2518,3046 2519,3046 3416,3046 3416,3046 3416,3017 3417,3016 3417,3015 3418,3014 3428,3014 3428,3014 3428,3013 3429,3012 3429,3011 3430,3010 3623,3010 3623,3010 3623,3009 3626,3006 3647,3006 3648,3008 3648,3063 3649,3063 4106,3063 4107,3062 4107,3061 4109,3059 4111,3059 4111,3060 4111,3061 4119,3069 4119,3070 4120,3071 4120,3072 4119,3073 4119,3074 4118,3075 4117,3075 4116,3076 4116,3077 4115,3078 4115,3083 4115,3083 4114,3083 4113,3084 4111,3086 4111,3087 4111,3087 4108,3087 4107,3088 4107,3143 4106,3144 4105,3144 4104,3145 4103,3146 4103,3147 4102,3148 4020,3148 4018,3150 4018,3151 4017,3152 3933,3152 3932,3153 3932,3201 3932,3201 3931,3201 3930,3202 3928,3204 3928,3205 3928,3205 3890,3205 3888,3204 3888,3202 3888,3201 3800,3201 3799,3201 3799,3200 3799,3199 3797,3197 3796,3197 3794,3196 3794,3149 3794,3148 3027,3148 3026,3149 3026,3164 3025,3165 2926,3165 2925,3166 2925,3200 2924,3201 2918,3201 2917,3201 2917,3149 2917,3148 2414,3148 2413,3149 2413,3200 2412,3201 2406,3201 2405,3201 2405,3199 2404,3198 2404,3149 2404,3148 2178,3148 2177,3149 2177,3188 2176,3189 2175,3189 2173,3188 2173,3149 2173,3148 2170,3148 2169,3148 2169,3147 2168,3146 2168,3145 2168,3144 1643,3144 1641,3146 1641,3147 1640,3148 1634,3148 1633,3149 1633,3207 1633,3207 1625,3207 1624,3207 1624,3174 1624,3173 1187,3173 1186,3174 1186,3208 1185,3209"/><TextEquiv index="1"><Unicode>ment mon amant ſut encore s'échapper</Unicode></TextEquiv></TextLine><TextLine id="r0_l013"><Coords points="3276,3388 3274,3387 3274,3349 3274,3348 1459,3348 1458,3349 1458,3350 1457,3351 1456,3351 1455,3352 1288,3352 1287,3353 1287,3363 1287,3363 1286,3363 1285,3364 1282,3364 1281,3363 1280,3363 1279,3363 1279,3357 1279,3356 1087,3356 1083,3352 1027,3352 1026,3351 1025,3351 1023,3350 1023,3349 1023,3348 1022,3348 1021,3347 976,3347 974,3346 974,3345 973,3343 968,3343 966,3342 966,3341 965,3339 964,3339 962,3338 962,3337 961,3335 960,3335 958,3334 958,3296 959,3295 960,3295 977,3278 986,3278 986,3278 986,3277 989,3274 990,3274 990,3274 990,3273 993,3270 999,3270 999,3270 999,3243 1000,3242 1001,3242 1002,3241 1011,3241 1011,3241 1011,3219 1013,3217 1014,3217 1015,3216 1015,3216 1015,3215 1017,3213 1026,3213 1027,3212 1027,3211 1029,3209 1624,3209 1624,3209 1624,3208 1625,3207 1710,3207 1712,3205 1725,3205 1726,3207 1726,3208 1728,3209 1733,3209 1734,3211 1734,3212 1736,3213 2994,3213 2994,3213 2994,3211 2996,3209 2997,3209 2998,3208 2998,3207 3000,3205 3009,3205 3010,3207 3010,3208 3011,3208 3012,3209 3013,3209 3014,3211 3014,3224 3017,3226 3018,3226 3018,3227 3018,3232 3021,3234 3022,3234 3022,3235 3022,3258 3023,3258 4147,3258 4148,3260 4148,3261 4147,3262 4095,3262 4094,3263 4095,3264 4095,3265 4097,3266 4098,3266 4099,3268 4099,3269 4101,3270 4114,3270 4115,3272 4115,3273 4116,3273 4117,3274 4118,3274 4119,3276 4119,3277 4120,3278 4119,3279 4119,3286 4119,3286 4118,3286 4115,3289 4115,3347 4115,3347 4114,3347 4113,3348 4111,3350 4111,3351 4111,3351 4106,3351 4103,3354 4103,3355 4103,3355 4102,3355 4101,3356 3312,3356 3311,3357 3311,3358 3309,3360 3308,3360 3307,3361 3307,3370 3305,3372 3304,3372 3303,3373 3303,3374 3301,3376 3300,3376 3299,3377 3299,3378 3297,3380 3296,3380 3295,3381 3295,3382 3293,3384 3288,3384 3287,3385 3287,3386 3285,3388"/><TextEquiv index="1"><Unicode>de chez ſon nouveau maître; comment</Unicode></TextEquiv></TextLine><TextLine id="r0_l014"><Coords points="1655,3608 1654,3608 1654,3564 1654,3563 1622,3563 1621,3563 1621,3562 1620,3561 1620,3556 1620,3555 957,3555 956,3554 955,3554 954,3554 954,3553 952,3550 951,3550 950,3550 950,3511 950,3510 883,3510 881,3509 881,3507 882,3506 884,3506 885,3505 950,3505 950,3505 950,3475 952,3473 958,3473 958,3473 958,3422 959,3421 960,3421 965,3416 1461,3416 1462,3415 1462,3414 1464,3412 2501,3412 2502,3411 2502,3406 2504,3404 2518,3404 2518,3404 2518,3402 2520,3400 3041,3400 3043,3403 3043,3404 3044,3404 3228,3404 3230,3407 3230,3408 3231,3408 3781,3408 3782,3410 3782,3419 3784,3420 3785,3420 3786,3422 3786,3465 3787,3465 4106,3465 4107,3467 4107,3468 4109,3469 4110,3469 4111,3471 4111,3476 4113,3477 4114,3477 4115,3479 4115,3481 4114,3482 4113,3482 4111,3484 4111,3489 4111,3489 4110,3489 4109,3490 4105,3490 4103,3492 4103,3550 4103,3550 4102,3550 4101,3551 4097,3551 4095,3553 4095,3554 4095,3554 4094,3554 4093,3555 4023,3555 4022,3556 4022,3557 4020,3559 3271,3559 3270,3560 3270,3607 3270,3607 2245,3607 2244,3608"/><TextEquiv index="1"><Unicode>il eut le courage &amp; l'adreſſe de m'enlever</Unicode></TextEquiv></TextLine><TextLine id="r0_l015"><Coords points="3635,3811 3634,3810 3633,3810 3632,3810 3632,3809 3630,3806 3629,3806 3628,3806 3628,3755 3628,3754 3182,3754 3181,3755 3181,3797 3180,3798 3179,3798 3177,3800 3177,3801 3176,3802 3175,3802 3174,3803 3139,3803 3138,3802 3137,3802 3136,3802 3136,3751 3136,3750 3037,3750 3034,3748 3034,3747 3034,3746 2853,3746 2852,3747 2852,3748 2850,3750 2633,3750 2632,3751 2632,3757 2631,3758 2630,3758 2628,3760 2628,3769 2627,3770 2626,3770 2624,3772 2624,3773 2623,3774 2622,3774 2620,3776 2620,3777 2619,3778 2610,3778 2608,3780 2608,3781 2607,3782 2503,3782 2502,3783 2502,3785 2501,3786 2500,3786 2498,3788 2498,3793 2496,3795 2495,3795 2494,3796 2494,3797 2493,3798 2332,3798 2331,3799 2331,3802 2330,3803 2329,3803 2327,3805 2327,3806 2327,3806 2326,3806 2325,3807 2290,3807 2289,3806 2288,3806 2287,3806 2287,3805 2286,3803 2285,3803 2283,3802 2283,3751 2283,3750 2016,3750 2015,3751 2015,3752 2013,3754 1915,3754 1913,3753 1913,3751 1913,3750 1630,3750 1628,3752 1628,3753 1627,3754 1618,3754 1617,3755 1617,3756 1615,3758 1597,3758 1596,3759 1596,3798 1596,3798 1595,3798 1594,3799 1591,3799 1590,3798 1589,3798 1588,3798 1588,3755 1588,3754 1395,3754 1391,3758 992,3758 991,3759 991,3760 989,3762 984,3762 982,3761 982,3755 982,3754 973,3754 962,3744 962,3735 962,3734 961,3734 958,3732 958,3703 960,3701 961,3701 961,3701 962,3700 962,3699 964,3697 965,3697 966,3696 966,3695 968,3693 973,3693 974,3692 974,3691 976,3689 977,3689 977,3689 978,3688 978,3687 980,3685 981,3685 981,3685 982,3684 982,3683 984,3681 985,3681 986,3680 994,3680 995,3679 995,3678 997,3676 1007,3676 1007,3676 1007,3625 1008,3624 1009,3624 1011,3622 1011,3621 1012,3620 1013,3620 1014,3619 1033,3619 1034,3620 1035,3620 1035,3621 1035,3622 1038,3624 1039,3624 1039,3625 1039,3672 1040,3672 1255,3672 1255,3672 1255,3646 1257,3644 1258,3644 1258,3644 1258,3643 1259,3642 1259,3633 1260,3632 1265,3632 1267,3630 1267,3629 1268,3628 1273,3628 1274,3627 1275,3627 1275,3627 1275,3626 1277,3624 1281,3624 1282,3623 1283,3623 1283,3623 1283,3622 1285,3620 1286,3620 1287,3619 1317,3619 1318,3620 1319,3620 1320,3622 1320,3623 1322,3624 1323,3624 1324,3626 1324,3631 1326,3632 1327,3632 1328,3634 1328,3652 1329,3652 1425,3652 1425,3653 1425,3668 1426,3668 1644,3668 1645,3667 1645,3613 1646,3612 1647,3612 1648,3611 1652,3611 1653,3610 1653,3609 1654,3608 1661,3608 1661,3609 1661,3610 1663,3611 1724,3611 1725,3612 1726,3612 1726,3613 1726,3615 1727,3615 1908,3615 1909,3614 1909,3613 1910,3612 1911,3612 1912,3611 1923,3611 1924,3612 1925,3612 1925,3613 1925,3640 1926,3640 2107,3640 2108,3639 2108,3634 2110,3632 2111,3632 2112,3631 2112,3626 2115,3623 2116,3623 2116,3623 2116,3622 2118,3620 2122,3620 2123,3619 2124,3619 2124,3619 2124,3618 2127,3615 2136,3615 2136,3615 2136,3614 2139,3611 2234,3611 2234,3611 2234,3609 2235,3608 2390,3608 2391,3607 2403,3607 2405,3610 2405,3664 2406,3664 2440,3664 2441,3666 2441,3667 2443,3668 2717,3668 2717,3668 2717,3667 2720,3664 2986,3664 2986,3664 2986,3621 2988,3619 2989,3619 2990,3618 2990,3609 2992,3607 3270,3607 3270,3608 3270,3664 3271,3664 3303,3664 3303,3664 3303,3629 3304,3628 3305,3628 3306,3627 3465,3627 3465,3627 3465,3618 3468,3615 3469,3615 3469,3615 3469,3614 3472,3611 3484,3611 3485,3613 3485,3614 3487,3615 3488,3616 3489,3616 3490,3618 3490,3664 3491,3664 3557,3664 3559,3667 3559,3668 3560,3668 3831,3668 3831,3668 3831,3650 3833,3648 3928,3648 3928,3648 3928,3626 3930,3624 3935,3624 3937,3622 3937,3621 3938,3620 3939,3620 3940,3619 3948,3619 3949,3618 3949,3617 3950,3616 3951,3616 3952,3615 3955,3615 3957,3618 3957,3619 3958,3619 3959,3619 3961,3622 3961,3672 3962,3672 4085,3672 4087,3675 4087,3676 4088,3676 4093,3676 4102,3685 4103,3685 4103,3686 4103,3692 4104,3692 4105,3692 4106,3693 4107,3693 4107,3694 4107,3733 4108,3733 4232,3733 4233,3735 4233,3741 4233,3741 4104,3741 4103,3742 4103,3745 4103,3745 4102,3745 4101,3746 4099,3748 4099,3749 4099,3749 4098,3749 4095,3752 4095,3753 4095,3753 4094,3753 4091,3756 4091,3757 4090,3758 4080,3758 4079,3759 4079,3760 4077,3762 4069,3762 4066,3760 4066,3759 4066,3758 3943,3758 3941,3757 3941,3756 3940,3754 3674,3754 3673,3755 3673,3808 3672,3809 3672,3810 3671,3811"/><TextEquiv index="1"><Unicode>du Serrail du Sophy, au riſque de perdre</Unicode></TextEquiv></TextLine><TextLine id="r0_l016"><Coords points="1153,4026 1152,4025 1152,4024 1151,4023 1151,4022 1150,4021 1150,4020 1149,4019 1149,4018 1148,4017 1148,4016 1146,4014 1146,4013 1145,4012 1145,4011 1144,4010 1144,4009 1143,4008 1143,4007 1142,4006 1142,4005 1141,4004 1141,4003 1140,4002 1140,4001 1138,3999 1138,3998 1137,3997 1137,3996 1136,3995 1136,3994 1135,3993 1135,3992 1134,3991 1134,3990 1133,3989 1133,3988 1131,3986 1131,3985 1130,3984 1130,3983 1129,3982 1129,3981 1128,3980 1128,3979 1127,3978 1127,3977 1126,3976 1126,3975 1124,3973 1124,3972 1123,3971 1123,3970 1122,3969 1122,3968 1121,3967 1121,3966 1120,3965 1120,3964 1119,3963 1119,3962 1119,3961 964,3961 962,3960 962,3959 961,3957 956,3957 954,3956 954,3951 957,3948 958,3948 958,3948 958,3894 961,3891 962,3891 962,3891 962,3886 964,3884 965,3884 966,3883 966,3882 968,3880 1047,3880 1047,3880 1047,3874 1050,3871 1051,3871 1051,3871 1051,3870 1054,3867 1072,3867 1072,3867 1072,3861 1074,3859 1115,3859 1115,3859 1115,3811 1116,3810 3207,3810 3208,3811 3209,3811 3209,3812 3209,3815 3210,3815 3956,3815 3957,3817 3957,3818 3959,3819 3964,3819 3965,3821 3965,3867 3966,3867 4151,3867 4152,3869 4152,3904 4153,3904 4155,3904 4156,3906 4156,4014 4157,4014 4233,4014 4233,4015 4233,4025 4232,4026 1363,4026 1362,4027"/><TextEquiv index="1"><Unicode>mille fois la vie, par les plus horribles</Unicode></TextEquiv></TextLine><TextLine id="r0_l017"><Coords points="947,4015 4108,4015 4108,4222 947,4222"/><TextEquiv index="1"><Unicode>ſupplices; comment nous fûmes tranſ-</Unicode></TextEquiv></TextLine><TextLine id="r0_l018"><Coords points="951,4428 950,4428 950,4427 946,4423 946,4410 948,4408 949,4408 950,4407 950,4292 952,4290 969,4290 970,4289 970,4259 971,4258 972,4258 973,4257 1019,4257 1019,4257 1019,4251 1021,4249 1030,4249 1031,4251 1031,4258 1032,4258 1055,4258 1056,4260 1056,4261 1057,4261 1058,4261 1060,4264 1060,4266 1061,4266 1144,4266 1145,4268 1145,4274 1146,4274 1303,4274 1303,4274 1303,4272 1305,4270 1306,4270 1307,4269 1307,4264 1309,4262 1310,4262 1311,4261 1311,4257 1312,4256 1312,4255 1313,4254 1314,4254 1315,4253 1315,4245 1316,4244 1316,4243 1318,4241 1319,4241 1320,4240 1320,4239 1322,4237 1323,4237 1324,4236 1324,4235 1326,4233 1335,4233 1336,4235 1336,4253 1337,4253 1555,4253 1555,4253 1555,4235 1557,4233 1558,4233 1562,4229 1571,4229 1571,4229 1571,4228 1574,4225 1583,4225 1584,4227 1584,4228 1586,4229 1587,4229 1588,4231 1588,4257 1589,4257 1746,4257 1746,4257 1746,4240 1749,4237 1753,4237 1755,4240 1755,4241 1756,4241 1757,4241 1758,4243 1758,4261 1759,4261 1905,4261 1905,4261 1905,4235 1907,4233 1908,4233 1909,4232 1909,4231 1910,4230 1911,4229 1912,4229 1913,4228 1913,4227 1915,4225 1936,4225 1937,4227 1937,4278 1938,4278 2112,4278 2112,4278 2112,4239 2111,4237 2110,4237 2108,4236 2108,4231 2110,4229 2123,4229 2124,4228 2124,4227 2126,4225 2168,4225 2169,4227 2169,4228 2171,4229 2176,4229 2177,4231 2177,4232 2179,4233 2188,4233 2189,4235 2189,4236 2191,4237 2192,4237 2193,4239 2193,4240 2195,4241 2196,4241 2197,4243 2197,4248 2199,4249 2200,4249 2201,4251 2201,4252 2202,4253 2202,4257 2204,4258 2205,4258 2205,4259 2205,4260 2207,4261 2339,4261 2339,4261 2339,4233 2340,4232 2340,4231 2342,4229 2343,4229 2343,4229 2343,4228 2346,4225 2347,4225 2347,4225 2347,4224 2350,4221 2363,4221 2364,4223 2364,4224 2366,4225 2367,4225 2368,4227 2368,4282 2369,4282 2514,4282 2514,4282 2514,4228 2515,4227 2515,4226 2516,4225 2517,4225 2519,4223 2519,4222 2520,4221 2538,4221 2538,4222 2538,4223 2541,4225 2542,4225 2543,4227 2543,4274 2544,4274 2717,4274 2717,4274 2717,4263 2717,4262 2679,4262 2677,4261 2677,4259 2678,4258 2679,4258 2679,4258 2681,4256 2681,4255 2682,4254 2726,4254 2726,4254 2726,4230 2727,4229 2729,4229 2729,4229 2729,4228 2732,4225 2871,4225 2872,4227 2872,4228 2873,4229 2874,4229 2875,4229 2876,4231 2876,4278 2877,4278 3086,4278 3087,4277 3087,4276 3089,4274 3200,4274 3201,4276 3201,4277 3203,4278 3302,4278 3303,4280 3303,4282 3304,4282 3433,4282 3433,4282 3433,4222 3434,4221 3444,4221 3445,4223 3445,4282 3446,4282 3448,4282 3449,4281 3449,4280 3451,4278 3464,4278 3465,4280 3465,4281 3467,4282 3546,4282 3546,4282 3546,4228 3547,4227 3547,4226 3548,4225 3554,4225 3554,4226 3554,4227 3555,4228 3555,4282 3556,4282 3598,4282 3599,4281 3599,4280 3601,4278 3603,4278 3603,4279 3603,4280 3606,4282 3745,4282 3745,4282 3745,4281 3746,4280 3746,4279 3747,4278 3753,4278 3754,4280 3754,4282 3755,4282 3919,4282 3920,4281 3920,4280 3922,4278 3924,4278 3924,4279 3924,4280 3925,4281 3925,4282 3926,4282 4069,4282 4071,4280 4071,4279 4072,4278 4078,4278 4079,4280 4079,4281 4081,4282 4082,4282 4083,4284 4083,4285 4085,4286 4102,4286 4103,4288 4103,4289 4104,4289 4105,4290 4106,4290 4107,4292 4107,4293 4109,4294 4110,4294 4111,4296 4111,4306 4112,4306 4220,4306 4221,4308 4221,4314 4221,4314 4220,4314 4219,4315 4112,4315 4111,4316 4111,4339 4112,4339 4115,4339 4115,4340 4115,4343 4115,4343 4104,4343 4103,4344 4103,4359 4103,4359 4102,4359 4101,4360 4100,4360 4099,4361 4099,4366 4098,4367 4099,4367 4184,4367 4184,4368 4184,4369 4185,4370 4185,4371 4186,4371 4191,4371 4193,4374 4191,4376 4187,4376 4184,4374 4184,4373 4184,4372 4183,4372 4182,4371 4072,4371 4071,4371 4071,4370 4069,4367 3906,4367 3904,4366 3904,4365 3903,4363 3450,4363 3449,4364 3449,4375 3449,4375 3448,4375 3447,4376 3312,4376 3311,4377 3311,4386 3309,4388 3308,4388 3307,4389 3307,4394 3305,4396 3304,4396 3303,4397 3303,4398 3301,4400 3300,4400 3299,4401 3299,4402 3297,4404 3296,4404 3295,4405 3295,4406 3293,4408 3288,4408 3287,4409 3287,4410 3285,4412 3280,4412 3278,4411 3278,4364 3278,4363 3170,4363 3169,4363 3169,4362 3167,4359 2959,4359 2958,4360 2958,4361 2956,4363 2951,4363 2949,4362 2949,4361 2948,4359 2800,4359 2799,4360 2799,4422 2799,4422 2787,4422 2786,4422 2786,4360 2786,4359 2610,4359 2608,4361 2608,4362 2607,4363 2589,4363 2588,4363 2588,4362 2586,4359 2471,4359 2470,4360 2470,4398 2468,4400 2464,4400 2461,4398 2461,4397 2461,4396 2460,4396 2457,4394 2457,4389 2457,4388 2456,4388 2455,4387 2454,4387 2453,4387 2453,4382 2456,4379 2460,4379 2461,4381 2461,4391 2463,4392 2465,4392 2465,4392 2465,4360 2465,4359 2289,4359 2287,4361 2287,4362 2286,4363 2227,4363 2226,4364 2226,4366 2225,4367 2207,4367 2206,4367 2206,4366 2204,4363 2199,4363 2198,4363 2198,4362 2196,4359 2009,4359 2006,4362 2006,4363 2006,4363 1919,4363 1917,4362 1917,4361 1916,4359 1777,4359 1775,4361 1775,4362 1774,4363 1593,4363 1592,4364 1592,4387 1592,4387 1591,4387 1590,4388 1524,4388 1523,4389 1523,4399 1523,4399 1522,4399 1518,4403 1518,4404 1518,4404 1508,4404 1507,4404 1507,4368 1507,4367 1503,4367 1502,4368 1502,4427 1502,4427 1495,4427 1494,4427 1494,4368 1494,4367 1322,4367 1320,4369 1320,4370 1319,4371 1309,4371 1308,4371 1308,4370 1306,4367 1099,4367 1096,4370 1096,4371 1096,4371 991,4371 990,4372 990,4420 990,4420 985,4420 982,4423 982,4424 982,4424 968,4424 967,4425 967,4426 966,4427 966,4428 966,4428"/><TextEquiv index="1"><Unicode>portés chez le Roi de Maroc; comment</Unicode></TextEquiv></TextLine><TextLine id="r0_l019"><Coords points="951,4627 950,4627 950,4626 946,4622 946,4499 946,4498 917,4498 916,4497 915,4497 913,4496 913,4495 915,4493 916,4493 917,4492 917,4491 919,4489 954,4489 954,4489 954,4459 957,4456 958,4456 958,4456 958,4455 961,4452 962,4452 962,4452 962,4451 965,4448 970,4448 970,4448 970,4447 973,4444 1226,4444 1226,4444 1226,4443 1229,4440 1238,4440 1238,4440 1238,4435 1241,4432 1246,4432 1246,4432 1246,4431 1249,4428 1495,4428 1496,4427 1848,4427 1848,4427 1848,4426 1850,4424 2787,4424 2787,4424 2787,4423 2788,4422 2799,4422 2799,4423 2799,4424 2800,4424 3590,4424 3591,4426 3591,4427 3593,4428 3882,4428 3884,4431 3884,4432 3885,4432 3890,4432 3891,4433 3892,4433 3892,4434 3892,4440 3893,4440 3895,4440 3896,4442 3896,4452 3897,4452 4138,4452 4140,4455 4140,4456 4139,4457 3897,4457 3896,4458 3896,4461 3897,4461 4082,4461 4083,4463 4083,4481 4084,4481 4131,4481 4131,4482 4131,4483 4132,4484 4131,4485 4120,4485 4119,4486 4119,4578 4118,4579 4096,4579 4095,4580 4095,4586 4095,4586 4094,4586 4091,4589 4091,4598 4090,4599 4089,4599 4087,4601 4087,4602 4086,4603 4085,4603 4083,4605 4083,4610 4082,4611 4081,4611 4079,4613 4079,4614 4078,4615 4077,4615 4075,4617 4075,4618 4074,4619 4073,4619 4071,4621 4071,4622 4070,4623 4064,4623 4063,4623 4063,4622 4062,4621 4062,4617 4061,4615 3044,4615 3043,4615 3043,4614 3042,4613 3042,4600 3042,4599 980,4599 978,4601 978,4606 977,4607 976,4607 974,4609 974,4615 974,4615 968,4615 966,4617 966,4618 965,4619 960,4619 958,4621 958,4622 957,4623 956,4623 954,4625 954,4626 953,4627"/><TextEquiv index="1"><Unicode>je fus vendue au Monarque Africain;</Unicode></TextEquiv></TextLine><TextLine id="r0_l020"><Coords points="2247,4828 2246,4828 2247,4827 2248,4827 2251,4824 2251,4823 1771,4823 1770,4822 1768,4822 1767,4822 1767,4775 1767,4774 969,4774 962,4768 962,4767 962,4766 957,4766 956,4765 955,4765 954,4765 954,4764 952,4761 951,4761 950,4761 950,4755 950,4754 949,4754 948,4753 947,4753 946,4753 946,4714 947,4713 948,4713 950,4711 950,4706 951,4705 952,4705 952,4705 954,4703 954,4702 955,4701 956,4701 958,4699 958,4698 959,4697 960,4697 961,4696 966,4696 966,4696 966,4695 969,4692 978,4692 978,4692 978,4691 981,4688 1108,4688 1108,4688 1108,4678 1110,4676 1111,4676 1113,4674 1113,4673 1114,4672 1775,4672 1775,4672 1775,4657 1776,4656 1777,4656 1790,4643 2035,4643 2035,4643 2035,4641 2036,4640 2037,4640 2039,4638 2039,4637 2040,4636 2041,4636 2042,4635 2046,4635 2058,4623 2684,4623 2685,4625 2685,4626 2687,4627 3053,4627 3055,4630 3055,4631 3056,4631 3057,4631 3059,4634 3059,4635 3060,4635 3761,4635 3762,4634 3762,4633 3764,4631 3776,4631 3777,4632 3778,4632 3778,4633 3778,4634 3780,4635 3784,4635 3785,4636 3786,4636 3786,4637 3786,4639 3787,4639 3837,4639 3839,4642 3839,4643 3840,4643 3841,4643 3842,4644 3847,4644 3847,4645 3847,4655 3848,4655 3849,4655 3851,4658 3851,4667 3853,4668 3854,4668 3855,4670 3855,4675 3857,4676 3858,4676 3859,4678 3859,4684 3860,4684 4200,4684 4201,4686 4201,4687 4200,4688 4199,4688 4198,4689 4116,4689 4115,4690 4115,4737 4116,4737 4135,4737 4136,4739 4136,4740 4135,4741 4120,4741 4119,4742 4119,4761 4118,4762 4092,4762 4091,4763 4091,4764 4089,4766 4088,4766 4087,4767 4087,4768 4085,4770 4084,4770 4083,4771 4083,4772 4081,4774 4076,4774 4075,4775 4075,4776 4073,4778 3421,4778 3420,4779 3420,4790 3420,4790 3320,4790 3319,4791 3319,4821 3317,4823 3316,4823 3315,4824 3315,4825 3313,4827 3305,4827 3304,4827 3304,4787 3304,4786 2675,4786 2673,4785 2673,4775 2673,4774 1800,4774 1799,4775 1799,4789 1798,4790 1797,4790 1795,4792 1795,4797 1794,4798 1793,4798 1791,4800 1791,4801 1790,4802 1789,4802 1787,4804 1787,4809 1786,4810 1785,4810 1783,4812 1783,4813 1782,4814 1781,4814 1779,4816 1779,4817 1778,4818 1779,4818 2257,4818 2259,4821 2259,4826 2260,4826 2261,4826 2262,4828 2262,4828"/><TextEquiv index="1"><Unicode>comment je fus dérobée à ce troiſième</Unicode></TextEquiv></TextLine><TextLine id="r0_l021"><Coords points="4210,5036 4208,5034 4077,5034 4075,5033 4075,5032 4074,5030 4073,5030 4071,5029 4071,5028 4070,5027 4070,4982 4070,4981 3772,4981 3770,4980 3770,4979 3769,4977 3768,4977 3766,4976 3766,4975 3765,4973 3561,4973 3559,4972 3559,4971 3558,4969 2879,4969 2878,4970 2878,5026 2878,5026 2871,5026 2870,5026 2870,4970 2870,4969 1792,4969 1791,4970 1791,4976 1790,4977 1690,4977 1689,4978 1689,5017 1688,5018 1549,5018 1547,5020 1547,5021 1547,5021 1546,5021 1543,5024 1543,5025 1543,5025 1542,5025 1541,5026 1533,5026 1529,5030 1395,5030 1393,5029 1393,5028 1391,5025 1390,5025 1389,5025 1389,5024 1387,5021 1386,5021 1385,5021 1385,5019 1384,5018 1384,4978 1384,4977 968,4977 966,4976 966,4975 965,4973 960,4973 958,4972 958,4971 957,4969 956,4968 955,4968 954,4968 954,4967 952,4964 951,4964 950,4964 950,4963 949,4961 948,4961 946,4960 946,4930 948,4928 949,4928 950,4927 950,4922 952,4920 953,4920 954,4919 954,4918 956,4916 957,4916 958,4915 958,4906 961,4903 962,4903 962,4903 962,4902 965,4899 966,4899 966,4899 966,4898 969,4895 970,4895 970,4895 970,4894 973,4891 974,4891 974,4891 974,4890 977,4887 982,4887 982,4887 982,4886 985,4883 986,4883 986,4883 986,4882 989,4879 990,4879 990,4879 990,4874 993,4871 1055,4871 1055,4871 1055,4868 1055,4867 716,4867 714,4866 714,4865 716,4863 1059,4863 1059,4863 1059,4854 1060,4853 1060,4852 1061,4851 1062,4851 1064,4849 1064,4848 1065,4847 1066,4847 1068,4845 1068,4844 1069,4843 1070,4843 1072,4841 1072,4840 1073,4839 1074,4839 1076,4837 1076,4836 1077,4835 1078,4835 1079,4834 1203,4834 1204,4835 1205,4835 1206,4837 1206,4847 1207,4847 1842,4847 1850,4839 1858,4839 1859,4838 1860,4838 1860,4838 1860,4837 1862,4835 1863,4835 1864,4834 2246,4834 2246,4834 2246,4829 2247,4828 2262,4828 2262,4829 2262,4834 2263,4834 2479,4834 2480,4835 2481,4835 2482,4837 2482,4871 2483,4871 3339,4871 3339,4871 3339,4856 3339,4855 3293,4855 3290,4853 3290,4850 3291,4849 3291,4848 3292,4847 3293,4847 3294,4846 3294,4842 3295,4841 3295,4840 3296,4839 3297,4839 3298,4838 3298,4834 3299,4833 3299,4832 3300,4831 3301,4831 3303,4829 3303,4828 3304,4827 3311,4827 3311,4828 3311,4830 3312,4830 3395,4830 3396,4832 3396,4839 3397,4839 3843,4839 3843,4840 3843,4846 3844,4846 3845,4846 3847,4849 3847,4887 3848,4887 3992,4887 3993,4889 3993,4890 3995,4891 4073,4891 4075,4894 4075,4895 4076,4895 4081,4895 4083,4898 4083,4903 4084,4903 4085,4903 4087,4906 4087,4915 4089,4916 4090,4916 4091,4918 4091,5029 4092,5029 4207,5029 4208,5030 4209,5030 4209,5031 4209,5033 4210,5033 4211,5033 4212,5034 4213,5034 4213,5035 4213,5036 4213,5036"/><TextEquiv index="1"><Unicode>eſclavage. Ces avantures ont une teinte</Unicode></TextEquiv></TextLine><TextLine id="r0_l022"><Coords points="4153,5231 4152,5231 4152,5185 4152,5184 3902,5184 3900,5183 3900,5182 3899,5180 960,5180 958,5179 958,5178 957,5176 956,5176 954,5175 954,5174 953,5172 952,5172 950,5171 950,5170 949,5168 948,5168 946,5167 946,5112 946,5111 943,5111 942,5111 942,5108 942,5107 923,5107 922,5107 922,5106 921,5105 921,5100 921,5099 676,5099 673,5097 673,5094 674,5093 674,5092 675,5091 676,5091 678,5089 678,5088 679,5087 680,5087 681,5086 1149,5086 1149,5086 1149,5076 1151,5074 1153,5074 1153,5074 1153,5040 1155,5038 1160,5038 1161,5037 1161,5036 1163,5034 1241,5034 1242,5033 1242,5032 1244,5030 1245,5030 1246,5029 2867,5029 2868,5028 2868,5027 2869,5026 2923,5026 2924,5025 2928,5025 2929,5024 2929,5023 2930,5022 2931,5022 2932,5021 2935,5021 2937,5024 2937,5025 2938,5025 2939,5025 2941,5028 2941,5029 2942,5029 3351,5029 3352,5030 3367,5030 3368,5032 3368,5033 3369,5033 3759,5033 3760,5034 3761,5034 3763,5036 4213,5036 4213,5037 4212,5038 3856,5038 3855,5039 3855,5040 3858,5042 3859,5042 3859,5043 3859,5090 3860,5090 4064,5090 4065,5091 4066,5091 4067,5093 4067,5094 4069,5095 4090,5095 4091,5097 4091,5102 4093,5103 4094,5103 4095,5105 4095,5115 4096,5115 4106,5115 4107,5117 4107,5164 4108,5164 4200,5164 4201,5166 4201,5167 4203,5168 4204,5168 4205,5170 4205,5171 4204,5172 4178,5172 4177,5173 4177,5189 4176,5190 4176,5191 4171,5196 4161,5196 4160,5197 4160,5220 4159,5221 4158,5221 4156,5223 4156,5231 4156,5231"/><TextEquiv index="1"><Unicode>uniforme. Ces trois Serrails enchériſſoient</Unicode></TextEquiv></TextLine><TextLine id="r0_l023"><Coords points="4198,5444 4197,5444 4197,5443 4196,5442 4195,5440 4194,5440 4193,5440 4193,5421 4193,5420 4150,5420 4148,5419 4148,5410 4146,5407 4145,5407 4144,5407 4144,5388 4144,5387 3764,5387 3762,5386 3762,5385 3761,5383 3524,5383 3522,5382 3522,5381 3521,5379 3394,5379 3393,5378 2430,5378 2429,5379 2429,5427 2428,5428 2423,5428 2421,5430 2421,5431 2420,5432 1511,5432 1510,5433 1510,5442 1510,5442 1492,5442 1491,5442 1491,5433 1491,5432 1427,5432 1425,5431 1425,5388 1425,5387 1106,5387 1104,5386 1104,5385 1103,5383 944,5383 941,5381 941,5380 941,5379 940,5379 938,5378 938,5377 937,5376 937,5375 938,5374 938,5373 940,5371 942,5371 942,5371 942,5250 943,5249 957,5249 958,5248 958,5247 960,5245 1375,5245 1381,5239 1381,5238 1382,5237 1388,5237 1388,5237 1388,5236 1389,5235 1389,5234 1390,5233 1396,5233 1397,5235 1397,5236 1399,5237 1701,5237 1701,5238 1701,5239 1704,5241 1745,5241 1747,5244 1747,5245 1748,5245 1749,5245 1751,5248 1751,5249 1752,5249 1753,5249 1755,5252 1755,5281 1756,5281 2851,5281 2851,5281 2851,5240 2852,5239 2852,5238 2853,5237 2854,5237 2860,5231 2860,5230 2861,5229 3310,5229 3312,5231 4156,5231 4156,5232 4156,5314 4157,5314 4200,5314 4201,5316 4201,5407 4202,5407 4207,5407 4209,5410 4209,5414 4207,5416 4202,5416 4201,5417 4201,5444 4201,5444"/><TextEquiv index="1"><Unicode>l'un ſur l'autre, pour la débauche &amp;</Unicode></TextEquiv></TextLine><TextLine id="r0_l024"><Coords points="1236,5643 1234,5642 1234,5641 1233,5639 1207,5639 1206,5639 1206,5591 1206,5590 1138,5590 1137,5590 1137,5588 1137,5587 979,5587 978,5586 935,5586 934,5586 934,5585 932,5582 931,5582 930,5582 930,5580 932,5578 933,5578 933,5578 933,5577 936,5574 937,5574 937,5574 937,5457 938,5456 938,5454 940,5452 941,5452 942,5451 942,5450 944,5448 961,5448 962,5447 962,5446 964,5444 1233,5444 1235,5442 1235,5441 1236,5440 1977,5440 1978,5442 1978,5443 1980,5444 1985,5444 1986,5446 1986,5485 1987,5485 3750,5485 3750,5485 3750,5454 3752,5452 3753,5452 3753,5452 3754,5451 3754,5450 3756,5448 3757,5448 3758,5447 3758,5446 3760,5444 4204,5444 4205,5446 4205,5569 4204,5570 4133,5570 4132,5571 4132,5589 4130,5591 4129,5591 4127,5593 4127,5594 4127,5594 4126,5594 4125,5595 3990,5595 3989,5596 3989,5619 3989,5619 3954,5619 3953,5620 3953,5626 3952,5627 3946,5627 3945,5627 3945,5595 3945,5594 3865,5594 3863,5593 3863,5592 3862,5590 3767,5590 3766,5590 3766,5589 3764,5586 3556,5586 3555,5586 3555,5585 3553,5582 1804,5582 1803,5583 1803,5586 1803,5586 1802,5586 1801,5587 1581,5587 1580,5588 1580,5589 1579,5590 1247,5590 1246,5591 1246,5643 1246,5643"/><TextEquiv index="1"><Unicode>l'infamie. Mon amant me reconduiſit</Unicode></TextEquiv></TextLine><TextLine id="r0_l025"><Coords points="4017,5855 4016,5855 4016,5795 4016,5794 3665,5794 3664,5795 3664,5846 3664,5846 3663,5846 3660,5849 3660,5850 3660,5850 3659,5850 3658,5851 3639,5851 3638,5850 3637,5850 3636,5850 3636,5849 3635,5847 3626,5847 3624,5846 3624,5791 3624,5790 3460,5790 3457,5788 3457,5787 3457,5786 3282,5786 3281,5785 3280,5785 3279,5784 3278,5784 3278,5783 3277,5781 2887,5781 2884,5784 2884,5785 2884,5785 2883,5785 2882,5786 2347,5786 2346,5785 2345,5785 2344,5785 2344,5784 2342,5781 1729,5781 1728,5782 1727,5782 1726,5783 1726,5784 1724,5786 1662,5786 1661,5787 1661,5788 1657,5792 1657,5793 1657,5793 1656,5793 1655,5794 1589,5794 1588,5795 1588,5841 1586,5843 1583,5843 1582,5842 1581,5842 1580,5842 1580,5791 1580,5790 1564,5790 1563,5791 1563,5849 1562,5850 1552,5850 1551,5850 1551,5791 1551,5790 976,5790 974,5792 974,5793 974,5793 973,5793 972,5794 961,5794 960,5793 959,5793 958,5793 958,5792 956,5789 955,5789 954,5789 954,5783 954,5782 953,5782 944,5773 943,5773 942,5773 942,5763 941,5761 940,5761 938,5760 938,5742 939,5741 940,5741 942,5739 942,5726 943,5725 944,5725 946,5723 946,5722 948,5720 953,5720 954,5719 954,5718 955,5717 956,5717 956,5717 958,5715 958,5714 959,5713 960,5713 962,5711 962,5710 964,5708 969,5708 971,5706 971,5705 972,5704 1064,5704 1064,5704 1064,5693 1065,5692 1214,5692 1214,5692 1214,5653 1216,5651 1298,5651 1299,5653 1299,5688 1300,5688 1908,5688 1909,5687 1909,5682 1912,5679 1913,5679 1913,5679 1913,5678 1916,5675 1917,5675 1917,5675 1917,5670 1920,5667 1921,5667 1921,5667 1921,5666 1924,5663 1925,5663 1925,5663 1925,5662 1926,5661 1926,5660 1834,5660 1832,5659 1832,5657 1834,5655 1937,5655 1937,5655 1937,5654 1940,5651 1945,5651 1945,5651 1945,5650 1948,5647 1953,5647 1953,5647 1953,5646 1956,5643 1973,5643 1974,5642 1974,5641 1976,5639 1977,5639 1978,5641 1978,5642 1980,5643 1993,5643 1994,5645 1994,5646 1996,5647 2266,5647 2266,5647 2266,5646 2269,5643 2270,5643 2270,5643 2270,5642 2273,5639 2294,5639 2295,5641 2295,5643 2296,5643 2688,5643 2689,5642 2689,5641 2691,5639 2712,5639 2714,5642 2714,5643 2715,5643 2826,5643 2827,5645 2827,5646 2829,5647 2830,5647 2831,5649 2831,5688 2832,5688 2875,5688 2876,5690 2876,5691 2878,5692 3299,5692 3299,5692 3299,5653 3301,5651 3327,5651 3327,5651 3327,5649 3329,5647 3330,5647 3331,5646 3331,5645 3333,5643 3407,5643 3408,5645 3408,5655 3409,5655 3488,5655 3490,5658 3490,5704 3491,5704 3651,5704 3652,5706 3652,5707 3654,5708 3932,5708 3932,5708 3932,5675 3933,5674 3933,5673 3934,5672 3936,5672 3937,5671 3973,5671 3973,5671 3973,5658 3980,5651 3996,5651 3998,5654 3998,5655 3999,5655 4000,5655 4002,5658 4002,5708 4003,5708 4053,5708 4054,5710 4054,5712 4055,5712 4118,5712 4119,5714 4119,5715 4120,5716 4120,5718 4119,5719 4119,5720 4119,5720 4118,5720 4117,5721 4092,5721 4091,5722 4091,5752 4090,5753 4089,5753 4087,5755 4087,5768 4086,5769 4068,5769 4067,5770 4067,5780 4066,5781 4065,5781 4063,5783 4063,5787 4062,5788 4062,5789 4062,5789 4061,5789 4058,5792 4058,5793 4057,5794 4034,5794 4033,5795 4033,5855 4033,5855"/><TextEquiv index="1"><Unicode>en France. On le diſoit mutilé par la</Unicode></TextEquiv></TextLine><TextLine id="r0_l026"><Coords points="3695,6054 3693,6053 3693,6052 3691,6049 3690,6049 3689,6049 3689,6048 3688,6047 3688,6042 3688,6041 2483,6041 2314,6041 2313,6042 2313,6050 2313,6050 1480,6050 1478,6052 1221,6052 1220,6053 1220,6054 1220,6054 1207,6054 1206,6054 1206,5998 1206,5997 964,5997 962,5996 962,5995 960,5992 959,5992 958,5992 958,5991 957,5989 948,5989 946,5988 946,5987 946,5986 944,5984 943,5984 942,5984 942,5979 940,5976 939,5976 938,5976 938,5975 936,5972 931,5972 930,5972 930,5971 929,5970 929,5963 932,5960 933,5960 933,5960 933,5948 934,5947 934,5946 938,5942 938,5933 939,5932 940,5932 942,5930 942,5925 943,5924 944,5924 944,5924 946,5922 946,5921 947,5920 948,5920 950,5918 950,5917 951,5916 952,5916 953,5915 961,5915 965,5911 970,5911 970,5911 970,5910 973,5907 1079,5907 1080,5906 1080,5897 1082,5895 1275,5895 1275,5895 1275,5868 1275,5867 745,5867 743,5866 743,5864 745,5862 1275,5862 1275,5862 1275,5856 1276,5855 1277,5855 1279,5853 1279,5852 1280,5851 1281,5851 1282,5850 1287,5850 1287,5850 1287,5849 1290,5846 2030,5846 2031,5845 2031,5844 2033,5842 2046,5842 2047,5844 2047,5845 2049,5846 2529,5846 2531,5849 2531,5850 2532,5850 2903,5850 2904,5852 2904,5854 2905,5854 3944,5854 3944,5854 3944,5853 3947,5850 3949,5853 3949,5854 3950,5854 3951,5854 3952,5855 4034,5855 4034,5856 4034,5927 4035,5927 4089,5927 4090,5928 4091,5928 4091,5929 4091,5956 4092,5956 4212,5956 4213,5958 4213,5959 4212,5960 4092,5960 4091,5961 4091,6029 4091,6029 4089,6029 4088,6030 4080,6030 4079,6031 4079,6049 4079,6049 4078,6049 4077,6050 3727,6050 3725,6052 3725,6053 3724,6054"/><TextEquiv index="1"><Unicode>cruelle opération, dont je vous ai parlé.</Unicode></TextEquiv></TextLine><TextLine id="r0_l027"><Coords points="4035,6260 4034,6260 4034,6205 4034,6204 3702,6204 3701,6205 3701,6207 3700,6208 3699,6208 3697,6210 3697,6211 3696,6212 3695,6212 3693,6214 3693,6215 3692,6216 3691,6216 3689,6218 3689,6219 3688,6220 3687,6220 3684,6223 3684,6224 3684,6224 3683,6224 3680,6227 3680,6228 3680,6228 3671,6228 3668,6231 3668,6232 3668,6232 3667,6232 3666,6233 3660,6233 3659,6232 3658,6232 3656,6231 3656,6205 3656,6204 3492,6204 3489,6202 3489,6201 3489,6200 3447,6200 3445,6199 3445,6197 3445,6196 2995,6196 2994,6197 2994,6240 2994,6240 2993,6240 2992,6241 2991,6241 2990,6242 2990,6243 2988,6245 2979,6245 2978,6246 2978,6247 2976,6249 2960,6249 2957,6247 2957,6246 2957,6245 2952,6245 2951,6244 2950,6244 2949,6244 2949,6197 2949,6196 2752,6196 2750,6195 2750,6194 2749,6192 2378,6192 2376,6194 2376,6195 2375,6196 1967,6196 1966,6197 1966,6243 1964,6245 1947,6245 1945,6247 1945,6248 1944,6249 1928,6249 1925,6247 1925,6246 1925,6245 1919,6245 1917,6244 1917,6234 1917,6233 1788,6233 1787,6232 1780,6232 1779,6232 1779,6201 1779,6200 1459,6200 1458,6201 1458,6256 1458,6256 1446,6256 1445,6256 1445,6254 1445,6253 1314,6253 1311,6251 1311,6250 1311,6249 1310,6249 1307,6247 1307,6201 1307,6200 989,6200 986,6198 986,6197 986,6196 968,6196 966,6195 966,6194 965,6192 960,6192 958,6191 958,6186 956,6183 955,6183 954,6183 954,6182 953,6180 949,6180 948,6179 947,6179 946,6179 946,6170 944,6167 943,6167 942,6167 942,6158 940,6155 939,6155 938,6155 938,6083 938,6082 927,6082 926,6082 926,6081 917,6072 917,6064 919,6062 920,6062 922,6060 922,6059 923,6058 1043,6058 1044,6057 1206,6057 1206,6057 1206,6055 1207,6054 1433,6054 1433,6054 1433,6053 1434,6052 1478,6052 1478,6053 1478,6098 1479,6098 1603,6098 1604,6100 1604,6106 1605,6106 2103,6106 2104,6105 2104,6104 2105,6103 2106,6103 2107,6102 2299,6102 2299,6102 2299,6051 2300,6050 2315,6050 2315,6051 2315,6052 2318,6054 2319,6054 2319,6055 2319,6101 2321,6102 2322,6102 2323,6104 2323,6106 2324,6106 2673,6106 2673,6106 2673,6059 2674,6058 2838,6058 2839,6057 2839,6056 2840,6055 2841,6054 2842,6054 2843,6053 3050,6053 3051,6052 3051,6051 3052,6050 3053,6050 3054,6049 3066,6049 3067,6048 3067,6047 3068,6046 3069,6046 3070,6045 3073,6045 3074,6046 3075,6046 3075,6047 3075,6049 3076,6049 3353,6049 3354,6050 3355,6050 3355,6051 3355,6052 3356,6053 3358,6054 3359,6054 3359,6055 3359,6056 3362,6058 3363,6058 3364,6060 3364,6111 3365,6111 3863,6111 3863,6111 3863,6068 3865,6066 3916,6066 3916,6066 3916,6064 3918,6062 4012,6062 4014,6060 4014,6059 4015,6058 4029,6058 4030,6060 4030,6061 4031,6061 4032,6061 4034,6064 4034,6069 4036,6070 4037,6070 4038,6072 4038,6077 4040,6078 4041,6078 4042,6080 4042,6110 4043,6110 4056,6110 4057,6111 4058,6111 4058,6112 4058,6113 4060,6114 4080,6114 4081,6115 4082,6115 4083,6117 4083,6183 4084,6183 4085,6183 4087,6186 4087,6253 4088,6253 4200,6253 4200,6253 4200,6036 4203,6033 4204,6033 4205,6035 4205,6036 4208,6038 4209,6038 4209,6039 4209,6253 4210,6253 4212,6253 4213,6255 4213,6257 4213,6257 4044,6257 4043,6258 4043,6260 4043,6260"/><TextEquiv index="1"><Unicode>Une preuve que rien n'eſt plus faux, c'eſt</Unicode></TextEquiv></TextLine><TextLine id="r0_l028"><Coords points="1373,6462 1372,6462 1372,6457 1372,6456 1264,6456 1263,6456 1263,6453 1263,6452 972,6452 970,6451 970,6400 970,6399 956,6399 954,6398 954,6397 953,6395 948,6395 946,6394 946,6393 945,6391 940,6391 938,6390 938,6389 937,6387 932,6387 929,6385 929,6384 929,6383 928,6383 925,6381 925,6372 925,6371 924,6371 921,6369 921,6364 921,6363 920,6363 917,6361 920,6358 921,6358 921,6358 921,6341 929,6333 929,6329 930,6328 930,6327 931,6326 932,6326 934,6324 934,6323 935,6322 945,6322 945,6322 945,6321 948,6318 965,6318 966,6317 966,6316 968,6314 985,6314 986,6313 986,6312 988,6310 989,6310 990,6309 1055,6309 1055,6309 1055,6305 1056,6304 1056,6303 1057,6302 1058,6302 1059,6301 1267,6301 1267,6301 1267,6287 1269,6285 1270,6285 1271,6284 1271,6283 1273,6281 1274,6281 1275,6280 1275,6279 1277,6277 1282,6277 1283,6276 1283,6275 1285,6273 1311,6273 1311,6273 1311,6272 1312,6271 1312,6270 1313,6269 1319,6269 1319,6269 1319,6268 1322,6265 1441,6265 1441,6265 1441,6260 1442,6259 1442,6258 1443,6257 1444,6257 1445,6256 1459,6256 1460,6257 1461,6257 1462,6259 1462,6260 1464,6261 1689,6261 1689,6262 1689,6263 1692,6265 1697,6265 1697,6266 1697,6267 1700,6269 1904,6269 1905,6271 1905,6289 1906,6289 1908,6289 1909,6291 1909,6302 1910,6302 2299,6302 2299,6302 2299,6263 2301,6261 2302,6261 2303,6260 2303,6259 2305,6257 2323,6257 2323,6258 2323,6308 2325,6309 2491,6309 2492,6310 2878,6310 2880,6308 2880,6307 2881,6306 2884,6306 2884,6307 2884,6308 2886,6309 3211,6309 3212,6310 3213,6310 3213,6311 3213,6312 3215,6313 3713,6313 3713,6313 3713,6271 3715,6269 3720,6269 3721,6268 3721,6267 3723,6265 3728,6265 3729,6264 3729,6263 3731,6261 4033,6261 4034,6260 4209,6260 4209,6260 4209,6259 4208,6258 4209,6257 4213,6257 4213,6258 4213,6260 4212,6261 4046,6261 4045,6262 4047,6264 4047,6265 4048,6265 4180,6265 4180,6266 4180,6269 4180,6269 4051,6269 4050,6270 4050,6342 4051,6342 4111,6342 4111,6343 4111,6346 4111,6346 4110,6346 4107,6349 4107,6350 4107,6350 4084,6350 4083,6351 4083,6398 4082,6399 4008,6399 4005,6402 4005,6403 4005,6403 3817,6403 3814,6406 3814,6407 3814,6407 3557,6407 3555,6409 3555,6418 3554,6419 3553,6419 3550,6422 3550,6423 3550,6423 3545,6423 3542,6426 3542,6427 3542,6427 3541,6427 3540,6428 3536,6428 3534,6430 3534,6431 3534,6431 3533,6431 3532,6432 3528,6432 3526,6434 3526,6435 3526,6435 3525,6435 3524,6436 3344,6436 3343,6437 3343,6439 3342,6440 3341,6440 3339,6442 3339,6447 3338,6448 3333,6448 3331,6450 3331,6451 3330,6452 3325,6452 3323,6454 3323,6455 3322,6456 3317,6456 3315,6455 3315,6454 3314,6452 3309,6452 3307,6451 3307,6400 3307,6399 2837,6399 2836,6400 2836,6401 2834,6403 2715,6403 2714,6403 2714,6402 2712,6399 1918,6399 1917,6400 1917,6406 1916,6407 1907,6407 1905,6406 1905,6404 1905,6403 1487,6403 1486,6404 1486,6415 1486,6415 1485,6415 1482,6418 1482,6419 1482,6419 1471,6419 1470,6420 1470,6462 1470,6462"/><TextEquiv index="1"><Unicode>que j'ai très - certainement conçu, de lui</Unicode></TextEquiv></TextLine><TextLine id="r0_l029"><Coords points="1154,6666 1153,6666 1153,6624 1153,6623 1006,6623 1005,6622 975,6622 974,6622 974,6607 974,6606 927,6606 926,6606 926,6605 924,6602 923,6602 922,6602 922,6601 921,6600 921,6597 925,6593 925,6524 926,6523 926,6522 927,6521 937,6521 937,6521 937,6520 942,6515 942,6498 943,6497 944,6497 946,6495 946,6490 947,6489 948,6489 950,6487 950,6486 952,6484 957,6484 958,6483 958,6482 959,6481 960,6481 962,6479 962,6478 963,6477 964,6477 966,6475 966,6474 967,6473 968,6472 969,6472 971,6470 971,6469 972,6468 973,6468 975,6466 975,6465 976,6464 1185,6464 1185,6464 1185,6463 1190,6458 1190,6457 1191,6456 1936,6456 1937,6455 1937,6454 1939,6452 1941,6452 1941,6453 1941,6454 1944,6456 1961,6456 1962,6458 1962,6460 1963,6460 2477,6460 2478,6462 2478,6463 2480,6464 2749,6464 2750,6466 2750,6467 2752,6468 2757,6468 2758,6470 2758,6471 2759,6471 2760,6472 2761,6472 2762,6474 2762,6487 2765,6489 2766,6489 2766,6490 2766,6504 2767,6504 4039,6504 4040,6505 4042,6505 4042,6506 4042,6507 4049,6513 4062,6513 4062,6514 4062,6515 4063,6516 4063,6520 4065,6521 4066,6521 4066,6522 4066,6523 4067,6524 4067,6553 4068,6553 4085,6553 4086,6554 4087,6554 4087,6555 4087,6602 4088,6602 4098,6602 4099,6604 4099,6626 4100,6626 4129,6626 4130,6627 4131,6627 4132,6629 4132,6630 4133,6630 4134,6630 4136,6633 4135,6634 4135,6635 4135,6635 4023,6635 4022,6636 4022,6654 4021,6655 3835,6655 3834,6656 3834,6664 3834,6664 2600,6664 2599,6665 1268,6665 1267,6666"/><TextEquiv index="1"><Unicode>ſeul, un enfant qui eſt mort en venant</Unicode></TextEquiv></TextLine><TextLine id="r0_l030"><Coords points="1736,6892 1735,6892 1735,6827 1735,6826 928,6826 925,6824 925,6823 925,6822 904,6822 903,6821 902,6821 901,6821 901,6803 900,6801 899,6801 897,6800 897,6799 897,6798 896,6797 895,6797 893,6796 893,6746 893,6745 807,6745 806,6744 805,6744 804,6744 804,6743 803,6742 803,6740 804,6739 804,6738 806,6736 913,6736 913,6736 913,6735 915,6733 915,6732 785,6732 783,6731 783,6730 785,6728 925,6728 925,6728 925,6727 928,6724 970,6724 970,6724 970,6718 972,6716 1070,6716 1074,6712 1145,6712 1145,6712 1145,6705 1146,6704 1154,6704 1154,6704 1154,6667 1155,6666 1600,6666 1600,6666 1600,6665 1602,6663 1982,6663 1982,6663 1982,6661 1983,6660 2048,6660 2049,6659 2050,6659 2051,6658 2051,6657 2053,6655 2054,6655 2055,6657 2055,6658 2057,6659 2062,6659 2063,6661 2063,6663 2064,6663 3232,6663 3233,6664 3835,6664 3835,6665 3835,6666 3837,6667 3838,6667 3839,6669 3839,6675 3840,6675 4094,6675 4095,6677 4095,6682 4097,6683 4098,6683 4099,6685 4099,6744 4100,6744 4118,6744 4119,6746 4119,6748 4118,6749 4117,6749 4116,6750 4116,6755 4114,6757 4076,6757 4075,6758 4075,6776 4074,6777 4068,6777 4067,6778 4067,6824 4065,6826 4064,6826 4063,6827 4063,6828 4061,6830 3921,6830 3920,6831 3920,6849 3919,6850 3267,6850 3266,6851 3266,6874 3266,6874 3265,6874 3264,6875 1829,6875 1828,6876 1828,6892 1828,6892"/><TextEquiv index="1"><Unicode>au monde. Alors j'ai commis le crime</Unicode></TextEquiv></TextLine><TextLine id="r0_l031"><Coords points="3552,8395 4173,8395 4173,8562 3552,8562"/><TextEquiv index="1"><Unicode></Unicode></TextEquiv></TextLine></TextRegion></Page></PcGts>