4266 8116
1405 777 1936 992 Ss
413 964 3288 1190 que je me reprocherai toute ma vie. J'ai
254 1183 3300 1382 fait le plus horrible vol. J'ai dérobé, à
179 1341 3292 1548 votre belle Aurore, ſon enfant vivant....“
454 1559 3330 1752 A ces mots, des ſanglots coupèrent
390 1743 3330 1944 la parole à l'intéreſſante Fatime „Je
183 1927 3330 2123 “ſuis bien malheureuſe, reprit - elle,
183 2119 3303 2313 “je le ſens doublement; car je me vois
198 2303 3330 2454 “criminelle & infortunée. Outre la
322 2491 3450 2695 “faute que je me reproche à votre
397 2683 3307 2875 “égard, j'ai perdu mon amant. Je ne
183 2863 3311 3067 “ſais comment, ni pourquoi il a diſ-
266 3059 3311 3247 “paru. Vous y perdez, comme moi;
394 3241 3341 3425 “car il m'a enlevé votre fils, qu'il croit
183 3425 3307 3614 “peut-être le ſien. Alors Fatime reſta
195 3611 3307 3800 muette, & répandit, en ſilence, un
191 3799 1815 3965 torrent de larmes.
443 3965 3318 4179 Je fis ce que je pus pour la conſoler,
397 4172 3386 4360 & il me ſembloit que j'y réuſſiſſois. Fa-
187 4359 3469 4544 time, très-bonne & très-belle fille, pa-
394 4540 3334 4713 roiſſoit avoir un cœur aſſez combuſtible,
405 4728 3311 4927 & une vertu aſſez fragile. Ses yeux me
292 4918 3307 5127 peignoient l'intérêt que je ſemblois lui
225 5106 3311 5300 mſpirer. Les miens n'étoient peut-être
225 5289 3476 5498 pas plus muets pour elle. Le ſoir, étant
401 5482 3345 5681 très-fatigués, nous nous arrêtâmes dans
206 5668 3341 5870 une Auberge, pour y paſſer la nuit. Fa-
405 5850 3634 6063 time, tandis que j'étois à l'écart, y fut
401 6044 3334 6247 accoſtée par un homme, qui prit feu,
394 6217 3300 6424 ſubitement, pour elle. Pour ſe débarraſſer
