4266 7979
1545 597 2026 833 (.
189 846 3256 1022 “d'un bois. Mon homme a voulu deſ-
359 1036 3214 1225 “cendre dans la cave. On l'en a em-
51 1222 3251 1423 “pêché, en le menaçant de le mettre
-14 1404 3218 1601 “à la porte, s'il tentoit, une ſeconde
367 1593 3221 1779 “fois, d'y deſcendre. Ce zèle ſi particu-
156 1780 3226 1967 “lier, pour défendre l'entrée de cette
363 1969 3218 2155 “cave, nous a fait ſoupçonner que
363 2147 3515 2345 “l'infortunée peut y être enfermée. Je
356 2330 3508 2530 “me ſuis tranſportée dans cet endroit.
170 2511 3229 2719 “J'ai tâché de gagner le Concierge. Il
356 2697 3246 2887 “a l'air dur & bourru. Je lui ai offert
170 2893 3237 3087 “quelqu'argent. Il m'a relancée verte-
-8 3069 3236 3264 “ment, en fronçant le ſourcil. A pro-
348 3255 3504 3451 “pos de quoi cet argent, m'a-t-il dit?
-9 3447 3325 3637 “Voulez-vous me ſéduire, m'engager
0 3629 3240 3864 “à quelque mauvaiſe action? J'ai été
-3 3820 3225 4006 “déconcertée, & j'ai repris mon argent.
-8 4002 3233 4188 “Depuis ce temps-là, j'ai cherché d'au-
-7 4184 3229 4375 “tres moyens de parvenir à mes fins;
-7 4371 3233 4555 “je n'en ai point trouvé. Le caractère
-6 4549 3226 4725 “dur de cet homme annonce un Geolier.
-3 4741 3225 4928 “De plus, ce même homme a remis,
-6 4927 3225 5091 “à une nourrice des environs, un en-
-6 5109 3232 5303 “fant nouveau - né, beau comme le
-5 5300 3214 5493 “jour. Je ſoupçonne que c'eſt ton fils,
-5 5478 3329 5679 “mon cher ami. Je ſuis allé le voir.
-4 5663 3240 5859 “Je l'ai careſſé comme s'il eût été mon
-4 5843 3203 6050 “enfant; & j'ai donné quelqu'argent à
-4 6031 3214 6267 “la nourrice, pour la mettre dans nos
