4266 8446
1093 785 4151 1003 “intérêts. A préſent que te voilà de
1085 998 4124 1192 “retour, tu vas me ſeconder; tu ap-
990 1200 4147 1406 “planiras tous les obſtacles. Je te me-
1081 1389 4183 1587 “nerai demain voir ton fils, & le lieu
1089 1595 3977 1798 “qui renferme ton adorable Laure.“
1283 1789 4131 1988 Je remerciai tendrement ma chère
1085 1982 4199 2196 Mille - Fleurs des peines qu'elle avoir
1085 2183 4199 2587 ſ & je la priai de me continuer
1287 2586 4167 2792 Le lendemain, je la diſpenſai de me
1081 2788 4131 2994 conduire elle-même dans l'endroit, où
1081 2985 4128 3187 elle ſuppoſoit que vivoit ma chère Laure.
1046 3184 4135 3386 „Si le Concierge ſe méſie de toi, lui
1066 3377 4147 3593 “dis-je, ta préſence pourroit tout gâter.
1066 3582 4143 3795 “Il ſuffit que tu m'enſeignes où eſt ce
1066 3788 4139 3998 “lieu fatal.“ Elle me l'enſeigna, & je
1062 3993 4135 4199 partis. Arrivé dans l'endroit, je me rendis
1070 4194 4139 4397 ſur-le-champ chez le Concierge. Je le
1069 4392 4131 4596 trouvai auſſi bourru qu'on me l'avoit
1046 4590 4124 4796 dit. Lui offrir de l'argent pour me faire
1026 4787 4175 4981 voir Laure, c'étoit le moyen de lui
821 4985 4135 5186 faire prendre d'abord ſon humeur maſ-
1081 5178 4124 5396 ſacrante. Il falloit pourtant lui faire accep-
892 5380 4128 5591 ter de ce métal tout puiſſant, parce que
1089 5581 4179 5787 c'eſt un je ne ſais quoi d'onctueux qui
1089 5779 4191 5980 rend les gens ſouples; mais il étoit né-
1097 5972 4199 6190 ceſſaire de lui cacher que c'étoit pour
864 6178 4116 6388 Laure que je le lui préſentois, afin qu'il
1101 6370 4187 6605 ne ſe cabrât pas. Je vis, ſur la porte
