4266 8161
1243 901 4220 1116 tranſportai mon doux fardeau, & nous
1015 1110 2650 1302 volâmes vers Paris.
1436 1300 4186 1497 Nous arrivâmes bientôt dans les bras
1216 1489 4175 1684 de ma chère Mille-Fleurs, qui reçut Laure
1239 1679 4163 1876 avec autant de tendreſſe que moi-même.
1235 1869 4099 2062 J'appris, à la Demoiſelle, toutes les
1198 2058 4129 2255 obligations qu'elle avoit à la courtiſanne
1228 2248 4110 2396 vertueuſe. Celle-ci remercia ſa bienfai-
1206 2438 4092 2632 trice, avec la plus vive reconnoiſſance.
1205 2631 4103 2825 Nous la conduisîmes dans ſon apparte-
1175 2821 4084 3010 ment. Elle parut enchantée de s'y voir
1027 3010 4076 3198 „Quel contraſte, diſoit-elle, de ce liet
1212 3196 4053 3388 “de délices, avec mon cachot!“ S
1209 3382 4049 3580 foibleſſe lui impoſa le beſoin de ſe mette
1106 3572 4057 3761 au lit. Son enfant étoit une fort jole
1190 3765 4046 3966 petite fille. Les traits étoient charmans,
962 3951 4042 4149 & l'on voyoit aiſément que, quand elle
1137 4140 4035 4342 auroit été mieux nourrie, pendant quel-
905 4338 4038 4531 ques jours, les fleurs de la beauté na
1190 4520 4019 4683 troient ſur ſon teint délicat. J'embraſſai,
1186 4709 4012 4904 avec le plus tendre intérêt, cette chère
1129 4899 3993 5099 enfant, doublement intéreſſante, part
1182 5092 3955 5290 qu'elle étoit malheureuſe. Laure reſpiroi
1175 5280 3985 5481 avec délices dans ſon lit. Elle alaitoit
1106 5475 3978 5674 ſon enfant. Elle nous peignoit ſa recon-
1110 5657 3974 5866 noiſſance. Nous ſoupâmes auprès d'elle,
1171 5842 3985 6060 la faiſant participer à notre repas. Nous
1159 6052 3966 6267 paſsâmes la plus agréable ſoirée. Je me
3484 6222 3955 6432 retira
