<PcGts xmlns="http://schema.primaresearch.org/PAGE/gts/pagecontent/2017-07-15" xmlns:xsi="http://www.w3.org/2001/XMLSchema-instance" xsi:schemaLocation="http://schema.primaresearch.org/PAGE/gts/pagecontent/2017-07-15 http://schema.primaresearch.org/PAGE/gts/pagecontent/2017-07-15/pagecontent.xsd"><Metadata><Creator>User123</Creator><Created>2020-10-15T18:12:22</Created><LastChange>2020-10-15T18:12:22</LastChange></Metadata><Page imageFilename="0106.png" imageHeight="8205" imageWidth="4266"><TextRegion id="r0" type="paragraph" orientation="0.125"><Coords points="1,1 4264,1 4264,8203 1,8203"/><TextLine id="r0_l001"><Coords points="1232,576 1913,575 1913,781 1232,782"/><TextEquiv index="1"><Unicode></Unicode></TextEquiv></TextLine><TextLine id="r0_l002"><Coords points="1148,1027 1147,1027 1147,1026 1145,1023 1140,1023 1139,1023 1139,1022 1139,1021 -14,1024 -15,1023 -15,850 -14,849 -14,848 -6,840 -5,840 -2,837 -1,837 0,836 1018,833 1020,831 1021,831 1022,830 1045,830 1046,830 1046,825 1047,823 2205,821 2207,819 2840,817 2841,817 2841,813 2841,812 2842,812 2843,811 2846,811 2849,814 2849,877 2849,877 3201,877 3203,878 3203,879 3204,881 3273,881 3274,881 3282,881 3284,883 3284,884 3285,885 3290,885 3291,886 3291,887 3293,889 3294,889 3295,890 3295,891 3298,893 3299,893 3299,894 3299,895 3301,896 3302,896 3303,898 3303,899 3305,900 3306,900 3307,902 3307,945 3306,946 3305,946 3303,948 3303,953 3302,954 3301,954 3299,956 3299,957 3298,958 3297,958 3295,960 3295,961 3294,962 3285,962 3284,963 3284,964 3282,966 3275,966 3274,966 1875,969 1874,969 1874,983 1873,985 1872,985 1871,985 1871,990 1869,993 1868,993 1867,993 1867,998 1866,1000 1865,1000 1864,1001 1863,1001 1863,1002 1862,1004 1861,1004 1860,1005 1859,1005 1859,1006 1858,1008 1798,1008 1797,1008 1797,1024 1797,1025 1181,1026 1180,1027"/><TextEquiv index="1"><Unicode>retirai à regret, &amp; je m'endormis avec</Unicode></TextEquiv></TextLine><TextLine id="r0_l003"><Coords points="3080,1231 3080,1230 3080,1228 3079,1227 3079,1164 3078,1164 1582,1167 1582,1168 1582,1172 1579,1174 1578,1174 1578,1175 1578,1176 1575,1178 1574,1178 1574,1179 1574,1180 1572,1181 1571,1181 1571,1182 1570,1183 1570,1184 1568,1185 1563,1185 1563,1186 1563,1187 1560,1189 1435,1190 1435,1190 1435,1191 1433,1193 1012,1193 1012,1194 1012,1195 1009,1197 1005,1197 1004,1199 1004,1200 1003,1200 1002,1200 1001,1201 561,1202 561,1203 561,1223 559,1224 558,1224 557,1226 557,1227 556,1227 555,1227 554,1228 1,1230 1,1230 1,1233 0,1234 -7,1234 -8,1233 -12,1233 -13,1231 -13,1230 -14,1229 -15,1024 -14,1024 -8,1024 -7,1023 1,1023 1,1023 1,1025 1,1026 1740,1022 1740,1021 1740,1020 1742,1019 2298,1018 2298,1017 2298,1016 2299,1016 2422,1015 2423,1016 2424,1016 2428,1020 2889,1019 2890,1020 2891,1020 2891,1021 2891,1069 2892,1069 3274,1069 3274,1069 3274,1070 3275,1070 3276,1070 3276,1071 3276,1072 3278,1073 3282,1073 3284,1076 3284,1077 3285,1077 3290,1077 3292,1080 3292,1081 3293,1081 3294,1081 3296,1084 3296,1085 3297,1085 3298,1085 3299,1087 3299,1088 3301,1089 3302,1089 3303,1091 3303,1096 3304,1096 3305,1096 3306,1097 3307,1097 3307,1098 3307,1099 3306,1100 3307,1138 3305,1139 3304,1139 3303,1141 3303,1146 3302,1146 3301,1146 3299,1149 3299,1150 3298,1150 3293,1150 3291,1153 3291,1154 3290,1154 3289,1154 3287,1157 3287,1158 3286,1158 3281,1158 3280,1160 3280,1161 3278,1162 3088,1163 3088,1163 3088,1227 3087,1228 3087,1230 3086,1231"/><TextEquiv index="1"><Unicode>le plaiſir, enfin, d'avoir fait une bonne</Unicode></TextEquiv></TextLine><TextLine id="r0_l004"><Coords points="0,1443 -1,1443 -4,1440 -5,1440 -8,1437 -9,1437 -14,1432 -14,1235 -12,1233 -8,1233 -7,1234 0,1234 1,1234 1,1236 1,1237 559,1235 561,1237 561,1285 561,1285 729,1285 730,1286 730,1287 732,1289 736,1289 742,1295 742,1331 742,1331 786,1331 789,1333 789,1334 789,1335 790,1335 792,1336 792,1337 793,1339 794,1339 796,1340 796,1357 796,1358 795,1358 792,1360 788,1364 788,1365 788,1366 509,1367 506,1370 390,1370 388,1371 388,1372 387,1374 1,1375 1,1375 1,1443 1,1444"/><TextEquiv index="1"><Unicode>action.</Unicode></TextEquiv></TextLine><TextLine id="r0_l005"><Coords points="-1,1793 -3,1791 -4,1791 -5,1790 -6,1790 -9,1787 -10,1787 -13,1783 -13,1602 -10,1599 -9,1599 -6,1596 -5,1596 -4,1595 -3,1595 -1,1593 0,1593 1,1593 1,1614 1,1615 1507,1611 1509,1609 1723,1609 1724,1608 1724,1606 1725,1605 1730,1605 1732,1603 1732,1602 1733,1601 1795,1601 1798,1598 1798,1597 1798,1597 1799,1597 1801,1595 1801,1594 1802,1593 1807,1593 1809,1591 1809,1590 1810,1589 3142,1586 3143,1585 3144,1585 3145,1584 3145,1583 3146,1582 3159,1582 3160,1582 3160,1583 3161,1585 3165,1585 3166,1586 3167,1586 3168,1586 3168,1587 3169,1589 3173,1589 3174,1590 3175,1590 3176,1590 3176,1608 3176,1609 3232,1609 3234,1610 3234,1611 3234,1612 3238,1612 3239,1613 3240,1613 3241,1613 3241,1614 3242,1616 3250,1616 3251,1617 3252,1617 3253,1617 3253,1618 3254,1619 3254,1620 3255,1620 3257,1621 3257,1630 3258,1632 3259,1632 3260,1633 3298,1632 3299,1633 3299,1634 3301,1636 3305,1636 3307,1638 3307,1639 3307,1639 3316,1639 3318,1641 3318,1661 3320,1663 3321,1663 3322,1664 3322,1681 3320,1682 3319,1682 3318,1684 3318,1689 3317,1689 3316,1689 3316,1690 3314,1692 3314,1693 3313,1693 3308,1693 3307,1695 3307,1696 3305,1697 3268,1698 3268,1698 3268,1703 3266,1705 3265,1705 3265,1705 3265,1706 3262,1709 3261,1709 3261,1709 3261,1714 3258,1717 3257,1717 3257,1717 3257,1718 3255,1720 3254,1720 3253,1721 3253,1721 3253,1722 3251,1724 3246,1724 3245,1725 3245,1726 3243,1728 3235,1728 3233,1730 3233,1731 3232,1732 1890,1735 1890,1735 1890,1745 1888,1747 1859,1747 1859,1747 1859,1773 1858,1774 1381,1775 1381,1775 1381,1785 1380,1786 1352,1786 1351,1784 1351,1783 1350,1782 1350,1749 1349,1749 1,1752 1,1752 1,1792 0,1793"/><TextEquiv index="1"><Unicode>i</Unicode></TextEquiv></TextLine><TextLine id="r0_l006"><Coords points="1616,1952 2040,1951 2040,2091 1616,2092"/><TextEquiv index="1"><Unicode>Suite.</Unicode></TextEquiv></TextLine><TextLine id="r0_l007"><Coords points="99,2210 465,2209 466,2367 100,2368"/><TextEquiv index="1"><Unicode></Unicode></TextEquiv></TextLine><TextLine id="r0_l008"><Coords points="-11,2579 -12,2437 -5,2431 -4,2431 -1,2428 0,2428 1,2427 365,2426 365,2425 365,2406 366,2406 391,2406 392,2405 415,2405 415,2404 415,2402 416,2401 416,2399 417,2398 417,2397 418,2396 418,2394 419,2393 419,2392 420,2391 420,2390 421,2389 421,2388 423,2387 692,2386 692,2386 692,2381 694,2379 695,2379 696,2378 696,2377 698,2375 699,2375 700,2374 700,2373 702,2371 2003,2368 2004,2367 2668,2366 2668,2365 2668,2364 2670,2363 2675,2363 2675,2362 2675,2361 2678,2359 2698,2359 2698,2358 2698,2357 2700,2356 2702,2356 2702,2356 2702,2357 2704,2359 2708,2359 2709,2360 2900,2359 2901,2360 2902,2360 2902,2361 2903,2362 2903,2363 2904,2363 2971,2363 2972,2365 2972,2413 2973,2413 3178,2413 3179,2414 3297,2413 3298,2414 3299,2414 3299,2415 3299,2416 3301,2417 3305,2417 3309,2421 3314,2421 3314,2422 3314,2423 3315,2424 3315,2428 3317,2429 3318,2429 3318,2430 3318,2439 3320,2440 3321,2440 3322,2442 3322,2451 3321,2452 3320,2452 3319,2453 3319,2454 3318,2455 3318,2486 3317,2487 3316,2487 3315,2488 3315,2489 3314,2490 3313,2490 3312,2491 3311,2491 3310,2492 3310,2493 3309,2494 3308,2494 3306,2496 3307,2497 3305,2498 3296,2498 3296,2499 3296,2500 3293,2502 2729,2504 2727,2506 2163,2507 2163,2507 2163,2508 2161,2510 2160,2510 2159,2511 2159,2512 2157,2514 1582,2515 1582,2516 1582,2524 1580,2525 1579,2525 1578,2527 1578,2543 1575,2545 1574,2545 1574,2546 1574,2551 1572,2552 1567,2552 1566,2554 1566,2555 1564,2556 1556,2556 1554,2554 1554,2553 1553,2552 1552,2552 1551,2551 1551,2542 1550,2541 1480,2541 1479,2540 1478,2540 1478,2540 1478,2539 1476,2537 1475,2537 1474,2536 1474,2529 1473,2528 1,2532 1,2532 1,2578 0,2579 -10,2579 -11,2580"/><TextEquiv index="1"><Unicode>Le lendemain, je me levai d'aſſez bonne</Unicode></TextEquiv></TextLine><TextLine id="r0_l009"><Coords points="1532,2764 1531,2764 1531,2711 1530,2710 1502,2710 1501,2709 1340,2710 1339,2708 1339,2707 1337,2706 931,2707 931,2707 931,2708 929,2710 928,2710 927,2711 927,2712 925,2714 916,2714 916,2714 916,2715 913,2718 894,2718 892,2715 892,2714 891,2714 890,2714 888,2711 888,2710 887,2710 886,2710 885,2708 885,2706 884,2706 804,2706 804,2706 804,2761 804,2762 782,2762 781,2761 781,2706 780,2706 547,2706 546,2705 443,2706 439,2702 327,2702 326,2700 326,2695 325,2695 189,2695 188,2694 188,2693 187,2692 1,2693 1,2693 1,2734 1,2735 0,2734 -1,2734 -3,2732 -4,2732 -6,2730 -7,2730 -10,2728 -11,2728 -11,2727 -11,2580 -10,2579 0,2579 1,2579 1,2613 1,2614 110,2613 111,2614 113,2614 114,2615 114,2616 115,2617 115,2691 115,2691 187,2691 188,2691 188,2685 189,2683 190,2683 191,2683 191,2675 192,2674 192,2673 193,2671 325,2671 326,2670 326,2577 332,2571 336,2571 338,2569 338,2568 338,2568 339,2568 340,2567 354,2567 355,2568 356,2568 357,2568 357,2620 357,2621 595,2620 596,2620 596,2619 596,2618 597,2618 598,2617 685,2617 686,2618 687,2618 688,2619 688,2620 689,2621 693,2621 694,2622 695,2622 696,2623 696,2624 701,2629 702,2629 703,2630 703,2631 705,2633 706,2633 707,2634 707,2635 709,2637 710,2637 711,2638 711,2671 711,2671 899,2671 900,2670 900,2576 901,2575 902,2575 904,2573 904,2572 905,2571 959,2571 966,2577 966,2621 966,2622 1441,2621 1442,2622 1827,2621 1828,2620 1828,2580 1829,2579 1830,2579 1832,2577 1832,2576 1833,2575 1834,2575 1836,2573 1836,2572 1837,2571 1842,2571 1843,2570 1843,2569 1845,2567 1852,2567 1853,2568 1854,2568 1855,2568 1855,2569 1857,2572 1858,2572 1859,2572 1859,2617 1859,2618 1968,2617 1971,2620 1971,2621 1971,2621 2216,2621 2217,2620 2217,2572 2218,2571 2276,2571 2279,2573 2279,2616 2279,2617 2470,2616 2472,2614 2519,2614 2521,2613 2521,2612 2522,2610 2527,2610 2529,2612 2529,2613 2529,2613 2530,2613 2531,2614 2616,2614 2618,2615 2618,2616 2618,2617 2622,2617 2623,2618 2624,2618 2625,2618 2625,2619 2627,2622 2628,2622 2629,2622 2629,2623 2630,2625 2631,2625 2632,2625 2633,2626 2633,2627 2634,2629 2635,2629 2637,2630 2637,2643 2637,2644 2638,2644 2641,2646 2641,2666 2641,2667 2847,2666 2848,2666 2848,2648 2849,2647 2849,2646 2850,2644 2851,2644 2852,2644 2852,2639 2853,2637 2854,2637 2856,2636 2856,2635 2857,2633 2858,2633 2860,2632 2860,2631 2861,2629 2862,2629 2864,2628 2864,2627 2865,2625 2866,2625 2868,2624 2868,2623 2868,2622 2869,2622 2872,2620 2872,2619 2872,2618 2873,2618 2874,2617 2882,2617 2883,2617 2883,2616 2884,2614 3066,2614 3068,2612 3068,2611 3069,2610 3086,2610 3087,2610 3087,2611 3089,2614 3206,2614 3207,2613 3207,2583 3207,2583 3208,2583 3220,2571 3231,2571 3234,2573 3234,2574 3234,2575 3235,2575 3238,2577 3238,2613 3238,2614 3279,2613 3280,2613 3280,2612 3281,2610 3301,2610 3303,2612 3303,2613 3304,2614 3309,2614 3310,2615 3311,2616 3311,2617 3311,2617 3312,2617 3315,2620 3315,2621 3315,2621 3316,2621 3318,2623 3318,2624 3319,2625 3320,2625 3322,2627 3322,2632 3323,2633 3324,2633 3326,2635 3326,2644 3325,2644 3324,2644 3322,2647 3322,2682 3320,2683 3319,2683 3319,2684 3319,2685 3316,2687 3315,2687 3315,2688 3315,2689 3312,2691 3304,2691 3303,2693 3303,2694 3302,2694 3301,2694 3300,2695 3234,2696 3234,2696 3234,2700 3231,2703 3230,2703 3230,2703 3230,2712 3228,2714 3227,2714 3226,2715 3226,2723 3220,2730 3219,2730 3218,2730 3218,2735 3217,2737 3212,2737 3211,2737 3211,2738 3209,2741 3205,2741 3203,2739 3203,2699 3202,2699 2941,2699 2941,2700 2941,2748 2941,2748 2940,2748 2939,2749 2912,2749 2910,2751 2910,2752 2910,2752 2900,2752 2899,2752 2899,2751 2897,2748 2896,2748 2895,2748 2895,2747 2894,2745 2893,2745 2891,2744 2891,2726 2890,2725 2722,2726 2721,2727 2721,2728 2721,2729 2712,2729 2710,2727 2710,2726 2709,2726 2708,2726 2706,2723 2706,2702 2705,2702 2603,2702 2602,2700 2602,2699 2601,2699 2359,2700 2359,2700 2359,2701 2358,2702 1903,2702 1902,2701 1602,2702 1601,2704 1601,2705 1599,2706 1544,2706 1543,2708 1543,2709 1541,2711 1541,2764 1541,2764"/><TextEquiv index="1"><Unicode>heure. Je courus chez Laure, que je</Unicode></TextEquiv></TextLine><TextLine id="r0_l010"><Coords points="1410,2957 1409,2956 1409,2907 1409,2907 1312,2907 1311,2906 1310,2906 1308,2904 1308,2903 1308,2903 1119,2903 1118,2902 1117,2902 1116,2901 932,2902 931,2901 931,2900 930,2899 548,2899 546,2898 546,2897 545,2895 358,2896 357,2896 357,2897 356,2899 340,2899 338,2897 338,2896 337,2895 336,2895 334,2893 334,2888 333,2887 332,2887 330,2885 330,2849 330,2849 1,2850 1,2850 1,2925 1,2926 -10,2926 -11,2925 -11,2728 -11,2728 -10,2728 -7,2730 -6,2730 -4,2732 -3,2732 -1,2734 0,2734 1,2735 1,2779 1,2780 186,2779 188,2782 188,2787 189,2787 199,2787 199,2788 199,2802 200,2802 348,2802 350,2804 350,2805 351,2806 352,2806 353,2807 353,2809 354,2810 433,2810 434,2811 434,2812 436,2814 499,2814 500,2815 777,2814 777,2813 777,2768 778,2768 779,2768 781,2765 781,2762 782,2762 804,2762 806,2764 807,2764 808,2765 808,2809 809,2810 922,2810 923,2808 923,2807 925,2806 1042,2805 1042,2805 1042,2771 1043,2770 1043,2769 1044,2768 1061,2768 1062,2770 1062,2771 1063,2771 1064,2771 1066,2774 1066,2779 1067,2779 1068,2779 1070,2782 1070,2790 1072,2791 1073,2791 1073,2792 1073,2797 1076,2799 1077,2799 1077,2800 1077,2814 1078,2814 1146,2814 1146,2815 1146,2816 1149,2818 1301,2818 1301,2817 1301,2803 1303,2802 1304,2802 1304,2801 1304,2792 1306,2791 1307,2791 1308,2789 1308,2784 1310,2783 1311,2783 1312,2781 1312,2776 1313,2776 1314,2776 1316,2773 1316,2772 1317,2772 1318,2772 1319,2771 1323,2771 1324,2769 1324,2768 1325,2768 1331,2768 1331,2768 1331,2769 1334,2772 1335,2772 1335,2772 1335,2818 1336,2819 1524,2818 1524,2818 1524,2766 1526,2764 1584,2764 1586,2762 1586,2761 1587,2760 1650,2760 1651,2762 1651,2768 1652,2768 1724,2768 1724,2768 1724,2769 1725,2770 1727,2772 1728,2772 1728,2772 1728,2817 1729,2818 1948,2817 1948,2817 1948,2773 1950,2771 1951,2771 1951,2771 1951,2770 1953,2768 2009,2768 2009,2769 2009,2787 2010,2787 2051,2787 2051,2788 2051,2810 2052,2810 2116,2810 2117,2812 2117,2813 2119,2814 2312,2814 2314,2811 2314,2810 2315,2810 2339,2810 2340,2811 2540,2810 2540,2810 2540,2763 2547,2756 2559,2756 2559,2757 2559,2758 2562,2760 2563,2760 2563,2761 2563,2762 2564,2763 2564,2806 2565,2806 2801,2806 2802,2807 2987,2806 2987,2806 2987,2758 2989,2756 2990,2756 2991,2755 2991,2754 2993,2752 3013,2752 3014,2754 3014,2755 3016,2756 3017,2756 3018,2758 3018,2760 3019,2760 3206,2760 3207,2758 3207,2757 3209,2756 3210,2756 3210,2755 3210,2754 3213,2752 3232,2752 3234,2754 3234,2805 3235,2806 3278,2805 3279,2806 3298,2806 3299,2808 3299,2809 3301,2810 3306,2810 3307,2812 3307,2817 3309,2818 3310,2818 3311,2820 3311,2860 3312,2860 3321,2860 3322,2862 3322,2863 3324,2864 3325,2864 3326,2866 3326,2879 3326,2879 3325,2879 3318,2886 3318,2887 3318,2887 3273,2888 3272,2888 3272,2889 3271,2891 2788,2892 2787,2892 2787,2947 2787,2948 2780,2948 2779,2947 2779,2892 2779,2892 2734,2892 2733,2892 2733,2893 2732,2895 2385,2895 2384,2894 2268,2895 2267,2895 2267,2951 2267,2952 2261,2952 2260,2953 2250,2953 2249,2952 2249,2895 2249,2895 2188,2895 2186,2896 2186,2897 2185,2899 2092,2899 2090,2898 2090,2897 2089,2895 1852,2896 1851,2896 1851,2897 1850,2899 1799,2899 1797,2900 1797,2901 1797,2902 1796,2902 1795,2903 1718,2903 1716,2904 1716,2905 1716,2906 1699,2906 1697,2904 1697,2903 1697,2903 1692,2903 1689,2900 1689,2899 1689,2899 1496,2899 1495,2899 1493,2901 1493,2902 1493,2902 1492,2902 1491,2903 1479,2903 1478,2904 1478,2905 1477,2906 1422,2907 1421,2907 1421,2956 1421,2957"/><TextEquiv index="1"><Unicode>trouvai très - éveillée. Les couleurs de la</Unicode></TextEquiv></TextLine><TextLine id="r0_l011"><Coords points="3292,3137 3291,3136 3291,3085 3290,3084 3286,3084 3285,3083 3228,3084 3227,3083 3226,3083 3226,3082 3226,3081 3224,3080 3082,3080 3082,3080 3082,3137 3081,3138 3070,3138 3070,3137 3070,3080 3069,3080 3022,3080 3022,3081 3022,3082 3019,3084 2924,3084 2923,3083 2733,3084 2733,3084 2733,3105 2732,3106 2731,3106 2729,3108 2729,3113 2728,3114 2727,3114 2725,3116 2725,3120 2719,3126 2718,3126 2718,3126 2718,3127 2715,3130 2714,3130 2714,3130 2714,3131 2711,3134 2708,3134 2702,3127 2702,3088 2701,3088 2671,3088 2670,3087 2453,3087 2452,3089 2452,3090 2450,3091 2433,3091 2432,3090 1840,3092 1840,3092 1840,3093 1838,3095 1490,3095 1490,3096 1490,3097 1487,3099 1486,3099 1485,3098 1485,3097 1483,3095 1475,3095 1474,3094 1293,3095 1293,3095 1293,3124 1291,3126 1290,3126 1289,3127 1289,3132 1288,3133 1287,3133 1286,3134 1282,3134 1281,3135 1281,3136 1280,3137 1279,3137 1277,3139 1277,3140 1276,3141 1259,3141 1258,3139 1258,3138 1257,3138 1256,3137 1255,3137 1254,3135 1254,3130 1253,3130 1252,3130 1251,3128 1251,3095 1250,3095 1094,3095 1090,3091 1043,3091 1043,3092 1043,3124 1042,3125 1042,3126 1041,3126 1023,3126 1023,3127 1023,3129 1021,3130 1017,3130 1016,3129 1016,3091 1015,3090 728,3091 724,3087 508,3088 507,3089 507,3090 506,3091 489,3091 488,3089 488,3088 486,3087 292,3087 292,3088 292,3101 289,3103 285,3103 284,3102 284,3097 285,3095 286,3095 287,3095 287,3012 286,3011 1,3012 1,3012 1,3096 0,3097 -1,3096 -3,3096 -4,3095 -6,3095 -7,3094 -9,3094 -10,3092 -11,2954 -8,2951 -8,2950 1,2942 1,2942 1,3006 1,3007 317,3006 319,3004 319,3003 319,3003 320,3003 321,3002 414,3002 415,3001 415,2961 416,2960 417,2960 419,2958 418,2957 420,2956 422,2956 423,2954 423,2953 424,2953 425,2953 426,2952 432,2952 433,2953 434,2953 434,2953 434,2954 436,2956 439,2956 440,2957 441,2957 441,2957 442,3002 442,3003 506,3003 507,3003 507,3004 508,3006 512,3006 513,3007 940,3006 942,3007 942,3008 943,3010 982,3010 983,3011 1400,3010 1401,3009 1401,2965 1402,2964 1403,2964 1404,2963 1404,2962 1406,2960 1407,2960 1408,2959 1408,2958 1409,2957 1422,2957 1428,2962 1428,2966 1429,2968 1430,2968 1431,2968 1431,3007 1432,3008 1432,3010 1432,3011 1638,3010 1639,3010 1639,3009 1641,3006 1646,3006 1647,3006 1647,3004 1647,3003 1800,3003 1801,3002 1801,2965 1802,2964 1803,2964 1804,2963 1805,2962 1805,2961 1806,2960 1814,2960 1817,2962 1817,2963 1817,2964 1818,2964 1820,2965 1820,2966 1821,2967 1821,2974 1822,2976 1823,2976 1824,2976 1824,2981 1825,2983 1826,2983 1828,2984 1828,2989 1829,2991 1830,2991 1832,2992 1832,3006 1832,3007 2231,3006 2232,3005 2232,2989 2233,2988 2233,2987 2233,2987 2234,2987 2236,2985 2236,2973 2237,2972 2238,2972 2240,2970 2240,2969 2241,2968 2242,2968 2244,2966 2244,2957 2244,2957 2245,2957 2246,2956 2247,2954 2247,2953 2248,2953 2260,2953 2261,2952 2266,2952 2266,2952 2266,2954 2269,2957 2270,2957 2271,2957 2271,2962 2272,2964 2273,2964 2275,2965 2275,2974 2276,2976 2277,2976 2279,2977 2279,2982 2279,2983 2280,2983 2283,2985 2283,3005 2283,3006 2296,3006 2298,3004 2298,3003 2298,3003 2578,3002 2579,3002 2578,2954 2579,2953 2580,2953 2581,2952 2585,2952 2586,2951 2587,2951 2587,2951 2587,2950 2588,2949 2778,2949 2779,2948 2926,2947 2926,2947 2926,2946 2927,2945 2932,2945 2933,2944 2933,2943 2935,2941 2948,2941 2949,2943 2949,2944 2951,2945 2960,2945 2960,2946 2960,2947 2963,2950 2963,2951 2966,2953 2967,2953 2967,2954 2968,2995 2968,2995 3148,2995 3149,2994 3149,2992 3150,2991 3151,2991 3153,2989 3153,2980 3153,2980 3154,2980 3157,2977 3157,2969 3160,2966 3160,2962 3162,2960 3163,2960 3164,2959 3164,2958 3166,2956 3167,2956 3168,2955 3167,2954 3170,2952 3171,2952 3171,2951 3171,2950 3172,2950 3173,2950 3174,2949 3178,2949 3180,2946 3180,2945 3181,2945 3186,2945 3188,2942 3188,2941 3189,2941 3206,2941 3207,2942 3207,2943 3209,2945 3210,2945 3210,2945 3210,2946 3213,2949 3214,2949 3214,2949 3214,2951 3216,2953 3217,2953 3217,2953 3218,2995 3218,2996 3313,2995 3315,2997 3315,2998 3316,2999 3321,2999 3322,3000 3322,3001 3324,3003 3325,3003 3326,3004 3326,3017 3327,3018 3328,3018 3330,3020 3330,3021 3328,3022 3327,3022 3326,3024 3326,3067 3324,3068 3323,3068 3322,3070 3322,3075 3320,3076 3315,3076 3315,3077 3315,3078 3312,3080 3307,3080 3307,3081 3307,3136 3306,3136 3300,3136 3299,3137"/><TextEquiv index="1"><Unicode>vie commençoient à renaître déjà ſur ſes</Unicode></TextEquiv></TextLine><TextLine id="r0_l012"><Coords points="-9,3336 -10,3335 -10,3093 -10,3093 -9,3094 -7,3094 -6,3095 -4,3095 -3,3096 -1,3096 1,3097 1,3137 1,3138 520,3137 521,3138 574,3137 577,3140 577,3141 577,3141 578,3141 580,3143 3299,3137 3300,3136 3306,3136 3307,3137 3307,3187 3308,3187 3313,3187 3315,3190 3315,3191 3316,3191 3332,3191 3333,3192 3334,3192 3334,3193 3334,3209 3332,3211 3331,3211 3330,3212 3330,3271 3329,3272 3328,3272 3327,3273 3326,3274 3326,3275 3325,3276 3313,3276 3312,3275 2935,3276 2934,3275 1094,3279 1093,3280 1093,3294 1092,3295 847,3296 846,3296 846,3305 845,3307 844,3307 842,3308 842,3309 841,3311 840,3311 839,3311 839,3312 837,3315 832,3315 831,3315 831,3316 830,3318 1,3320 1,3320 1,3334 1,3335 -3,3335 -4,3336"/><TextEquiv index="1"><Unicode>belles joues. Celles de ſon enfant étoient</Unicode></TextEquiv></TextLine><TextLine id="r0_l013"><Coords points="3145,3518 3145,3517 3145,3507 3144,3507 3142,3507 3141,3505 3141,3504 3139,3503 3138,3503 3137,3501 3137,3467 3136,3467 1667,3470 1665,3472 1663,3472 1662,3471 1,3475 1,3475 1,3506 0,3507 -2,3507 -3,3508 -6,3508 -7,3509 -9,3509 -9,3508 -10,3336 -9,3336 -4,3336 -3,3335 576,3333 577,3332 577,3331 578,3330 591,3330 592,3329 592,3328 594,3326 845,3326 847,3328 847,3329 848,3330 849,3330 851,3332 2348,3329 2348,3328 2348,3327 2350,3326 2359,3326 2360,3327 2409,3326 2410,3327 3071,3326 3072,3327 3072,3328 3074,3330 3083,3330 3083,3330 3083,3331 3086,3334 3087,3334 3087,3334 3087,3364 3088,3365 3290,3364 3291,3366 3292,3434 3292,3434 3320,3434 3326,3440 3326,3452 3327,3453 3328,3453 3330,3455 3330,3456 3329,3457 3328,3457 3327,3457 3326,3459 3326,3464 3324,3465 3323,3465 3322,3466 3322,3467 3322,3468 3320,3469 3153,3470 3153,3470 3153,3517 3152,3518"/><TextEquiv index="1"><Unicode>auſſi décorées d'un vermillon naiſſant.</Unicode></TextEquiv></TextLine><TextLine id="r0_l014"><Coords points="1710,3904 1709,3902 1709,3901 1708,3901 -2,3905 -3,3904 -8,3904 -8,3903 -9,3509 -9,3509 -7,3509 -6,3508 -3,3508 -2,3507 0,3507 1,3507 1,3516 1,3517 988,3514 989,3515 995,3515 996,3516 996,3517 998,3519 1006,3519 1008,3521 1008,3522 1008,3522 3152,3518 3153,3518 3153,3537 3153,3538 3251,3538 3253,3539 3253,3540 3254,3541 3254,3542 3255,3542 3257,3543 3257,3544 3257,3545 3258,3545 3261,3547 3261,3548 3261,3549 3262,3549 3265,3551 3265,3568 3265,3569 3335,3568 3338,3571 3338,3772 3339,3772 3366,3772 3367,3773 3368,3773 3368,3774 3368,3776 3367,3777 3335,3777 3334,3778 3334,3841 3333,3842 3332,3842 3331,3843 3330,3844 3330,3845 3329,3846 3328,3846 3327,3847 3326,3848 3326,3849 3325,3850 3316,3850 3315,3851 3315,3852 3313,3854 2977,3855 2976,3856 2976,3860 2975,3861 2974,3861 2972,3863 2972,3867 2970,3869 2969,3869 2967,3871 2968,3872 2966,3873 2957,3873 2957,3874 2957,3875 2954,3877 2383,3878 2380,3881 2379,3881 2379,3882 2379,3883 2376,3885 2375,3885 2375,3886 2375,3887 2372,3889 2371,3889 2371,3890 2371,3891 2369,3892 2252,3893 2252,3893 2252,3894 2250,3896 2249,3896 2248,3897 2248,3898 2246,3900 1744,3901 1741,3904"/><TextEquiv index="1"><Unicode>lelee e je dougea aseoiidde, ooe</Unicode></TextEquiv></TextLine><TextLine id="r0_l015"><Coords points="-6,4297 -8,4295 -8,3904 -8,3904 -3,3904 -2,3905 0,3905 1,3905 1,3927 1,3928 753,3926 754,3926 754,3909 754,3908 755,3908 756,3907 764,3907 765,3906 765,3905 766,3904 775,3904 777,3905 777,3906 777,3907 781,3907 782,3908 783,3908 785,3909 785,3918 785,3919 1554,3917 1556,3915 1561,3915 1562,3915 1562,3914 1564,3911 1569,3911 1570,3911 1570,3910 1572,3907 1580,3907 1582,3906 1582,3905 1582,3904 1595,3904 1596,3905 2361,3903 2364,3901 2364,3900 2364,3899 2365,3900 2389,3900 2390,3901 2390,3902 2392,3904 2393,3904 2394,3905 2978,3904 2979,3905 2979,3906 2981,3908 2982,3908 2983,3909 2983,3911 2983,3911 3235,3911 3238,3913 3238,3914 3238,3915 3243,3915 3245,3916 3245,3950 3245,3951 3298,3950 3299,3951 3299,3961 3299,3961 3300,3961 3301,3962 3302,3962 3303,3963 3303,3964 3304,3965 3312,3965 3315,3968 3315,3969 3315,3969 3316,3969 3319,3972 3319,3973 3319,3973 3320,3973 3323,3976 3323,3977 3323,3977 3324,3977 3326,3979 3326,3980 3326,3980 3327,3980 3330,3983 3330,3991 3332,3993 3333,3993 3334,3994 3334,4218 3332,4220 3331,4220 3330,4221 3330,4226 3329,4227 3328,4227 3326,4229 3326,4230 3325,4231 3324,4231 3322,4233 3322,4234 3321,4235 3320,4235 3319,4236 3319,4237 3317,4239 3305,4239 3303,4241 3303,4242 3303,4242 3302,4242 3301,4243 2753,4245 2752,4245 2752,4287 2751,4289 2342,4290 2341,4289 2341,4243 2341,4243 1429,4245 1428,4245 1428,4291 1428,4292 1424,4292 1423,4291 1423,4238 1423,4238 485,4240 484,4240 484,4241 484,4242 483,4242 482,4243 1,4244 1,4244 1,4296 1,4297"/><TextEquiv index="1"><Unicode>eeteet aanre reuo rll le erpreloou</Unicode></TextEquiv></TextLine><TextLine id="r0_l016"><Coords points="2992,4489 2991,4488 2991,4487 2989,4485 2980,4485 2980,4485 2980,4484 2977,4481 2972,4481 2971,4480 2745,4481 2745,4480 2745,4479 2742,4477 2189,4478 2188,4477 2187,4477 2186,4475 2186,4462 2185,4462 1990,4462 1990,4462 1990,4461 1989,4460 1989,4459 1988,4458 1987,4458 1986,4457 1986,4449 1985,4448 361,4452 361,4452 361,4472 359,4474 1,4475 1,4475 1,4492 0,4493 -7,4493 -7,4492 -8,4296 -7,4296 369,4295 369,4294 369,4293 370,4293 615,4292 615,4292 615,4291 617,4289 1555,4287 1557,4285 1573,4285 1574,4287 1574,4288 1576,4289 1581,4289 1583,4291 2551,4289 2556,4294 2941,4293 2941,4294 2941,4296 2942,4296 3259,4296 3261,4298 3261,4303 3262,4304 3263,4304 3265,4306 3265,4326 3266,4327 3278,4327 3279,4328 3280,4335 3280,4335 3290,4335 3291,4336 3291,4346 3291,4346 3304,4346 3307,4349 3307,4350 3307,4350 3327,4350 3328,4351 3329,4351 3330,4352 3330,4353 3335,4358 3336,4358 3337,4359 3337,4360 3338,4361 3338,4368 3335,4370 3334,4370 3334,4371 3334,4430 3332,4431 3327,4431 3326,4433 3326,4434 3324,4435 3041,4436 3041,4437 3041,4461 3039,4462 3038,4462 3037,4464 3037,4469 3035,4470 3034,4470 3034,4471 3034,4472 3031,4474 3030,4474 3030,4475 3030,4476 3027,4478 3026,4478 3026,4479 3026,4480 3024,4481 3019,4481 3018,4483 3018,4484 3016,4485 2996,4485 2995,4487 2995,4488 2993,4489"/><TextEquiv index="1"><Unicode>de ſa reconnoiſſance, qui ſe peignoit</Unicode></TextEquiv></TextLine><TextLine id="r0_l017"><Coords points="3319,4682 3318,4682 3318,4678 3318,4677 3005,4678 3003,4677 3003,4674 3003,4673 2508,4674 2506,4673 2506,4621 2506,4620 2489,4620 2488,4619 1032,4622 1031,4623 1031,4631 1031,4631 1030,4631 1027,4634 1027,4638 1022,4643 1021,4643 1020,4644 1020,4653 1018,4655 1017,4655 1016,4656 1016,4661 1015,4662 1014,4662 1012,4664 1012,4665 1011,4666 998,4666 996,4665 996,4664 995,4663 995,4662 994,4662 993,4662 993,4661 992,4660 992,4649 992,4648 -6,4651 -7,4650 -7,4493 -7,4493 371,4492 373,4490 373,4489 373,4489 378,4489 380,4487 380,4486 381,4485 764,4484 767,4481 775,4481 777,4479 777,4478 777,4478 778,4478 779,4477 790,4477 792,4478 792,4479 793,4481 798,4481 800,4482 800,4483 801,4485 802,4485 804,4487 2463,4483 2465,4481 2480,4481 2481,4482 2939,4481 2941,4483 2941,4484 2942,4485 2947,4485 2948,4486 2948,4487 2950,4489 2955,4489 2956,4490 2956,4492 2957,4493 2957,4521 2957,4521 3363,4520 3365,4522 3364,4523 3364,4524 3363,4524 2957,4525 2957,4526 2957,4539 2957,4539 3255,4539 3257,4540 3257,4541 3258,4543 3263,4543 3264,4543 3264,4544 3266,4547 3267,4547 3268,4547 3268,4548 3270,4551 3274,4551 3282,4558 3282,4559 3284,4561 3284,4569 3286,4570 3287,4570 3288,4572 3288,4593 3289,4593 3318,4593 3318,4594 3318,4595 3321,4597 3325,4597 3326,4599 3326,4604 3327,4604 3328,4604 3330,4607 3330,4623 3329,4624 3325,4624 3324,4625 3324,4682 3324,4682"/><TextEquiv index="1"><Unicode>dans ſes yeux &amp; dans toute ſa perſonne.</Unicode></TextEquiv></TextLine><TextLine id="r0_l018"><Coords points="3276,4875 3276,4874 3276,4820 3275,4820 3269,4820 3268,4818 3268,4816 3267,4816 3046,4816 3045,4818 3045,4819 3043,4820 3034,4820 3034,4820 3034,4819 3031,4816 2933,4816 2933,4817 2933,4847 2932,4847 2926,4847 2926,4847 2926,4814 2925,4813 2768,4814 2766,4816 2699,4816 2698,4814 2698,4813 2697,4813 2367,4813 2366,4812 1944,4813 1944,4814 1944,4867 1943,4867 1922,4867 1922,4867 1922,4814 1921,4813 1915,4813 1914,4812 1899,4813 1897,4810 1897,4809 1896,4809 1613,4809 1613,4810 1613,4811 1612,4811 1611,4812 1610,4812 1609,4813 1450,4813 1449,4812 1072,4813 1071,4812 556,4813 555,4812 340,4813 339,4812 338,4812 338,4811 338,4810 336,4809 335,4809 334,4807 333,4686 333,4686 149,4686 148,4687 149,4797 148,4797 147,4797 145,4800 145,4801 144,4801 142,4801 142,4802 142,4837 141,4838 141,4839 140,4839 139,4839 138,4840 1,4841 1,4841 1,4877 0,4878 -1,4878 -6,4872 -7,4651 -6,4651 148,4650 148,4651 148,4678 149,4678 498,4678 500,4675 500,4674 501,4674 507,4674 507,4674 507,4675 509,4677 510,4678 511,4678 511,4678 511,4728 512,4729 1058,4727 1058,4727 1058,4679 1059,4678 1064,4678 1066,4676 1066,4675 1067,4674 1084,4674 1085,4676 1085,4724 1086,4724 1150,4724 1150,4725 1150,4726 1153,4728 1415,4728 1416,4726 1416,4725 1418,4724 1539,4723 1539,4723 1539,4676 1541,4674 1546,4674 1547,4673 1547,4672 1549,4670 1565,4670 1570,4676 1570,4728 1571,4728 1627,4728 1628,4730 1628,4731 1629,4731 1820,4731 1820,4730 1820,4679 1822,4678 1823,4678 1823,4677 1824,4676 1824,4675 1826,4674 1850,4674 1855,4679 1855,4724 1856,4725 2262,4724 2263,4725 2382,4724 2382,4725 2382,4726 2385,4728 2575,4728 2575,4728 2575,4676 2577,4674 2582,4674 2583,4673 2583,4672 2585,4670 2594,4670 2594,4670 2594,4671 2597,4674 2648,4674 2648,4674 2648,4687 2650,4689 2651,4689 2652,4690 2652,4727 2653,4728 2775,4728 2775,4728 2775,4729 2777,4731 2784,4731 2785,4732 2960,4731 2960,4731 2960,4684 2962,4682 2966,4682 2967,4681 2968,4681 2968,4681 2968,4680 2970,4678 2991,4678 2991,4679 2991,4728 2992,4728 3218,4728 3218,4727 3218,4691 3226,4683 3226,4682 3227,4682 3228,4682 3229,4681 3237,4681 3238,4679 3238,4678 3239,4678 3245,4678 3245,4678 3245,4679 3248,4682 3249,4682 3250,4683 3326,4682 3326,4683 3327,4797 3327,4797 3332,4797 3334,4799 3334,4815 3332,4816 3331,4816 3330,4818 3330,4819 3328,4820 3288,4820 3288,4821 3288,4873 3286,4874"/><TextEquiv index="1"><Unicode>Elle me demanda des nouvelles de la</Unicode></TextEquiv></TextLine><TextLine id="r0_l019"><Coords points="2781,5063 2780,5062 2779,5061 2779,5060 2778,5059 2770,5059 2768,5057 2768,5056 2767,5055 2758,5055 2756,5053 2756,5033 2756,5033 1414,5036 1412,5037 1412,5038 1411,5040 1392,5040 1391,5039 1390,5039 1389,5038 1389,5032 1389,5032 1,5035 1,5035 1,5047 1,5048 0,5048 -2,5046 -2,5045 -4,5043 -4,5042 -5,5041 -5,5040 -6,5039 -6,4887 -5,4886 -5,4885 -4,4884 -4,4883 -2,4881 -2,4880 -1,4879 -1,4878 -1,4878 418,4877 419,4876 419,4875 420,4874 425,4874 426,4873 426,4872 428,4870 1605,4867 1606,4866 1611,4866 1612,4866 1612,4865 1613,4863 1614,4863 1615,4862 1629,4862 1631,4864 2158,4863 2159,4863 2159,4864 2160,4866 2164,4866 2165,4867 2166,4867 2167,4867 2167,4869 2167,4870 2246,4870 2247,4871 2527,4870 2528,4871 3062,4870 3064,4871 3064,4872 3065,4874 3078,4874 3079,4875 3284,4874 3285,4875 3285,4878 3285,4878 3324,4878 3326,4880 3326,4982 3326,4982 3340,4982 3341,4983 3341,4986 3340,4986 3334,4986 3334,4987 3334,5008 3332,5009 3331,5009 3330,5011 3330,5012 3328,5013 2798,5015 2798,5015 2798,5054 2798,5055 2797,5055 2796,5055 2794,5057 2794,5058 2794,5059 2785,5059 2783,5060 2783,5061 2782,5063"/><TextEquiv index="1"><Unicode>chère Aurore, ſa rivale. Un profond</Unicode></TextEquiv></TextLine><TextLine id="r0_l020"><Coords points="3327,5263 3326,5262 3325,5210 3325,5209 3301,5209 3300,5208 3055,5209 3053,5210 3053,5214 3049,5219 3049,5227 3047,5229 3046,5229 3045,5230 3045,5235 3044,5236 3043,5236 3041,5238 3041,5242 3040,5243 3041,5247 3040,5247 3039,5247 3037,5250 3037,5251 3036,5251 3035,5251 3034,5252 3020,5252 3019,5251 3018,5251 3018,5251 3018,5249 3017,5248 2946,5248 2945,5247 2944,5203 2944,5202 2807,5203 2806,5203 2806,5204 2806,5205 2800,5205 2799,5204 2799,5203 2798,5202 2744,5202 2743,5201 2680,5201 2679,5200 2679,5198 2679,5198 2438,5198 2437,5199 2437,5200 2437,5200 2436,5201 2435,5201 2434,5202 2371,5202 2370,5201 2105,5202 2104,5203 2105,5255 2104,5255 2064,5255 2063,5254 2063,5253 2062,5252 2061,5252 2059,5250 2058,5203 2058,5202 1932,5202 1931,5201 1487,5202 1485,5204 1485,5205 1485,5205 1475,5205 1474,5204 993,5205 992,5204 952,5205 950,5203 950,5202 949,5201 944,5201 942,5199 942,5198 942,5198 758,5198 757,5199 758,5255 757,5255 742,5255 742,5255 742,5253 741,5252 575,5252 574,5251 573,5251 573,5251 572,5203 572,5202 546,5202 545,5201 519,5202 518,5201 517,5201 515,5199 515,5198 515,5198 204,5198 203,5199 203,5205 203,5205 189,5205 188,5205 188,5191 188,5190 1,5191 1,5191 1,5222 1,5223 -1,5221 -1,5218 -2,5217 -2,5212 -3,5211 -3,5058 -2,5057 -2,5052 -1,5051 -1,5048 0,5048 149,5047 149,5047 149,5045 150,5044 153,5044 153,5045 153,5051 153,5051 1,5052 1,5052 1,5182 1,5186 1,5187 352,5186 353,5184 353,5122 356,5120 357,5120 357,5119 357,5118 359,5117 363,5117 369,5110 369,5086 370,5086 371,5086 372,5084 372,5080 375,5078 376,5078 376,5077 376,5076 379,5074 380,5074 380,5073 380,5072 383,5070 387,5070 396,5060 396,5059 397,5059 422,5059 422,5059 422,5060 424,5062 425,5063 426,5063 426,5063 426,5064 429,5067 430,5067 430,5067 430,5072 432,5074 433,5074 434,5075 434,5100 435,5101 529,5101 530,5102 530,5113 531,5113 661,5113 661,5113 661,5073 664,5070 665,5070 665,5070 665,5065 667,5063 684,5063 684,5064 684,5065 687,5067 688,5067 688,5068 688,5113 689,5113 881,5113 881,5112 881,5098 882,5098 883,5098 885,5095 885,5090 886,5090 887,5090 888,5088 888,5084 892,5080 892,5076 895,5074 896,5074 896,5073 896,5072 899,5070 900,5070 900,5069 900,5068 903,5066 904,5066 904,5065 904,5064 906,5063 910,5063 912,5060 912,5059 913,5059 946,5059 946,5059 946,5064 949,5067 950,5067 950,5067 950,5113 951,5114 1180,5113 1184,5117 1403,5117 1405,5114 1405,5113 1406,5113 1419,5113 1420,5114 1623,5113 1624,5115 1624,5116 1625,5116 1626,5116 1627,5117 1936,5116 1936,5116 1936,5115 1938,5113 2017,5113 2017,5113 2017,5103 2019,5101 2020,5101 2021,5100 2021,5095 2022,5094 2023,5094 2024,5093 2024,5085 2028,5081 2028,5073 2031,5070 2032,5070 2032,5070 2032,5069 2034,5067 2051,5067 2051,5068 2051,5069 2052,5070 2052,5117 2053,5117 2343,5117 2344,5115 2344,5114 2346,5113 2347,5113 2348,5111 2348,5098 2349,5098 2350,5098 2352,5095 2352,5087 2354,5086 2355,5086 2355,5085 2355,5084 2356,5083 2356,5079 2358,5078 2359,5078 2359,5077 2359,5076 2362,5074 2363,5073 2363,5073 2363,5072 2366,5069 2367,5069 2370,5066 2371,5066 2371,5066 2371,5065 2373,5063 2381,5063 2383,5061 2383,5060 2384,5059 2401,5059 2402,5061 2402,5062 2404,5063 2409,5063 2410,5065 2410,5093 2411,5093 2598,5093 2598,5092 2598,5068 2601,5066 2602,5066 2602,5065 2602,5064 2604,5063 2748,5063 2749,5064 2749,5065 2751,5067 2756,5067 2756,5067 2756,5068 2757,5069 2759,5071 2760,5071 2760,5071 2760,5113 2761,5114 2890,5113 2891,5115 2891,5116 2892,5116 2893,5117 2894,5117 2895,5119 2895,5120 2896,5120 2897,5120 2899,5123 2899,5124 2900,5124 3118,5124 3118,5123 3118,5122 3121,5120 3125,5120 3126,5118 3126,5117 3127,5117 3129,5117 3130,5116 3131,5117 3133,5117 3134,5118 3134,5119 3135,5120 3143,5120 3144,5121 3237,5121 3238,5122 3238,5123 3239,5124 3283,5123 3284,5124 3336,5124 3338,5127 3338,5151 3339,5151 3364,5151 3364,5152 3364,5153 3365,5154 3364,5155 3362,5155 3361,5156 3339,5156 3338,5157 3338,5204 3337,5205 3336,5205 3334,5207 3334,5208 3333,5209 3334,5262 3332,5263"/><TextEquiv index="1"><Unicode>ſoupir fut toute ma réponſe. Mes yeux</Unicode></TextEquiv></TextLine><TextLine id="r0_l021"><Coords points="3138,5448 3138,5447 3138,5446 3137,5445 3137,5427 3136,5427 2068,5429 2067,5428 2067,5427 2066,5426 1,5431 1,5431 1,5434 0,5435 -1,5433 -1,5432 -2,5431 -2,5430 -3,5429 -3,5428 -4,5427 -4,5425 -5,5424 -6,5233 -5,5232 -5,5230 -4,5229 -4,5228 -3,5227 -3,5226 -2,5225 -2,5224 0,5223 1,5223 1,5223 1,5251 1,5252 416,5251 417,5252 809,5251 812,5253 812,5255 812,5256 1348,5255 1349,5256 1575,5255 1576,5256 1577,5256 1578,5257 1578,5265 1578,5265 2466,5263 2467,5264 2467,5268 2467,5268 3247,5267 3249,5268 3249,5269 3249,5270 3250,5270 3253,5272 3253,5330 3254,5332 3255,5332 3257,5333 3257,5336 3257,5337 3328,5336 3330,5338 3330,5339 3330,5339 3331,5340 3332,5340 3334,5342 3334,5347 3335,5348 3336,5348 3338,5350 3338,5362 3336,5363 3335,5363 3334,5365 3334,5370 3332,5371 3257,5372 3257,5372 3257,5388 3255,5390 3254,5390 3253,5391 3253,5396 3251,5398 3246,5398 3245,5399 3245,5400 3243,5402 3238,5402 3238,5402 3238,5403 3235,5406 3153,5406 3153,5406 3153,5430 3150,5433 3145,5433 3145,5433 3145,5436 3145,5437 3613,5436 3615,5437 3615,5438 3612,5441 3611,5441 3611,5441 3611,5442 3609,5444 3145,5445 3145,5445 3145,5446 3143,5448"/><TextEquiv index="1"><Unicode>ſe voilèrent de larmes, &amp; Laure en ré-</Unicode></TextEquiv></TextLine><TextLine id="r0_l022"><Coords points="3015,5654 3014,5654 3014,5595 3014,5594 2904,5594 2903,5594 2903,5593 2901,5590 2900,5590 2899,5589 2846,5589 2845,5590 2845,5650 2845,5650 2826,5650 2825,5650 2825,5590 2825,5589 2576,5590 2575,5591 2575,5632 2574,5633 2404,5633 2402,5635 2402,5636 2402,5636 2399,5636 2398,5636 2398,5635 2397,5633 2369,5633 2368,5632 2361,5633 2360,5632 2360,5594 2360,5594 1999,5594 1998,5595 1998,5596 1997,5597 1997,5598 1997,5598 1988,5598 1986,5597 1986,5596 1985,5594 1910,5594 1909,5593 1895,5594 1894,5593 1894,5592 1892,5590 1611,5590 1609,5592 1609,5593 1608,5594 1499,5594 1498,5593 1429,5594 1428,5593 1428,5592 1426,5590 1171,5590 1170,5591 1170,5593 1169,5594 1168,5594 1166,5596 1166,5597 1165,5598 1148,5598 1147,5598 1147,5597 1145,5594 1137,5594 1135,5593 1135,5592 1135,5591 1134,5591 1133,5590 917,5591 915,5592 915,5593 915,5594 871,5594 869,5592 869,5591 869,5591 781,5591 780,5590 778,5590 777,5589 777,5588 776,5587 459,5588 458,5588 458,5639 458,5640 390,5640 389,5641 388,5641 387,5640 370,5640 369,5639 369,5638 368,5637 356,5637 353,5634 353,5633 353,5633 352,5633 349,5630 349,5515 352,5513 353,5513 353,5512 353,5507 356,5505 357,5505 357,5504 357,5503 359,5502 364,5502 365,5500 365,5499 367,5498 638,5497 638,5497 638,5454 639,5452 640,5452 642,5451 642,5450 643,5448 710,5448 711,5449 711,5450 713,5452 714,5452 715,5453 715,5454 717,5456 718,5456 719,5457 719,5498 720,5498 765,5498 765,5498 765,5503 767,5505 1143,5504 1143,5504 1143,5503 1144,5502 1385,5502 1385,5502 1385,5503 1388,5506 1589,5505 1589,5505 1589,5504 1591,5502 1755,5502 1755,5501 1755,5460 1755,5460 1756,5460 1759,5457 1759,5456 1759,5456 1760,5456 1761,5455 1763,5455 1764,5456 1765,5456 1767,5457 1767,5458 1767,5459 1814,5459 1817,5461 1817,5505 1818,5506 2059,5505 2059,5505 2059,5504 2061,5502 2258,5502 2259,5500 2259,5499 2261,5498 2263,5498 2263,5498 2263,5499 2266,5502 2436,5501 2436,5501 2436,5459 2437,5458 2437,5457 2437,5456 2438,5456 2439,5455 2443,5455 2444,5455 2444,5454 2445,5452 2739,5452 2741,5453 2741,5458 2741,5459 2742,5459 2743,5460 3009,5459 3010,5459 3010,5458 3010,5457 3011,5456 3012,5456 3013,5455 3022,5455 3023,5456 3024,5456 3026,5458 3026,5463 3026,5463 3028,5463 3029,5464 3029,5465 3030,5466 3030,5509 3031,5509 3240,5509 3241,5510 3241,5511 3243,5513 3271,5513 3272,5514 3321,5513 3322,5515 3322,5516 3324,5517 3333,5517 3334,5519 3334,5520 3336,5521 3337,5521 3337,5522 3337,5523 3338,5524 3338,5543 3337,5544 3335,5544 3334,5545 3334,5585 3332,5587 3331,5587 3330,5588 3330,5593 3329,5594 3328,5594 3326,5596 3326,5597 3325,5598 3320,5598 3319,5599 3319,5600 3317,5602 3290,5602 3289,5601 3151,5602 3149,5600 3149,5599 3148,5598 3070,5598 3068,5596 3068,5595 3067,5594 3027,5594 3026,5595 3026,5654 3026,5654"/><TextEquiv index="1"><Unicode>pandit un torrent. Levrette-Mille-Fleurs</Unicode></TextEquiv></TextLine><TextLine id="r0_l023"><Coords points="2056,5842 2056,5842 2056,5832 2055,5831 1348,5833 1347,5831 1347,5827 1346,5827 157,5829 157,5829 157,5823 156,5822 155,5822 154,5821 153,5821 153,5821 153,5819 154,5817 1346,5815 1347,5814 1347,5787 1346,5787 994,5787 993,5786 986,5787 985,5785 985,5784 983,5783 874,5783 873,5781 873,5780 871,5779 554,5779 553,5778 381,5779 380,5777 380,5776 378,5775 377,5775 376,5773 376,5749 374,5748 373,5748 373,5747 373,5746 372,5745 372,5741 370,5740 369,5740 369,5739 369,5730 367,5729 366,5729 365,5727 365,5722 364,5722 363,5722 361,5719 361,5714 360,5714 359,5714 357,5711 357,5710 356,5710 347,5710 346,5708 345,5707 344,5706 345,5705 345,5701 346,5700 346,5699 348,5698 349,5698 349,5697 349,5692 352,5690 442,5690 442,5689 442,5645 444,5644 445,5644 446,5642 446,5641 448,5640 459,5640 460,5641 461,5641 461,5641 461,5642 463,5644 464,5644 465,5645 465,5646 466,5647 1692,5644 1694,5646 2574,5644 2575,5646 2575,5647 2577,5648 2578,5648 2579,5650 2579,5651 2580,5651 2845,5650 2847,5652 2848,5652 2848,5653 2848,5654 2849,5654 3026,5654 3028,5656 3029,5656 3030,5658 3030,5671 3031,5671 3256,5671 3257,5672 3258,5706 3258,5707 3317,5706 3318,5707 3318,5708 3320,5710 3328,5710 3330,5712 3330,5713 3330,5713 3338,5713 3339,5714 3340,5714 3341,5715 3341,5716 3342,5717 3342,5721 3342,5721 3343,5721 3345,5723 3345,5736 3343,5737 3342,5737 3342,5738 3342,5739 3339,5741 3338,5741 3338,5742 3338,5774 3336,5775 3335,5775 3334,5777 3334,5782 3332,5783 3331,5783 3330,5785 3330,5786 3329,5786 3328,5786 3326,5789 3326,5790 3325,5790 3324,5790 3322,5793 3322,5794 3321,5794 3320,5794 3319,5795 3311,5795 3311,5796 3311,5797 3309,5798 2694,5800 2694,5800 2694,5801 2693,5802 2692,5802 2691,5803 2691,5811 2684,5818 2683,5818 2683,5818 2683,5823 2681,5825 2680,5825 2679,5826 2679,5827 2677,5829 2676,5829 2676,5829 2676,5830 2673,5833 2672,5833 2672,5833 2672,5834 2671,5835 2671,5836 2670,5837 2255,5838 2255,5838 2255,5841 2254,5842"/><TextEquiv index="1"><Unicode>vint nous rejoindre. Nous déjeûnâmes</Unicode></TextEquiv></TextLine><TextLine id="r0_l024"><Coords points="2030,6038 2029,6038 2029,6001 2029,6000 1,6005 1,6005 1,6007 1,6008 0,6008 -1,6009 -3,6009 -4,6008 -4,5843 -2,5841 -2,5840 0,5838 552,5836 554,5835 554,5834 554,5833 555,5833 556,5833 555,5832 158,5833 157,5832 157,5830 157,5829 160,5829 161,5830 590,5829 592,5831 592,5832 593,5833 817,5833 821,5837 910,5837 912,5838 912,5839 913,5841 914,5841 915,5841 915,5842 916,5844 2165,5841 2166,5842 2255,5842 2256,5842 2256,5843 2256,5844 2257,5844 2259,5845 2259,5846 2260,5847 2260,5848 2260,5849 2742,5848 2743,5849 3277,5848 3278,5849 3279,5849 3280,5849 3280,5850 3281,5851 3284,5851 3285,5852 3289,5852 3291,5854 3291,5858 3293,5860 3663,5860 3665,5861 3665,5862 3663,5864 3295,5864 3295,5865 3295,5902 3295,5902 3320,5902 3322,5904 3322,5905 3323,5906 3328,5906 3330,5908 3330,5909 3331,5910 3332,5910 3334,5912 3334,5917 3335,5918 3336,5918 3338,5920 3338,5921 3338,5921 3339,5921 3342,5924 3342,5929 3342,5929 3343,5929 3345,5931 3345,5940 3344,5941 3343,5941 3342,5942 3342,5973 3341,5974 3341,5975 3341,5975 3340,5975 3339,5976 3338,5977 3338,5978 3337,5979 3336,5979 3335,5980 3334,5981 3334,5982 3333,5983 3332,5983 3331,5984 3330,5985 3330,5986 3329,5987 3328,5987 3327,5988 3326,5989 3326,5990 3325,5991 3312,5991 3311,5992 3311,5993 3309,5995 3305,5995 3303,5994 3303,5993 3302,5991 3294,5991 3289,5986 2044,5989 2043,5990 2043,6038 2043,6038"/><TextEquiv index="1"><Unicode>enſemble, &amp; nous laiſsâmes Laure ſe</Unicode></TextEquiv></TextLine><TextLine id="r0_l025"><Coords points="3023,6245 3022,6244 3022,6243 3020,6241 3015,6241 3014,6240 3014,6239 3012,6237 3007,6237 3007,6237 3007,6236 3006,6235 3006,6231 3005,6230 3004,6230 3003,6229 1655,6232 1654,6231 1647,6231 1646,6230 1637,6230 1636,6229 1636,6228 1634,6226 1633,6226 1632,6225 1632,6223 1631,6222 1305,6223 1305,6222 1305,6211 1304,6211 519,6213 519,6212 519,6190 518,6190 0,6191 0,6190 0,6188 -1,6187 -1,6184 -2,6183 -2,6180 -3,6179 -4,6009 -3,6009 -1,6009 0,6008 1,6008 1,6008 1,6022 1,6023 384,6022 384,6022 384,6023 387,6026 975,6025 976,6026 1029,6025 1030,6026 1031,6026 1031,6027 1031,6040 1032,6040 2044,6038 2044,6039 2044,6040 2046,6041 2047,6041 2049,6043 2867,6041 2868,6043 2868,6044 2870,6045 2871,6045 2872,6047 2872,6048 2873,6048 3181,6048 3182,6049 3183,6049 3184,6050 3184,6051 3185,6052 3186,6052 3187,6053 3187,6054 3188,6055 3188,6063 3189,6064 3190,6064 3191,6065 3191,6077 3193,6079 3194,6079 3195,6080 3195,6085 3197,6087 3198,6087 3199,6088 3199,6098 3200,6099 3264,6099 3264,6099 3264,6100 3267,6103 3268,6103 3268,6103 3268,6104 3270,6106 3271,6106 3272,6107 3272,6129 3273,6130 3347,6129 3348,6130 3349,6130 3349,6131 3349,6132 3351,6133 3352,6133 3353,6135 3353,6140 3355,6141 3356,6141 3357,6143 3357,6144 3356,6145 3355,6145 3353,6147 3353,6148 3352,6149 3351,6149 3350,6150 3349,6151 3349,6152 3349,6152 3348,6152 3347,6153 3277,6154 3276,6154 3276,6157 3275,6158 3276,6170 3274,6172 3273,6172 3272,6173 3272,6174 3270,6176 3269,6176 3268,6177 3268,6178 3267,6179 3266,6179 3264,6181 3264,6182 3263,6183 3193,6183 3191,6185 3191,6186 3190,6187 3041,6187 3041,6188 3041,6230 3041,6230 3369,6229 3370,6230 3371,6230 3372,6231 3372,6235 3371,6235 3041,6236 3040,6237 3039,6237 3035,6241 3031,6241 3029,6244 3029,6245 3028,6245"/><TextEquiv index="1"><Unicode>lever. Elle nous promit, pour l'après-</Unicode></TextEquiv></TextLine><TextLine id="r0_l026"><Coords points="3082,6434 3080,6432 3080,6431 3079,6430 3078,6430 3076,6428 3076,6384 3075,6384 2818,6385 2815,6388 2814,6388 2814,6388 2814,6393 2813,6395 2812,6395 2810,6396 2810,6397 2809,6399 2808,6399 2806,6400 2806,6401 2805,6403 2796,6403 2795,6403 2795,6405 2794,6407 2793,6407 2791,6405 2791,6404 2790,6403 2789,6403 2787,6401 2787,6400 2786,6399 2785,6399 2783,6397 2783,6388 2782,6388 2619,6388 2618,6387 2522,6387 2521,6386 2521,6385 2520,6384 2515,6384 2514,6383 2083,6384 2082,6386 2082,6387 2081,6387 2080,6387 2079,6388 1938,6388 1937,6387 1936,6387 1936,6387 1936,6386 1934,6384 1930,6384 1929,6383 1876,6384 1874,6381 1874,6380 1873,6380 1687,6380 1686,6378 1686,6377 1684,6376 1625,6376 1624,6375 1624,6374 1622,6372 1590,6372 1590,6372 1590,6371 1587,6368 1586,6368 1586,6368 1586,6367 1583,6364 1453,6364 1452,6363 1436,6364 1435,6362 1435,6361 1434,6361 1380,6361 1379,6360 1362,6360 1362,6359 1362,6358 1360,6357 1059,6357 1058,6356 1058,6355 1056,6353 1055,6353 1054,6352 804,6353 804,6353 804,6366 802,6368 801,6368 801,6368 800,6369 800,6370 798,6372 797,6372 796,6373 796,6374 794,6376 789,6376 789,6376 789,6377 786,6380 774,6380 773,6378 773,6377 771,6376 770,6376 769,6374 769,6353 768,6353 384,6354 384,6354 384,6355 382,6357 374,6357 372,6354 372,6353 371,6353 370,6353 369,6351 369,6346 370,6345 371,6345 372,6344 372,6295 371,6295 173,6295 172,6294 172,6285 172,6284 371,6284 372,6283 372,6276 371,6276 165,6276 165,6276 165,6275 164,6274 164,6271 165,6270 165,6269 165,6268 386,6268 388,6266 388,6265 389,6264 514,6264 515,6263 515,6215 516,6214 517,6214 518,6213 626,6212 628,6210 631,6213 631,6214 631,6214 636,6214 638,6216 638,6218 638,6218 987,6218 988,6218 988,6219 990,6221 991,6221 992,6222 1068,6222 1069,6223 1069,6224 1071,6226 1302,6226 1304,6224 1304,6223 1304,6223 1307,6223 1310,6226 1314,6226 1316,6227 1316,6228 1316,6229 1317,6229 1320,6231 1320,6232 1320,6233 1321,6233 1324,6235 1324,6275 1324,6276 1600,6275 1601,6275 1601,6239 1602,6237 1603,6237 1605,6236 1605,6235 1606,6233 1646,6233 1647,6233 1647,6232 1647,6231 1831,6231 1832,6230 1833,6230 1834,6229 1852,6229 1853,6230 1854,6230 1855,6230 1855,6231 1861,6238 1862,6238 1863,6238 1863,6279 1863,6280 2063,6279 2064,6280 2065,6280 2067,6282 2067,6283 2067,6283 2253,6283 2256,6285 2256,6286 2256,6287 2369,6286 2370,6287 2659,6287 2660,6286 2660,6276 2660,6276 2670,6276 2671,6277 2948,6276 2949,6276 2949,6243 2950,6241 2951,6241 2952,6241 2952,6240 2954,6237 2962,6237 2966,6233 2969,6233 2976,6240 2976,6267 2977,6268 3256,6268 3257,6267 3257,6249 3257,6249 3258,6249 3261,6246 3261,6242 3262,6241 3263,6241 3264,6240 3264,6239 3266,6237 3364,6236 3365,6235 3371,6235 3372,6236 3372,6237 3371,6237 3357,6237 3357,6238 3357,6310 3356,6310 3355,6310 3351,6314 3349,6314 3349,6315 3349,6364 3348,6364 3347,6364 3345,6367 3345,6368 3344,6368 3339,6368 3337,6371 3337,6372 3336,6372 3335,6372 3334,6374 3334,6375 3332,6376 3331,6376 3330,6378 3330,6379 3328,6380 3161,6381 3161,6381 3161,6419 3160,6420 3160,6421 3160,6422 3159,6422 3157,6423 3157,6424 3156,6426 3120,6426 3118,6427 3118,6432 3117,6434"/><TextEquiv index="1"><Unicode>midi, l'hiſtoire de ſes tourmens, depuis</Unicode></TextEquiv></TextLine><TextLine id="r0_l027"><Coords points="651,6415 1406,6413 1406,6572 651,6574"/><TextEquiv index="1"><Unicode>Tome I.</Unicode></TextEquiv></TextLine></TextRegion></Page></PcGts>