4266 8191
1092 742 4265 1104 ſon père l'avoit arrachée de mes
1269 1124 4266 1342 Je penſai, ſur-le-champ, à mon père
1073 1330 4266 1556 & à ma mère, qui étoient enfermés, &
743 1530 4267 1740 auxquels je devois mes premiers ſoins,
1073 1722 4267 1940 malgré leur rigueur à mon égard. J'avois
1066 1917 4268 2128 un ami en faveur auprès du Miniſtre;
1058 2109 4268 2313 j'allai, ſur-le-champ, le voir, pour le
1065 2305 4269 2506 prier de ſolliciter la liberté de mon père
820 2498 4269 2693 & de ma mère, qui étoient enfermés.
1058 2691 4269 2896 „Comment, me dit-il, leur liberté! tu
1046 2886 4270 3081 “es donc le contraire des autres jeunes-
1027 3076 4270 3271 “gens? Il n'y en a pas un qui ne ſol-
1027 3268 4271 3468 “licitât pour perpétuer leur captivité.
1039 3464 4271 3661 “Sens donc que leur détention fait ta
1027 3659 4271 3863 “liberté. Et leurs biens, n'en jouis-tu
1012 3854 4272 4047 “pas?“ -- „Hélas! non, répondis-je.“
1027 4042 4272 4250 Alors je lui racontai que je ſortois de
1027 4239 4273 4443 priſon, & je lui détaillai toutes les aven-
985 4434 4273 4641 tures douloureuſes, dont j'avois gémi,
885 4626 4274 4822 depuis que mon père m'avoit enfermé
997 4799 4274 5020 dans ſa cave. „Oh! oh! dit-il, & après
996 4993 4274 5211 “cela, tu veux les délivrer! Voilà de
674 5206 4275 5406 “l'héroïſme tout pur. Il y a là de quoi
1000 5397 4275 5596 “faire un Roman à la Richardſon. Pour
989 5593 4276 5788 “la rareté du fait, je veux délivrer ce
977 5785 4276 5986 “père maſſacrant. Nous verrons quelle
970 5953 4277 6186 “figure il fera devant toi, quand il
609 6166 4277 6403 “ſau a que tu es ſon ſauveur. Fais-moi
