4266 8197
-15 950 3261 1169 “paſſer un Mémoire, je le préſenterai
-14 1149 3250 1359 “au Miniſtre; &, ſous peu, j'eſpère
-14 1340 3261 1546 “que je te ferai rendre le couple vé-
-14 1534 1924 1751 “nérable & ſévère.“
469 1725 3269 1921 Je remerciai mon ami, & je courus
-13 1857 3265 2119 ſur-le-champ dreſſer mon Mémoire. Je
-12 2099 3555 2320 l'adreſſai au jeune favori; & je retournai
-12 2306 3529 2510 dîner avec Laure, Mille-Fleurs & mon
-11 2501 3273 2688 enfant. Je vis ſourire ma chère de Ly-
-11 2676 3276 2896 ſange. Il y avoit long-temps que le ſou-
-11 2890 3276 3089 rire n'avoit habité ſur ſes lèvres ver-
-10 3074 3460 3275 meilles. Nous dînâmes avec un plaiſir
-10 3265 3280 3465 que je ne puis décrire. Nous fîmes quel-
-9 3460 3269 3655 ques tours de jardin. Laure reſpiroit,
-9 3647 3292 3846 avec plaiſir, l'air pur de l'atmoſphère,
-9 3832 3284 4041 & le parfum de la verdure; les couleurs,
-8 4036 3360 4255 dont ſe peignoit la nature, venoient
-8 4224 2719 4448 rayonner ſur ſa figure angélique.
209 4399 3284 4612 Nous nous aſsîmes ſur l'herbe émaillée
-7 4597 3284 4805 de fleurs, ſur une terraſſe, d'où nous
-6 4797 3475 4993 appercevions une charmante perſpective.
-6 4970 3273 5188 Nous vîmes la belle perſonne regarder
-6 5166 3280 5380 long - temps le ciel avec extaſe, offrir,
-5 5370 3284 5577 du fond de ſon cœur, ſes actions de
228 5564 3292 5768 graces à l'Eternel, lui préſenter ſon en-
-4 5747 3292 5954 fant. Elle étoit immobile & muette,
251 5946 3590 6165 plongée dans les délices & dans cette
-4 6138 3353 6547 lppaaige d d ure célel iauta dle
2379 6546 3013 6763 Eij
