4266 8366
1323 503 2389 773 i.
2245 886 2720 1019 .
363 957 3434 1160 gc
399 1362 3351 1719 L Me.
2080 1949 3114 2116 M
650 2183 2801 2488 Troisième Liasse.
531 2880 3225 3102 Céſar de Perlencour, à Dumoulin.
357 3213 3245 3479 Histoirede Laure.
102 3747 3394 3978 Mon cher ami, dit Laure, tu te
102 3941 3398 4176 ſouviens du moment affreux où ton père,
320 4167 3390 4349 d'un côté, le mien de l'autre, vinrent
63 4370 3403 4564 s'emparer de nous, & nous arracher des
70 4563 3378 4772 bras l'un de l'autre. O ſéparation cruelle!
66 4761 3394 4959 Je montai dans la voiture de mon ri-
82 4967 3398 5169 goureux conducteur. Il s'aſſit à côté de
62 5161 3394 5375 moi. Nous reſtâmes en ſilence. J'étois
197 5367 3386 5573 occupée de mes peines, je penſois auſſi
304 5561 3394 5776 aux tiennes. L'œil de mon père, qui
118 5755 3751 5973 ne s'étoit jamais exprimé à mon égard
58 5946 3422 6175 qu'avec amour, me lançoit des regards
158 6143 3370 6378 foudroyans, que je ne pouvois ſoutenir,
296 6350 3367 6581 & qui me faiſoient voir, à chaque inſ-
2412 6582 2765 6767 Eii
