4266 8501
2182 503 2937 814 i
1043 806 4165 1022 “née dans la condition la plus obſcure?
774 1019 4234 1228 “J'en aurois été quitte pour quelques
1051 1220 4242 1425 “gourmades de la part d'un père plus
959 1425 4242 1628 “pauvre, & l'on m'auroit envoyée en
1039 1626 4238 1828 “ſecret accoucher à l'Hôtel-Dieu. O!
1039 1827 4242 2034 “malheureux ſexe condamné, pour ta
1039 2024 4226 2234 “foibleſſe, au ſort le plus rigoureux!
1039 2229 4225 2442 “Il y a des hommes ſur la terre, qui,
1047 2434 4218 2639 “pour leur ambition, font le malheur
815 2636 4210 2844 “des nations entières, font périr les
939 2839 4205 3044 “hommes par millions, couvrent d'im-
1028 3040 4213 3246 “menſes pleines, de ſang & de cadavres,
1035 3237 4149 3443 “rempliſſent les cachots ſouterreins
1031 3436 4214 3649 “d'infortunés qui ne reſpirent que
654 3639 4161 3851 “pour maudire leur exiſtence, en font
1043 3840 4165 4045 “périr d'autres ſur les échafauds & dans
1035 4041 4209 4250 “les bûchers, répandent la famine &
738 4242 4206 4457 “la misère parmi les peuples, & font
1031 4446 4210 4656 “couler le ſang & les larmes ſur la
1032 4643 4201 4862 “ſurface de la terre. Ils ſont honorés;
1027 4848 4202 5062 “& une pauvre fille, qui n'a fait que
1031 5045 4194 5238 “céder, ſelon le vœu de la nature,
1027 5254 4121 5455 “aux tendres perſécutions d'un homme
1007 5451 4173 5671 “plus fort qu'elle; qui, obéiſſant aux
1023 5653 4173 5876 “loix de l'auteur ſuprême, n'a déſobéi
947 5857 4170 6078 “qu'à celles des hommes, & trop arbi-
995 6062 4210 6283 “traires, & trop rigoureuſes; une pauvre
983 6261 4193 6480 “innocente qui a ſi peu de choſe à ſe
1031 6471 4129 6705 “reprocher, ſe voit unanimement con-
