4266 7878
131 923 3413 1106 “damnée, ſe voit enchaînée ſous la
146 1124 3324 1316 “terre, prête à mourir de la main de
378 1308 3229 1500 “ſon propre père.“ Alors je me re-
131 1489 3236 1687 préſentois votre ſort, cher Céſar, qui
131 1676 3379 1873 ne devoit pas être plus doux que le
142 1860 3467 2055 mien. Il me ſembloit avoir entendu dire
142 2049 3236 2240 que les deux rigoureux pères s'étoient
381 2231 3229 2427 accordés, pour traiter leurs enfans l'un
382 2419 3240 2610 comme l'autre. „Hélas! me diſois-je,
381 2603 3243 2798 “c'en eſt peut-être déjà fait de lui, ou
367 2787 3221 2978 “bien dans ce moment, peut-être, ſon
161 2971 3240 3155 “père, devenu ſon bourreau, lui brûle
370 3151 3335 3324 “la cervelle. Ce beau jeune-homme,
157 3331 3240 3524 “la tête caſſée, baigné de ſon ſang,
161 3519 3232 3712 “tombe aux pieds de ſon meurtrier,
179 3699 3232 3891 “palpite & rend ſon ame, qui devoit
179 3887 3232 4075 “animer plus long - temps un ſi beau
172 4122 1085 4260 “corps.“
551 4255 3232 4444 “Je n'ai jamais vu de figure plus dure
183 4394 3339 4626 & plus atroce que celle du miniſtre
187 4622 3232 4820 infernal de la barbarie de mon père,
381 4810 3225 5001 qui m'apportoit, chaque jour, du pain
311 4994 3232 5182 & de l'eau, ma ſeule nourriture. Sa vue
209 5174 3361 5370 me faiſſoit friſſonner; mon fruit infor-
293 5354 3225 5565 tuné treſſailloit dans mes entrailles. Le
378 5545 3225 5737 monſtre ne me diſoit rien, & je n'oſois
190 5732 1203 5916 l'interroger.
223 5921 3567 6117 “Je ne voyois point reparoître mon
212 6105 3229 6304 père; j'en concluois que ma mère avoit
2505 6281 2777 6437 Ev
