4266 8626
852 921 4233 1138 obtenu, de lui, qu'il me laiſsât reſpirer
859 1129 4233 1344 juſqu'à ce que je fuſſe délivrée de mon
861 1336 4071 1544 fardeau, & je concevois que la naiſ-
507 1543 4205 1755 ſance de mon enfant ſeroit l'arrêt de
864 1750 4168 1957 ma mort. Je deſirois ce moment, pour
665 1949 4188 2133 être affranchie de mes tourmens & de
865 2148 4079 2366 la vie. Il arriva enfin. J'eus beau pouſſer
877 2364 4079 2571 des cris, perſonne ne vint me ſecourir.
851 2567 4172 2780 Il fallut que la nature fît, toute ſeule,
864 2770 4164 2985 les frais d'une pénible opération. Enfin
880 2977 4042 3181 je vis qu'elle m'avoit donné un enfant
873 3185 4151 3395 du même ſexe que ſa mère, de ce ſexe
868 3384 4152 3567 douloureux, condamné à l'infortune. Je
868 3591 4111 3800 n'eus pas de langes pour l'envelopper. Je
710 3798 4083 4007 la préſentai au ciel: „O mon Dieu!
621 4001 4034 4213 “m'écriai - je, daigne appeler à toi la
844 4209 4067 4420 “mère, & protéger l'enfant. Tu nous
860 4416 4026 4628 “reſtes ſeul au monde, tu es notre
852 4624 4111 4831 “père, notre mère, notre ami, notre
535 4826 4120 5031 “conſolateur & notre Dieu. Je vais
848 5029 4054 5237 “paroître devant toi. Je me jette dans
848 5229 1828 5387 “tes bras.“
1051 5440 4034 5653 “Je préſentai, à mon enfant, le lait
840 5651 4055 5859 maternel. Je reſſentis quelque plaiſir
848 5854 4051 6069 à remplir cette fonction de mère. „Hélas!
808 6062 4042 6278 “me diſois - je, bientôt j'en vais être
836 6269 4050 6472 “privée; & que deviendra mon en-
840 6468 3977 6688 “fant?“ Je treſſaillis doublement, quand
832 6683 4046 6903 j'entendis ma porte s'ouvrir. Mon Geo-
