4266 7976
1567 616 2049 846 io
307 871 3273 1087 lier barbare conſidéra ma fille, de ſon
360 1085 3375 1278 œil infernal. Je tremblois de tous mes
356 1277 3273 1474 membres, & j'attendois, en palpitant,
352 1465 3285 1658 ce qu'il alloit dire. Enfin il parla pour
89 1653 3281 1852 la première fois, j'entendis ſa voix ſé-
131 1841 3285 2041 pulcrale. „Il faudroit, dit-il, la faire
101 2033 3300 2243 “dévorer par des chiens.„ Ah, le monſ-
96 2222 3472 2420 tre! je tremblai qu'il ne communiquât,
349 2414 3078 2614 à mon père, cette abominable idée.
510 2602 3270 2797 “Je m'attendois à voir bientôt paroître
104 2796 3273 2990 le rigoureux auteur de mes jours, pour
104 2984 3281 3168 terminer enfin mon ſupplice. Il ne parut
119 3164 3303 3352 point. Je ne ſavois que penſer. Je profitai
116 3352 3277 3543 de ce terme plus long, qu'il accordoit
123 3540 3273 3730 à ma vie, pour alaiter mon enfant. Je
330 3728 3307 3916 le répète, je trouvois des douceurs dans
127 3920 3284 4110 cette occupation maternelle. C'étoient
119 4104 3292 4292 les ſeules que je connuſſe. Mon enfant
205 4296 3300 4491 n'étoit guères qu'une machine. Elle ne
330 4488 3525 4680 pouvoit me parler; mais je lui parlois.
326 4672 3258 4870 Elle ne m'entendoit pas; mais elle me
326 4860 2736 5061 ſourioit. Je n'étois plus ſeule.
499 5059 3255 5254 “Je deſirois cependant ſavoir pour-
225 5242 3397 5443 quoi l'on me laiſſoit la vie. Il n'y avoit
337 5432 3620 5634 pas moyen de rien apprendre de mon
330 5611 3349 5811 gardien monſtrueux; mais heureuſe-
131 5803 3348 6014 ment, il tomba malade. Un plus doux
330 5989 3251 6204 vint le remplacer. Je le queſtionnai, il
138 6183 3356 6393 vouloit éluder mes queſtions; mais il
2470 6394 3083 6575 E v
