4266 8732
3915 6 4242 120 --
2169 575 2780 844 ios
894 860 4241 1103 n'avoit pas la force de me laiſſer tout-
894 1084 4242 1333 à-fait ſans réponſe; & je conclus, de ce
898 1308 4241 1515 qui lui échappa, que votre père ne vous
894 1502 4241 1723 avoit pas donné la mort; & que le mien,
554 1710 4216 1942 pour ſe conformer à lui, me laiſſoit
885 1917 3052 2128 vivre juſqu'à nouvel ordre.
1097 2124 4212 2341 “J'eus du plaiſir ſans doute à pou-
616 2334 4216 2543 voir me flatter que vous viviez; mais
881 2542 4205 2764 vous viviez, malheureux comme moi;
877 2745 4212 2965 il n'y avoit pas là de quoi me conſoler de
881 2938 4208 3169 mes peines. Enfin la Philoſophie & mon
749 3165 4179 3359 enfant m'adoucirent une vie, qui, au
873 3363 4200 3796 le je douiſes onoits aes uua
869 3788 4187 3994 mon bon ami; vous êtes venu, vous
865 3992 4191 4204 m'avez ſauvée; c'eſt à vous que je dois
856 4199 4189 4439 le bonheur & la liberté; ils m'en ſont
861 4410 2741 4639 doublement précieux.“
1069 5097 4184 5380 Céſar de Perlencour, à Dumoulin.
508 5624 4183 5859 J'emprassai de nouveau, ma chère
570 5856 4183 6070 Laure & mon enfant. Je demandai par-
616 6067 4192 6279 don, à la tendre mère, des chagrins que
828 6270 4220 6487 je lui avois cauſés; elle me demanda
741 6479 4217 6689 pardon de ceux qu'elle m'avoit occa-
815 6676 4199 6925 ſionnés. Hélas! elle n'avoit rien à ſe
