4266 8569
876 896 4157 1118 “qui s'intéreſſe à vous, & qui doit vous
839 1106 4185 1324 “le faire paſſer. D'ailleurs, on a écrit
880 1312 4173 1516 “au Gouverneur du château, de vous
867 1515 4096 1728 “rendre votre père & votre mère, à
867 1716 4095 1931 “votre première requiſition. Volez à la
872 1919 4153 2137 “priſon royale; les portes s'ouvriront
609 2124 4161 2340 “devant vous, & les fers tomberont
670 2330 3567 2532 “des mains des deux victimes.“
1065 2532 4052 2743 Je courus ſur-le-champ au château re-
864 2730 4165 2950 doutable, qui renfermoit les auteurs de
860 2940 4100 3146 mes jours. Je les demandai. Ils ſortoient
859 3138 4157 3341 dans le moment, conduits par le Che-
839 3340 4153 3547 valier Marqué. „Ah! le malheureux,
492 3542 4165 3753 “m'écriai-je tranſporté de fureur! Il va
852 3751 4153 3957 “recueillir le fruit de mes peines, &
859 3950 4157 4165 “perſuader à mes parens que c'eſt lui
843 4155 4072 4368 “qui les a délivrés.“ Je me précipitai
843 4350 4149 4569 dans leurs bras. Je leur témoignai la
839 4561 4165 4771 joie que j'avois de les revoir. „Remer-
472 4763 4157 4969 “ciez donc M. le Chevalier, dit mon,
852 4969 4153 5171 “père; c'eſt à lui que vous devez ce
730 5167 4153 5382 “bonheur.“ -- „Quoi! m'écriai-je, ce
827 5367 4165 5583 “coquin voudroit vous en impoſer à ce
755 5573 3963 5785 “point! Mon père, croyez...“ -- „Oui,
826 5781 4173 5989 “Monſieur, croyez, dit le malheureux
553 5983 4185 6201 “Chevalier, croyez que Monſieur votre
823 6185 4197 6403 “fils a fait tout ce qui étoit en ſon
827 6395 4068 6604 “pouvoir pour hâter votre délivrance.
819 6597 4181 6819 “L'ami, qui a obtenu l'ordre propice
96 8386 2258 8492 ----
