4266 8047
1344 632 2223 892 i.
317 891 3321 1096 “pour votre liberté, & qui me l'a remis,
329 1085 3321 1273 “m'a appris tous les efforts qu'à faits
321 1273 3253 1473 “Monſieur votre fils; & je ne doute
333 1467 3530 1659 “pas que ces efforts, joints à ceux que
105 1656 3261 1854 “que j'ai eu le bonheur de tenter de
333 1846 3264 2017 “mon côté, n'aient contribué à faire
333 2035 3242 2237 “pencher la balance en ma faveur.“
329 2230 3291 2430 -- „Mon père, m'écriai - je, je viens
329 2415 3265 2616 “de voir l'ami qui a obtenu, pour
124 2608 3265 2810 “moi, l'ordre de votre délivrance; il
109 2798 3413 2996 “m'a dit qu'il l'avoit remis à un de
310 2987 3280 3183 “mes amis, pour me le faire paſſer,
112 3173 3310 3367 “afin que j'en fiſſe uſage pour venir
314 3363 3268 3558 “vous délivrer; mais il ne m'a point
113 3548 3272 3746 “dit que ce prétendu ami eût fait,
116 3738 3276 3939 “de ſon côté, aucunes ſollicitations;
109 3932 3409 4130 “& je ſuis sûr qu'il étoit bien éloigné
329 4121 3284 4321 “d'en faire pour votre délivrance, puiſ-
170 4319 3317 4505 “que c'étoit lui qui avoit obtenu l'ordre
105 4508 3265 4699 “de vous arrêter.“ -- „Ah! mon Dieu!
336 4690 3420 4876 “s'eſt écrié le miſérable, comme effrayé
109 4888 3276 5084 “de la calomnie!“ -- „Indigne gar-
113 5083 3280 5278 “nement! m'a dit mon père furieux,
109 5274 3272 5471 “tu veux donc toujours me faire rougir
325 5464 3280 5654 “par tes indignités! Quoi! devant moi-
329 5650 3280 5851 “même, tu oſes te montrer ingrat en-
336 5847 3321 6041 “vers un homme qui te rend ton père
135 6044 3321 6234 “& ta mère! Malheureux! tombe à ſes
352 6226 3321 6455 “genoux, & remercie-le du bien qu'il
