4266 8079
1539 544 2222 737 ii
-15 773 3442 992 “dit - elle, il n'eſt queſtion que de
-12 975 3259 1179 “s'expliquer; on a levé de plus grandes
-14 1177 1337 1387 “difficultés.“
506 1356 3301 1551 Elle voulut, dès le lendemain, aller
-13 1550 3278 1756 faire entendre raiſon à mon père. Elle
-13 1741 3263 1945 apprit qu'il étoit parti pour Lyon, avec
-13 1932 3263 2131 ſon épouſe. Ce qu'il y avoit de plus dé-
-12 2121 3290 2508 iveielr laqnu oi pau en uu
-11 2478 3579 2712 Furieux, je volai chez Frédégonde. Je
-11 2650 3301 2905 la trouvai ſuperbement parée. Elle don-
-11 2881 3255 3085 noit, ce jour - là, chez elle, une fête
-10 3076 3252 3267 magnifique. Elle attendoit ſon monde.
-10 3244 3248 3464 Je te le confeſſe tout bas. Je la rouai
-9 3446 3252 3646 de coups, & je lui caſſai ma canne ſur
-9 3619 2070 3859 les épaules. J'en rougis.
723 4003 2764 4142 Namque etſi nullum memorabile nomen
468 4178 3043 4313 Fœmine in pœn eſt, nec habet victoria laudem.
411 4482 2806 4621 A punir une femme on compromet ſa gloire,
79 4649 2805 4809 Et le vainqueur confus rougit de ſa victoire.
-6 4936 3259 5165 Tu ſens les hurlemens que pouſſoit cette
-6 5087 3293 5349 Furie. Ses gens parurent enfin; mais ils
-5 5337 3229 5548 me laiſsèrent malignement le temps de
-5 5504 2173 5741 la roſſer tout à mon aiſe.
159 5718 3503 5928 Soudain la compagnie arriva. L'au-
-4 5889 3229 6126 guſte Frédégonde fut obligée d'avaler,
-3 6105 3373 6366 pour ainſi dire, ſa rage. Le ſourire ſe
