4266 8091
1264 506 2004 745 i5
13 791 3546 997 deux petits êtres ſe careſsèrent, & ils
10 982 3245 1150 ſembloient ſe reconnoître mutuellement
166 1180 2002 1390 pour frère & ſœur.
308 1367 3252 1575 Je louai une petite maiſon écartée,
110 1561 3256 1759 à quelque diſtance de Paris, pour y
105 1740 3252 1953 placer ma chère Laure: je la fis meubler
110 1942 3249 2136 & accommoder ſelon mon goût & mon
109 2117 3603 2344 but; ce qui me conſuma du temps. Je
121 2327 3256 2517 me délaſſois, le ſoir, de mes fatigues,
121 2509 3260 2719 avec de jeunes Seigneurs, qui me fai-
117 2704 3260 2911 ſoient l'honneur de m'admettre dans leurs
296 2907 3374 3104 parties. J'y gagnai trois vices, ou au
121 3088 3260 3280 moins deux, qui étoient le partage de
136 3275 3283 3472 tous ces nobles roués. J'avois déjà la
285 3466 3264 3668 paſſion des femmes; mais non des proſti-
144 3656 3268 3847 tuées, & je n'avois jamais donné, qu'à
304 3847 3515 4043 mon corps défendant, dans le vin & le
113 4037 3283 4431 lot ſit en unſ apie
105 4425 3268 4808 tmnn , ai l oorpmgepiee 'eeraine ou
105 4807 3473 5003 vent; &, l'eſprit égaré par les vins &
113 4989 3260 5196 les liqueurs, nous inſultâmes quelque-
311 5180 3469 5392 fois d'honnêtes - gens, & nous agîmes
102 5382 3260 5572 comme de très-mauvais ſujets. Ces Meſ-
105 5557 3317 5776 ſieurs enfin me firent commettre, avec
98 5756 3268 5970 eux, des excès des trois genres, & bientôt
87 5949 3458 6159 j'en reſſentis les effets. Je me trouvai
311 6147 3275 6383 rongé de dettes, d'une acreté dans le
