4266 8113
1376 553 2147 774 i.
10 819 3282 1021 Je devois partir pour Lyon, afin de voir
144 1014 3282 1212 ſi je ne pourrois pas ramener mon père
140 1204 3274 1409 & ma mère à la raiſon & à la nature,
136 1392 3446 1600 & les détromper ſur le compte de l'in-
136 1593 3629 1787 digne Marqué. Je chargeai un habile
132 1783 3297 1979 Chirurgien de profiter de mon abſcence
350 1976 3579 2172 pour ſoigner ma douce amie, en lui
136 2165 3305 2364 avouant, s'il le falloit, la maladie cruelle
357 2359 3309 2555 dont elle me devoit la contagion. Je
136 2552 3309 2751 partis baigné de ſes larmes, & j'arrivai
132 2740 2733 2963 à Lyon en aſſez mauvaiſe ſanté.
514 2931 3316 3130 Tu n'y étois point encore, mon ami;
133 3109 3324 3309 j'ai le malheur de ne pouvoir jamais t'y
128 3309 3331 3503 rencontrer. Tu m'y aurois peut-être épar-
136 3495 3259 3755 gné bien des fautes & des ſottiſes.
416 3690 3553 3889 J'appris, en arrivant, que mon père
136 3877 3331 4075 étoit abſent; qu'on ne ſavoit pas trop,
117 4067 3335 4270 même, ce qu'il étoit devenu. Je me
136 4262 3332 4461 flattai, ſur-le-champ, que je gagnerois
125 4456 3335 4647 à ſon abſence; que ma mère ſeroit moins
140 4639 3343 4835 inexorable, & que ſon cœur me ſeroit
106 4830 3339 5033 moins fermé. Dans cet eſpoir, je me
106 5024 3347 5223 préſentai à la porte de la maiſon pa-
132 5215 3545 5412 ternelle. Tout le monde s'enfuit à mon
392 5409 3347 5606 aſpect. On me cria, par une fenêtre,
91 5600 3722 5995 le de me
109 5974 3354 6176 faire enfermer, ſi j'oſois entrer. Je fus
403 6168 3358 6382 indigné d'un outrage ſi révoltant. Je
