4266 8179
1534 537 2265 704 i
30 917 3254 1157 i
190 1293 3228 1530 Céſar de Perlencour, à Dumoulin.
2638 1682 3034 1873 Lyon.
155 1982 3269 2302 Ah! fuis moi, pour jamais. Je ſuis
170 2291 3265 2490 un monſtre! J'ai commis un crime, un
170 2468 3269 2675 ſacrilège.... Non je ne l'ai point commis.
174 2671 3272 2874 Toutes les puiſſances de l'enfer ſe ſont
178 2857 3566 3063 réunies contre moi, ont pouſſé mon
178 3048 3341 3246 bras. Mon cœur fut innocent; mais je
186 3238 3287 3457 n'en ſuis pas moins le plus effroyable des
182 3418 954 3600 hommes.
502 3604 3289 3795 Comment t'écrire ce récit abominable,
216 3809 3398 4006 ſur la terre que je ſens trembler, au
193 4003 3291 4198 milieu des foudres que j'entends gronder
338 4193 3291 4388 ſur ma tête, que je vois tomber autour
243 4387 3288 4563 de moi? J'étois allé voir ma mère.... Ah,
182 4578 3291 4770 malheureux! oſai-je prononcer ce nom?
353 4763 3295 4959 J'étois allé la voir dans les intentions
349 4954 3299 5154 les plus pacifiques, les plus légitimes.
349 5141 3303 5349 J'avois été obligé de forcer le paſſage,
185 5339 3307 5539 il eſt vrai, parce qu'on me refuſoit in-
357 5529 3307 5731 dignement l'entrée de la maiſon pater-
357 5716 3310 5926 nelle. Cette violence avoit déjà mis en
197 5891 3482 6118 fureur la Dame ulcérée de longue main
380 6105 3413 6329 contre moi, par les ſoins odieux de
