4266 8705
1751 698 2340 915 un
420 952 3693 1183 yeux de la Dame idolâtre de cette bête,
424 1169 3587 1353 & envenimée contre ſon fils. „Ma mère,
428 1382 3595 1583 “continuai - je, je vous apporte des
408 1582 3591 1801 “lettres de la propre main de ce coquin,
420 1786 3591 2004 “qui vous prouveront combien il vous
412 1995 3595 2210 “trahit indignement.“ -- „Veux - tu
408 2200 3952 2421 “t'enfuir, malheureux, & me laiſſer
408 2408 3677 2628 “tranquille? Si tu ne ſors je te donne
400 2613 3595 2830 “ma malédiction.“ Abominable obſti-
126 2817 3591 3035 nation! effet de l'horrible ſéduction du
388 3026 3587 3244 plus damnable des coquins! L'indigne
122 3236 3579 3445 épagneul continuoit de m'impatienter,
383 3439 3845 3642 de me mordre. J'étois obligé de le frapper
167 3636 3910 3849 légèrement, pour l'écarter. Sa maîtreſſe
117 3844 3787 4061 alloit toujours au - devant des coups.
388 4045 3587 4257 „Malheureux! s'écrioit - elle, tu oſes
371 4257 3591 4438 “battre mon chien devant moi; tu n'as
374 4458 3906 4671 “pas encore le front de me frapper moi-
343 4666 3574 4873 “même; mais tu y viendras. J'ai en-
343 4867 3570 5076 “fanté mon bourreau.“ Effroyable pro-
380 5071 3963 5502 blooit ſans doe q uues oinuue, uuis
371 5480 3566 5698 j'étois troublé, hors de moi. „Miſé-
367 5689 3583 5911 “rable! crioit la Dame, d'une voix
294 5894 3974 6117 “éteinte par la fureur, fuis, je vais
72 6098 3587 6297 “appeler du ſecours.“ -- „Mais, Ma-
68 6295 3591 6532 “dame, de grace écoutez; je ne vous
367 6507 3652 6733 “quitte pas, que je ne vous aie dé-
354 6712 3763 6945 “trompée ſur le compte de ce ſcélérat.“
690 6920 1562 7121 Tome Il.
2969 6937 3461 7152 E
