4266 8014
1311 748 1926 919 r.
95 955 3377 1166 mère.... ſe met au-devant du coup, le
77 1151 3451 1342 reçoit, tombe dans ſon ſang.... Je crois
77 1333 3158 1533 voir mille foudres tomber ſur moi. Ma-
169 1528 3158 1719 lédiction, un million de malédictions ſur
310 1715 3158 1903 ma tête criminelle! O main parricide,
167 1904 3167 2089 ſois à jamais deſſéchée! O maiſon pa-
310 2091 3158 2281 ternelle, fonds en ruines ſur ma tête,
221 2277 3462 2468 écraſe-moi, embrâſe - toi pour devenir
84 2466 3170 2651 mon bûcher!.... On enfonce la porte. On
192 2654 3169 2844 entre; on voit, quel ſpectacle! ma mère
310 2836 3173 3031 à mes pieds, dans ſon ſang; ſon fils
258 3025 3310 3214 armé du déteſtable inſtrument; l'abomi-
228 3191 3184 3395 nable chien écraſé ſous mes pieds. Ma
306 3388 3184 3555 mère.... elle a la force de dire, „il n'eſt
256 3578 3185 3763 “pas coupable.“ Perſonne n'en croit
258 3762 3181 3954 tien; on l'a entendue crier à l'aſſaſſin. Il
295 3951 3240 4136 eſt pourtant vrai, tu le ſais ô mon Dieu!
333 4137 3185 4326 que je n'ai jamais eu l'effroyable intention
333 4330 1907 4508 d'aſſaſſiner ma mère.
388 4506 3192 4700 En ce moment paroît le déteſtable
210 4695 3292 4889 Marqué. Je cours pour me précipiter ſur
225 4880 3199 5078 lui; il s'enfuit à toutes jambes. Je le
214 5069 3514 5266 pourſuis & le pouſſe ſur un balcon, il
347 5255 3233 5451 tombe dans le jardin, je m'élance & tombe
340 5436 3210 5641 ſur lui, ce qui me ſauve un coup peut-
214 5623 3513 5842 être mortel. Je n'en ſuis pas moins étourdi
214 5806 3536 6014 de ma chûte. Ma défaillance donne, à
347 5995 3229 6208 cinq ou ſix hommes, la force de s'em-
277 6188 3240 6403 parer de moi. Ils m'enlèvent, me portent
2385 6392 2678 6585 Fi
