<PcGts xmlns="http://schema.primaresearch.org/PAGE/gts/pagecontent/2017-07-15" xmlns:xsi="http://www.w3.org/2001/XMLSchema-instance" xsi:schemaLocation="http://schema.primaresearch.org/PAGE/gts/pagecontent/2017-07-15 http://schema.primaresearch.org/PAGE/gts/pagecontent/2017-07-15/pagecontent.xsd"><Metadata><Creator>User123</Creator><Created>2020-10-15T18:12:01</Created><LastChange>2020-10-15T18:12:01</LastChange></Metadata><Page imageFilename="0133.png" imageHeight="8565" imageWidth="4266"><TextRegion id="r0" type="paragraph" orientation="0.25"><Coords points="1,1 4264,1 4264,8563 1,8563"/><TextLine id="r0_l001"><Coords points="2495,8 3403,4 3403,100 2495,104"/><TextEquiv index="1"><Unicode></Unicode></TextEquiv></TextLine><TextLine id="r0_l002"><Coords points="2427,698 3036,696 3037,942 2428,944"/><TextEquiv index="1"><Unicode></Unicode></TextEquiv></TextLine><TextLine id="r0_l003"><Coords points="4218,1208 4218,1207 4218,1206 4217,1205 4217,1197 4215,1196 4214,1196 4213,1194 4212,1148 4212,1148 4167,1148 4165,1147 4165,1145 4165,1144 4111,1144 4109,1143 4109,1142 4108,1140 4091,1140 4090,1139 3974,1140 3972,1138 3972,1137 3971,1136 3736,1137 3735,1137 3735,1142 3734,1144 3733,1144 3732,1144 3732,1145 3731,1146 3731,1154 3730,1156 3729,1156 3728,1157 3728,1158 3726,1160 3721,1160 3720,1161 3720,1162 3718,1164 3713,1164 3712,1165 3712,1166 3710,1168 3701,1168 3699,1167 3699,1166 3698,1164 3697,1164 3695,1163 3695,1136 3695,1135 3436,1136 3434,1135 3434,1134 3433,1132 3412,1132 3411,1131 3227,1132 3225,1134 3225,1135 3224,1136 3187,1136 3185,1135 3185,1134 3184,1132 3155,1133 3154,1132 2877,1133 2871,1138 2871,1139 2871,1140 2866,1140 2864,1141 2864,1142 2863,1144 2861,1144 2860,1143 2860,1142 2858,1140 2668,1141 2667,1141 2667,1146 2666,1148 2664,1148 2663,1147 2663,1146 2662,1145 2662,1144 2662,1144 2467,1145 2466,1145 2466,1146 2465,1148 2456,1148 2454,1146 2454,1144 2454,1144 2105,1145 2104,1146 2104,1155 2103,1156 2102,1156 2100,1158 2100,1163 2099,1164 2098,1164 2097,1165 2097,1166 2095,1168 2094,1168 2092,1170 2092,1171 2091,1172 2090,1172 2088,1174 2088,1179 2084,1183 2084,1184 2084,1184 2082,1184 2080,1183 2080,1182 2079,1180 2074,1180 2072,1179 2072,1172 2072,1171 1941,1172 1940,1171 1940,1152 1940,1152 1700,1153 1698,1154 1698,1155 1698,1156 1659,1156 1658,1157 1658,1164 1658,1164 1657,1164 1653,1168 1641,1168 1637,1172 1624,1172 1622,1171 1622,1161 1622,1160 1572,1160 1570,1159 1570,1158 1569,1156 1568,1156 1567,1155 1367,1156 1365,1158 1365,1159 1364,1160 1246,1161 1240,1166 1240,1167 1240,1168 1230,1168 1229,1167 1229,1166 1228,1165 1227,1164 1226,1164 1225,1163 1225,1162 1224,1161 1224,1157 1223,1156 1222,1156 1221,1155 1221,1154 1220,1153 1220,1081 1222,1080 1223,1080 1224,1078 1224,1021 1226,1019 1227,1019 1228,1018 1228,1017 1230,1015 1233,1017 1233,1018 1233,1019 1302,1019 1305,1021 1305,1022 1305,1023 1306,1023 1309,1025 1309,1068 1309,1069 1412,1068 1413,1069 1660,1068 1662,1067 1662,1066 1663,1064 1664,1064 1665,1063 1838,1062 1839,1062 1839,1017 1839,1016 1840,1016 1845,1011 1898,1011 1899,1010 1899,1009 1901,1007 1902,1007 1903,1006 1903,1005 1905,1003 1917,1003 1919,1004 1919,1005 1920,1007 1921,1007 1923,1008 1923,1009 1924,1010 1924,1014 1924,1015 1925,1015 1927,1016 1927,1017 1928,1018 1928,1054 1928,1055 1968,1055 1969,1056 1970,1056 1972,1057 1972,1058 1973,1060 1982,1060 1984,1061 1984,1062 1985,1064 1994,1064 1996,1065 1996,1066 1997,1068 1998,1068 2000,1069 2000,1100 2001,1101 2193,1100 2193,1099 2193,1084 2194,1084 2195,1084 2195,1083 2197,1081 2197,1080 2198,1080 2199,1080 2201,1077 2201,1076 2202,1076 2203,1076 2205,1073 2205,1072 2205,1072 2206,1072 2209,1069 2209,1068 2209,1068 2214,1068 2217,1065 2217,1064 2217,1064 2228,1064 2229,1063 2229,1008 2229,1008 2230,1008 2233,1005 2233,1004 2233,1004 2234,1004 2237,1001 2237,1000 2237,1000 2255,999 2257,998 2257,997 2258,995 2259,995 2261,997 2261,998 2264,1001 2267,1004 2268,1004 2269,1005 2269,1052 2269,1052 2494,1051 2495,1052 2496,1052 2498,1054 2498,1055 2498,1055 2499,1055 2500,1056 2508,1056 2510,1058 2694,1058 2695,1057 2695,1056 2695,1056 2850,1055 2852,1053 2852,1052 2852,1052 2853,1052 2854,1051 3035,1050 3037,1048 3038,1048 3039,1047 3079,1047 3080,1046 3080,1001 3082,999 3087,999 3088,998 3088,997 3090,995 3091,995 3092,994 3092,993 3094,991 3102,991 3105,993 3105,994 3105,995 3106,995 3109,997 3109,1047 3109,1048 3397,1046 3398,1046 3398,1001 3398,1000 3399,1000 3402,998 3402,997 3402,996 3403,996 3406,994 3406,993 3407,991 3412,991 3414,990 3414,989 3415,987 3428,987 3430,989 3430,990 3430,990 3431,991 3432,991 3434,993 3434,1039 3434,1039 3611,1039 3612,1039 3612,1040 3612,1041 3613,1041 3615,1042 3615,1043 3615,1043 3616,1043 3619,1046 3619,1047 3619,1047 3620,1047 3623,1050 3623,1051 3623,1051 3624,1051 3627,1054 3627,1059 3627,1059 3628,1059 3631,1062 3631,1063 3631,1063 3632,1063 3635,1066 3635,1100 3636,1100 3868,1099 3868,1099 3868,1086 3870,1084 3871,1084 3872,1083 3872,1074 3875,1071 3876,1071 3876,1071 3876,1070 3877,1068 3882,1068 3884,1067 3884,1066 3885,1064 3887,1064 3888,1064 3888,1026 3890,1023 3891,1023 3892,1023 3892,1017 3892,1016 3893,1016 3894,1015 3899,1015 3900,1015 3900,1014 3902,1011 3915,1011 3916,1011 3916,1010 3918,1007 3925,1007 3926,1008 3927,1008 3928,1009 3928,1010 3929,1011 3937,1011 3938,1012 3939,1012 3940,1013 3940,1016 3940,1016 4128,1015 4129,1015 4129,1005 4129,1004 4130,1004 4131,1003 4134,1003 4135,1004 4136,1004 4137,1005 4137,1007 4137,1007 4219,1007 4221,1008 4221,1009 4222,1010 4222,1071 4223,1072 4241,1072 4242,1073 4242,1177 4241,1178 4241,1179 4241,1180 4240,1180 4237,1182 4238,1183 4237,1184 4236,1184 4234,1186 4234,1193 4233,1194 4233,1195 4232,1196 4231,1196 4230,1197 4230,1201 4229,1202 4229,1203 4228,1204 4227,1204 4225,1206 4225,1207 4224,1208"/><TextEquiv index="1"><Unicode>ſur un lit, dans une chambre, &amp; m</Unicode></TextEquiv></TextLine><TextLine id="r0_l004"><Coords points="4016,1403 4015,1402 4011,1402 4010,1401 4010,1341 4010,1341 3882,1341 3881,1340 3761,1341 3760,1340 3760,1339 3759,1338 3759,1337 3759,1337 3715,1337 3714,1338 3714,1398 3714,1398 3700,1398 3699,1398 3699,1397 3699,1396 3528,1397 3526,1395 3526,1394 3525,1393 3508,1393 3506,1391 3506,1337 3506,1337 3323,1338 3320,1341 3299,1341 3298,1341 3298,1342 3297,1343 3297,1344 3297,1345 3142,1346 3141,1346 3141,1367 3140,1369 3139,1369 3137,1370 3137,1375 3136,1377 3135,1377 3133,1378 3132,1379 3132,1380 3132,1381 3131,1381 3128,1383 3128,1384 3128,1385 3123,1385 3120,1387 3120,1388 3120,1389 3115,1389 3112,1391 3112,1392 3112,1393 3107,1393 3104,1395 3104,1396 3104,1397 3082,1397 3081,1396 3081,1395 3079,1393 3074,1393 3073,1392 3073,1391 3071,1389 3066,1389 3065,1388 3065,1387 3064,1386 3063,1385 3062,1385 3061,1384 3061,1383 3060,1382 3060,1344 3060,1344 2918,1345 2915,1342 2915,1341 2915,1341 2721,1341 2719,1343 2719,1348 2718,1349 2713,1349 2711,1348 2711,1345 2711,1344 2524,1345 2522,1344 2522,1343 2521,1341 2496,1341 2495,1340 2306,1341 2305,1342 2305,1344 2304,1345 2303,1345 2301,1347 2301,1352 2300,1353 2299,1353 2297,1355 2297,1368 2296,1369 2295,1369 2293,1371 2293,1376 2292,1377 2291,1377 2289,1379 2289,1384 2288,1385 2287,1385 2285,1387 2285,1392 2284,1393 2283,1393 2282,1394 2281,1395 2281,1396 2280,1397 2271,1397 2269,1396 2269,1395 2268,1393 2267,1393 2265,1392 2265,1391 2265,1390 2264,1390 2261,1388 2261,1361 2261,1360 2142,1361 2141,1360 2141,1359 2140,1358 2140,1354 2139,1353 2022,1353 2021,1352 1821,1353 1819,1355 1819,1356 1818,1357 1793,1357 1792,1356 1595,1357 1594,1358 1594,1376 1593,1377 1567,1377 1566,1377 1566,1361 1566,1360 1278,1362 1277,1362 1277,1395 1276,1397 1270,1397 1269,1396 1269,1365 1269,1365 1258,1365 1257,1364 1257,1363 1256,1362 1256,1361 1256,1361 1238,1361 1237,1360 1237,1359 1236,1358 1236,1357 1236,1357 1230,1357 1229,1356 1229,1355 1228,1354 1228,1350 1224,1346 1224,1333 1224,1333 1223,1333 1220,1330 1220,1316 1220,1316 1054,1317 1052,1315 1052,1313 1053,1313 1054,1313 1055,1312 1224,1311 1224,1310 1224,1306 1226,1305 1227,1305 1228,1303 1228,1298 1229,1297 1230,1297 1232,1295 1232,1290 1233,1289 1234,1289 1235,1288 1236,1287 1236,1286 1237,1285 1238,1285 1240,1283 1240,1282 1241,1281 1242,1281 1243,1280 1251,1280 1253,1278 1253,1277 1253,1277 1258,1277 1261,1274 1261,1273 1261,1273 1262,1273 1263,1272 1420,1271 1421,1271 1421,1259 1423,1256 1424,1256 1425,1256 1425,1247 1427,1244 1428,1244 1429,1244 1429,1239 1431,1236 1432,1236 1433,1236 1433,1235 1435,1232 1436,1232 1437,1232 1437,1231 1439,1228 1440,1228 1441,1227 1441,1226 1443,1224 1444,1224 1445,1223 1445,1222 1447,1220 1452,1220 1453,1219 1453,1218 1455,1216 1456,1216 1457,1215 1457,1214 1459,1212 1475,1212 1478,1214 1478,1215 1478,1216 1479,1216 1482,1218 1482,1219 1482,1220 1483,1220 1486,1222 1486,1223 1486,1224 1487,1224 1490,1226 1490,1271 1490,1272 1514,1272 1515,1273 1794,1271 1795,1271 1795,1270 1795,1269 1796,1269 1797,1268 1967,1268 1968,1267 1968,1257 1968,1257 1969,1257 1971,1255 1971,1219 1972,1218 1972,1217 1973,1216 2151,1215 2152,1214 2152,1210 2154,1208 2202,1208 2205,1210 2205,1211 2205,1212 2237,1212 2238,1213 2242,1212 2249,1219 2249,1224 2249,1224 2250,1224 2253,1227 2253,1260 2253,1260 2444,1260 2446,1258 2446,1257 2446,1257 2447,1257 2448,1256 2585,1255 2586,1254 2586,1242 2588,1240 2589,1240 2590,1239 2590,1230 2592,1228 2593,1228 2594,1227 2594,1222 2596,1220 2597,1220 2598,1219 2598,1218 2600,1216 2601,1216 2602,1215 2602,1214 2604,1212 2609,1212 2610,1211 2610,1210 2612,1208 2621,1208 2622,1207 2622,1206 2624,1204 2636,1204 2639,1206 2639,1207 2639,1208 2826,1207 2829,1204 2830,1204 2831,1203 2831,1202 2833,1200 2841,1200 2844,1202 2844,1203 2844,1204 2845,1204 2848,1206 2848,1253 2848,1254 3089,1253 3090,1252 3228,1251 3233,1247 3233,1246 3233,1245 3234,1245 3235,1244 3237,1246 3237,1247 3237,1247 3239,1249 3240,1249 3241,1250 3241,1252 3241,1252 3327,1252 3328,1253 3612,1252 3613,1253 3843,1252 3844,1251 3844,1250 3844,1249 3845,1249 3846,1248 3947,1248 3948,1248 3948,1235 3950,1232 3951,1232 3952,1232 3952,1223 3954,1220 3955,1220 3956,1220 3956,1207 3958,1204 3959,1204 3960,1203 3960,1202 3962,1200 3974,1200 3976,1201 3976,1202 3977,1203 3977,1243 3977,1244 4188,1243 4189,1242 4189,1214 4191,1212 4199,1212 4201,1213 4201,1214 4202,1215 4202,1216 4203,1216 4205,1217 4205,1218 4206,1219 4206,1263 4206,1264 4207,1264 4209,1265 4209,1324 4210,1325 4241,1325 4242,1326 4242,1386 4241,1387 4241,1388 4241,1389 4231,1389 4230,1388 4230,1387 4229,1386 4229,1353 4229,1353 4167,1353 4165,1352 4165,1351 4164,1349 4151,1349 4149,1348 4149,1346 4149,1345 4107,1345 4105,1344 4105,1343 4104,1341 4072,1342 4071,1341 4021,1341 4020,1341 4020,1402 4020,1403"/><TextEquiv index="1"><Unicode>enferment. J'y reſte long-temps anéanti</Unicode></TextEquiv></TextLine><TextLine id="r0_l005"><Coords points="1130,1622 1128,1621 1128,1616 1130,1614 2225,1610 2225,1609 2225,1566 2225,1566 2150,1566 2149,1565 1845,1566 1844,1565 1596,1566 1594,1564 1235,1566 1231,1562 1230,1562 1229,1561 1229,1560 1228,1559 1228,1538 1228,1538 1226,1538 1225,1537 1225,1536 1224,1535 1224,1515 1225,1514 1226,1514 1228,1512 1228,1507 1229,1506 1230,1506 1232,1504 1232,1499 1233,1498 1234,1498 1236,1496 1236,1495 1237,1494 1238,1494 1240,1492 1240,1491 1241,1490 1242,1490 1244,1488 1244,1487 1245,1486 1246,1486 1247,1485 1255,1485 1257,1483 1257,1482 1258,1481 1263,1481 1265,1479 1265,1478 1266,1477 1271,1477 1272,1476 1272,1432 1273,1431 1273,1430 1274,1429 1275,1429 1276,1428 1276,1427 1278,1425 1291,1425 1293,1423 1293,1422 1294,1421 1679,1419 1681,1417 2153,1415 2155,1413 2160,1413 2160,1412 2160,1411 2163,1409 2486,1407 2488,1405 2493,1405 2494,1404 2494,1403 2496,1401 2964,1399 2966,1397 2979,1397 2980,1399 2980,1400 2981,1400 3626,1397 3627,1398 3715,1398 3715,1399 3715,1403 3716,1403 4015,1402 4016,1403 4021,1403 4021,1403 4022,1461 4022,1462 4126,1461 4127,1462 4128,1462 4129,1463 4129,1465 4129,1465 4231,1465 4234,1467 4234,1468 4234,1469 4239,1469 4242,1471 4242,1551 4240,1554 4201,1554 4200,1554 4200,1606 4200,1607 1137,1620 1135,1622"/><TextEquiv index="1"><Unicode>dans l'état le plus affreux, dévotépa</Unicode></TextEquiv></TextLine><TextLine id="r0_l006"><Coords points="1415,1820 1414,1820 1414,1771 1414,1770 1270,1771 1269,1771 1269,1772 1268,1773 1268,1774 1268,1775 1267,1775 1264,1772 1264,1771 1264,1771 1263,1771 1260,1768 1260,1763 1260,1763 1251,1763 1248,1760 1248,1759 1247,1759 1242,1759 1240,1756 1240,1755 1239,1755 1238,1755 1236,1752 1236,1699 1235,1699 1231,1699 1230,1698 1229,1698 1228,1696 1228,1695 1226,1694 1225,1694 1224,1692 1224,1680 1226,1678 1356,1677 1357,1677 1357,1649 1358,1648 1357,1632 1359,1630 1364,1630 1365,1632 1366,1677 1366,1677 1460,1677 1463,1674 1589,1673 1590,1673 1590,1664 1591,1662 1592,1662 1594,1661 1594,1656 1595,1654 1596,1654 1598,1653 1598,1649 1599,1648 1598,1640 1600,1638 1601,1638 1602,1637 1602,1636 1604,1634 1605,1634 1606,1633 1606,1632 1608,1630 1609,1630 1610,1629 1610,1628 1612,1626 1617,1626 1618,1625 1618,1624 1620,1622 1625,1622 1626,1621 1626,1620 1628,1618 1705,1618 1707,1620 1707,1621 1708,1622 1709,1622 1711,1624 1711,1629 1712,1630 1713,1630 1715,1632 1715,1633 1716,1634 1717,1634 1719,1636 1719,1641 1720,1642 1721,1642 1723,1644 1724,1649 1727,1652 1727,1653 1727,1654 1728,1654 1731,1656 1731,1657 1731,1658 1732,1658 1735,1660 1735,1673 1735,1674 1890,1673 1891,1673 1891,1672 1892,1670 2032,1669 2033,1669 2032,1620 2034,1618 2035,1618 2036,1617 2036,1612 2038,1610 2234,1610 2235,1609 2309,1608 2311,1606 2320,1606 2321,1608 2321,1617 2323,1618 2324,1618 2325,1620 2326,1663 2326,1663 2532,1662 2534,1661 2534,1660 2535,1658 2624,1658 2627,1660 2627,1661 2627,1662 2632,1662 2635,1664 2635,1665 2635,1666 2636,1666 2639,1668 2639,1669 2639,1670 2640,1670 2643,1672 2643,1673 2643,1674 2644,1674 2647,1676 2647,1681 2647,1682 2648,1682 2651,1684 2651,1709 2651,1710 2815,1709 2816,1708 2815,1612 2816,1611 2816,1610 2817,1610 2859,1610 2859,1609 2859,1608 2862,1606 2867,1606 2867,1605 2867,1604 2868,1603 2868,1602 2869,1602 2871,1602 2872,1603 2872,1604 2874,1606 2875,1606 2875,1606 2875,1607 2876,1608 2877,1657 2877,1658 2925,1658 2926,1659 3090,1658 3091,1659 3225,1658 3226,1658 3226,1644 3227,1642 3302,1642 3302,1641 3302,1614 3303,1614 3304,1614 3312,1606 3317,1606 3317,1605 3317,1604 3320,1602 3329,1602 3329,1602 3329,1603 3330,1604 3474,1603 3474,1604 3475,1654 3475,1654 3528,1654 3531,1656 3531,1657 3531,1658 3540,1658 3543,1660 3543,1661 3543,1662 3544,1662 3545,1663 3798,1662 3800,1660 3800,1659 3801,1658 3810,1658 3812,1656 3812,1655 3813,1654 3821,1654 3824,1656 3824,1657 3824,1658 3829,1658 3830,1659 4100,1657 4101,1657 4101,1652 4102,1650 4103,1650 4105,1649 4105,1647 4106,1646 4105,1636 4107,1634 4108,1634 4109,1633 4109,1620 4111,1618 4112,1618 4113,1617 4113,1612 4115,1610 4192,1610 4195,1607 4201,1607 4202,1608 4202,1609 4203,1610 4204,1610 4205,1611 4205,1612 4206,1613 4207,1693 4207,1694 4239,1694 4242,1696 4242,1720 4239,1723 4210,1723 4210,1723 4210,1747 4209,1748 4209,1749 4207,1751 4154,1751 4153,1750 4153,1749 4151,1747 3984,1748 3984,1748 3984,1798 3984,1799 3974,1799 3973,1799 3973,1800 3971,1803 3946,1803 3944,1802 3944,1751 3943,1750 3809,1751 3808,1749 3808,1748 3806,1747 3801,1747 3800,1745 3800,1744 3798,1743 3797,1743 3796,1741 3796,1740 3794,1739 3535,1740 3532,1743 3466,1743 3466,1744 3466,1794 3465,1795 3460,1795 3458,1794 3458,1744 3457,1743 3334,1744 3331,1747 3234,1747 3233,1749 3233,1750 3231,1751 3230,1751 3230,1751 3229,1750 3229,1749 3227,1747 3219,1747 3218,1746 2920,1748 2920,1748 2920,1749 2918,1751 2844,1751 2844,1751 2844,1752 2841,1755 2832,1755 2831,1756 2831,1757 2829,1759 2828,1759 2827,1760 2827,1761 2826,1763 2814,1763 2811,1761 2811,1760 2811,1759 2806,1759 2803,1757 2803,1752 2802,1751 2801,1751 2800,1750 2544,1751 2543,1750 2433,1751 2433,1751 2433,1808 2433,1809 2423,1809 2422,1808 2422,1751 2421,1751 2217,1752 2217,1752 2217,1757 2215,1759 2210,1759 2209,1757 2209,1755 2208,1755 1964,1756 1961,1759 1952,1759 1952,1759 1952,1760 1950,1763 1932,1763 1931,1763 1931,1766 1931,1767 1925,1767 1924,1766 1924,1765 1923,1764 1923,1763 1923,1763 1707,1764 1706,1764 1706,1770 1706,1771 1697,1771 1694,1768 1694,1767 1694,1767 1693,1767 1690,1764 1690,1759 1689,1759 1486,1760 1484,1763 1458,1763 1457,1763 1457,1769 1456,1771 1452,1771 1451,1770 1422,1770 1421,1771 1421,1820 1421,1820"/><TextEquiv index="1"><Unicode>une fièvre brûlante. Je voulois me préci-</Unicode></TextEquiv></TextLine><TextLine id="r0_l007"><Coords points="1579,2223 1578,2223 1578,2172 1577,2171 1218,2173 1216,2170 1216,2169 1215,2169 1214,2169 1212,2166 1212,2157 1211,2157 1210,2157 1208,2155 1210,2152 1211,2152 1212,2151 1212,2146 1214,2144 1216,2144 1217,2143 1216,2013 1218,2012 1219,2012 1221,2009 1221,2008 1222,2008 1223,2008 1224,2006 1224,1889 1226,1887 1231,1887 1232,1886 1232,1885 1234,1883 1239,1883 1240,1882 1240,1881 1242,1879 1251,1879 1253,1876 1253,1875 1254,1875 1329,1874 1329,1874 1329,1833 1331,1831 1332,1831 1333,1830 1333,1825 1335,1823 1413,1823 1413,1823 1413,1821 1414,1820 1987,1818 1990,1815 2204,1814 2207,1811 2421,1810 2422,1809 3374,1805 3376,1803 3381,1803 3382,1801 3382,1800 3383,1800 3389,1799 3390,1801 3390,1803 3391,1803 3441,1803 3442,1805 3442,1809 3443,1809 4032,1807 4033,1808 4172,1807 4174,1810 4174,1811 4175,1811 4176,1811 4177,1813 4177,1867 4178,1867 4212,1867 4213,1868 4214,1872 4215,1873 4215,1874 4218,1877 4218,1918 4218,1919 4231,1919 4234,1921 4234,1922 4234,1923 4235,1923 4238,1925 4238,1949 4235,1952 4234,1952 4234,1952 4235,2104 4234,2105 4234,2113 4233,2114 4233,2115 4232,2116 4231,2116 4229,2118 4229,2119 4228,2120 4227,2120 4225,2122 4225,2123 4224,2124 4197,2124 4197,2124 4197,2147 4196,2148 4195,2148 4193,2150 4193,2151 4192,2152 4191,2152 4190,2154 4190,2155 4188,2156 4141,2156 4141,2157 4141,2210 4140,2210 1587,2221 1586,2222 1586,2223 1586,2223"/><TextEquiv index="1"><Unicode>iii , aos ſaeainn jie iire,lau tn</Unicode></TextEquiv></TextLine><TextLine id="r0_l008"><Coords points="1239,2426 1239,2425 1239,2377 1238,2377 1238,2377 1236,2379 1236,2380 1235,2381 1234,2381 1233,2382 1231,2382 1230,2381 1229,2381 1228,2379 1228,2378 1226,2377 1225,2377 1224,2375 1224,2374 1223,2374 1222,2373 1221,2373 1220,2371 1220,2369 1219,2369 1213,2369 1212,2367 1212,2366 1211,2366 1210,2365 1209,2365 1208,2364 1208,2352 1210,2349 1216,2349 1217,2348 1216,2295 1217,2294 1217,2293 1218,2293 1219,2293 1220,2291 1220,2287 1221,2286 1221,2285 1222,2285 1231,2285 1233,2282 1233,2281 1234,2281 1243,2281 1245,2278 1245,2277 1246,2277 1252,2277 1253,2278 1292,2278 1292,2277 1292,2268 1293,2267 1293,2265 1294,2265 1300,2265 1300,2264 1300,2263 1303,2261 1308,2261 1309,2259 1309,2254 1315,2249 1320,2249 1320,2248 1320,2247 1321,2246 1321,2245 1322,2245 1325,2245 1325,2244 1325,2239 1328,2236 1329,2236 1329,2236 1329,2231 1335,2225 1348,2225 1349,2227 1349,2228 1351,2229 1352,2229 1353,2231 1353,2281 1354,2281 1558,2280 1558,2280 1558,2255 1560,2253 1561,2253 1562,2252 1562,2251 1564,2249 1565,2249 1566,2248 1566,2239 1568,2237 1569,2237 1570,2236 1570,2226 1571,2225 1577,2225 1579,2223 1586,2223 1586,2224 1586,2281 1587,2281 1589,2281 1590,2283 1590,2284 1592,2285 1597,2285 1598,2287 1598,2333 1599,2333 1827,2332 1827,2332 1827,2283 1829,2281 1834,2281 1835,2280 1835,2279 1837,2277 1947,2277 1947,2276 1947,2275 1948,2274 1948,2273 1949,2273 2132,2272 2132,2271 2132,2270 2134,2269 2136,2269 2136,2269 2136,2270 2140,2274 2369,2273 2370,2274 2534,2273 2534,2273 2534,2214 2534,2213 2541,2213 2542,2214 2542,2273 2543,2273 2569,2273 2570,2272 2570,2271 2572,2269 2665,2269 2673,2261 2678,2261 2679,2262 2679,2265 2680,2266 2984,2264 2984,2264 2984,2251 2986,2249 2987,2249 2988,2248 2988,2247 2990,2245 2991,2245 2992,2244 2992,2239 2994,2237 2995,2237 2996,2236 2996,2235 2998,2233 2999,2233 3000,2232 3000,2232 3000,2231 3002,2229 3003,2229 3003,2229 3004,2228 3004,2227 3006,2225 3007,2225 3008,2224 3008,2223 3010,2221 3015,2221 3016,2220 3016,2219 3018,2217 3040,2217 3040,2218 3040,2223 3043,2225 3044,2225 3044,2226 3044,2231 3047,2233 3048,2233 3048,2233 3048,2264 3049,2265 3124,2265 3125,2266 3365,2265 3366,2263 3366,2246 3373,2240 3374,2240 3374,2239 3374,2234 3377,2232 3378,2232 3378,2231 3378,2225 3379,2225 3380,2225 3382,2222 3382,2217 3383,2217 3385,2217 3386,2215 3386,2214 3386,2214 3395,2213 3399,2209 3420,2209 3422,2211 3422,2212 3422,2212 3423,2212 3426,2215 3426,2265 3427,2265 3530,2265 3531,2266 3687,2265 3687,2265 3687,2231 3689,2229 3690,2229 3691,2228 3693,2228 3694,2229 3695,2229 3695,2230 3695,2265 3696,2265 3718,2265 3720,2268 3720,2269 3721,2269 3803,2269 3804,2270 4089,2268 4089,2268 4089,2223 4096,2216 4097,2216 4097,2216 4097,2215 4099,2212 4100,2212 4101,2212 4101,2211 4102,2209 4103,2209 4104,2208 4105,2208 4106,2209 4107,2209 4108,2210 4140,2210 4143,2213 4144,2213 4145,2214 4145,2220 4146,2220 4147,2220 4149,2223 4149,2261 4150,2261 4169,2261 4169,2262 4169,2263 4174,2268 4174,2269 4175,2269 4176,2269 4178,2272 4178,2273 4179,2273 4180,2273 4181,2275 4181,2325 4182,2325 4212,2325 4214,2327 4214,2328 4215,2329 4216,2329 4219,2331 4219,2332 4219,2333 4220,2333 4221,2333 4221,2334 4222,2335 4222,2340 4222,2341 4223,2341 4226,2343 4226,2370 4225,2371 4225,2372 4224,2373 4223,2373 4222,2374 4222,2378 4221,2379 4221,2380 4220,2381 4219,2381 4218,2382 4218,2386 4217,2387 4217,2388 4216,2389 4215,2389 4213,2391 4213,2392 4212,2393 4211,2393 4210,2394 4208,2394 4207,2393 4206,2393 4205,2391 4205,2386 4203,2385 4202,2385 4201,2383 4201,2357 4200,2357 4166,2357 4165,2356 4165,2355 4163,2353 4089,2353 4088,2352 3873,2353 3872,2352 3696,2353 3695,2352 3540,2353 3540,2353 3540,2413 3539,2414 3529,2414 3529,2413 3529,2353 3528,2353 3427,2353 3426,2352 3426,2350 3425,2349 3205,2350 3205,2351 3205,2352 3203,2353 3161,2353 3161,2354 3161,2414 3160,2414 3145,2415 3144,2414 2980,2414 2980,2414 2980,2354 2979,2353 2926,2354 2925,2353 2832,2353 2831,2352 2508,2353 2507,2354 2506,2354 2506,2355 2506,2356 2504,2357 2495,2357 2494,2356 2157,2358 2157,2358 2157,2410 2156,2411 2156,2412 2154,2414 2153,2414 2152,2415 2152,2416 2150,2418 2134,2418 2132,2415 2132,2414 2131,2414 2118,2414 2116,2412 2116,2411 2115,2410 2114,2410 2112,2408 2112,2369 2111,2368 1933,2369 1932,2370 1932,2378 1931,2379 1931,2380 1930,2381 1929,2381 1928,2382 1926,2382 1925,2381 1924,2381 1923,2379 1923,2378 1921,2377 1920,2377 1919,2375 1919,2361 1918,2361 1707,2362 1707,2362 1707,2366 1706,2367 1706,2368 1705,2369 1704,2369 1703,2370 1703,2378 1702,2379 1702,2380 1701,2381 1700,2381 1698,2383 1698,2384 1697,2385 1696,2385 1694,2387 1694,2388 1693,2389 1692,2389 1690,2391 1690,2392 1689,2393 1688,2393 1687,2394 1664,2394 1662,2392 1662,2374 1661,2373 1487,2374 1486,2372 1486,2369 1485,2369 1245,2370 1244,2371 1244,2372 1243,2373 1242,2373 1242,2373 1242,2425 1241,2426"/><TextEquiv index="1"><Unicode>nimé, ne pouvant reſter ſur mon lit,</Unicode></TextEquiv></TextLine><TextLine id="r0_l009"><Coords points="4179,2615 4179,2615 4179,2559 4178,2558 4072,2559 4071,2558 3723,2559 3723,2560 3723,2606 3721,2607 3720,2607 3719,2609 3719,2610 3718,2610 3717,2610 3715,2613 3715,2614 3714,2614 3713,2614 3712,2615 3599,2616 3598,2617 3595,2617 3595,2616 3594,2554 3594,2554 3489,2554 3486,2557 3486,2558 3486,2558 3431,2558 3430,2559 3431,2561 3429,2562 3410,2562 3410,2563 3410,2602 3409,2602 3408,2602 3407,2603 3406,2603 3406,2604 3406,2609 3404,2610 3403,2610 3402,2611 3401,2610 3368,2611 3367,2610 3366,2610 3366,2609 3365,2558 3365,2558 3355,2558 3354,2557 3354,2556 3352,2554 3339,2554 3338,2553 3338,2552 3336,2550 3154,2551 3153,2551 3153,2552 3152,2554 3147,2554 3145,2555 3145,2556 3144,2558 2969,2558 2968,2557 2680,2559 2679,2559 2680,2563 2679,2564 2679,2584 2677,2586 2676,2586 2675,2587 2675,2592 2673,2594 2672,2594 2671,2595 2671,2596 2669,2598 2668,2598 2667,2599 2667,2600 2665,2602 2660,2602 2659,2603 2659,2604 2657,2606 2656,2606 2655,2607 2655,2608 2653,2610 2652,2610 2651,2611 2617,2611 2616,2610 2615,2610 2615,2609 2614,2608 2614,2607 2612,2606 2607,2606 2606,2604 2606,2603 2604,2602 2603,2602 2602,2600 2602,2599 2601,2599 2600,2598 2599,2598 2598,2596 2597,2558 2597,2558 2468,2559 2467,2558 2206,2559 2205,2559 2205,2560 2204,2562 2001,2563 2001,2563 2001,2564 2000,2565 1999,2565 1998,2566 1996,2566 1996,2565 1996,2563 1994,2562 1736,2563 1733,2566 1652,2566 1650,2569 1650,2570 1649,2570 1647,2570 1646,2569 1646,2568 1644,2566 1555,2567 1554,2566 1326,2567 1325,2568 1325,2569 1323,2571 1237,2571 1236,2572 1236,2573 1235,2574 1234,2574 1232,2576 1232,2577 1231,2578 1230,2578 1228,2580 1228,2581 1227,2582 1217,2582 1216,2580 1216,2575 1214,2574 1213,2574 1212,2573 1212,2566 1212,2564 1212,2446 1211,2446 1209,2446 1208,2445 1208,2432 1210,2429 1235,2429 1236,2428 1236,2427 1237,2426 1295,2426 1297,2427 1297,2428 1298,2430 1299,2430 1301,2431 1301,2432 1302,2434 1303,2434 1305,2435 1305,2481 1306,2482 1465,2481 1466,2479 1466,2478 1467,2478 1468,2478 1470,2475 1470,2474 1471,2474 1477,2474 1477,2474 1477,2475 1478,2476 1478,2481 1479,2482 1497,2482 1498,2483 1701,2482 1703,2479 1703,2478 1704,2478 1718,2478 1718,2478 1718,2479 1721,2482 1903,2481 1903,2480 1903,2479 1905,2478 1951,2478 1952,2479 2369,2477 2370,2475 2370,2474 2371,2474 2372,2474 2373,2472 2373,2451 2375,2450 2376,2450 2377,2448 2377,2443 2378,2442 2379,2442 2382,2439 2382,2438 2382,2438 2383,2438 2385,2436 2385,2431 2386,2430 2387,2430 2390,2427 2390,2426 2390,2426 2391,2426 2394,2423 2394,2422 2394,2422 2395,2422 2396,2421 2404,2421 2406,2419 2406,2418 2406,2418 2407,2418 2410,2415 2410,2414 2410,2414 2411,2414 2412,2413 2426,2413 2427,2414 2428,2414 2430,2415 2430,2416 2431,2418 2432,2418 2434,2419 2434,2424 2434,2425 2435,2425 2438,2427 2438,2474 2439,2475 2617,2474 2619,2471 2619,2470 2620,2470 2783,2469 2783,2469 2783,2428 2785,2425 2786,2425 2787,2425 2787,2424 2789,2421 2790,2421 2791,2421 2791,2420 2792,2418 2793,2418 2794,2417 2802,2417 2803,2417 2803,2416 2804,2414 2805,2414 2806,2413 2808,2413 2809,2414 2810,2414 2811,2415 3066,2414 3067,2413 3073,2413 3074,2414 3075,2414 3076,2415 3160,2414 3161,2415 3161,2477 3163,2478 3164,2478 3165,2479 3343,2479 3346,2475 3346,2474 3347,2474 3356,2474 3358,2471 3358,2470 3359,2470 3522,2469 3522,2468 3522,2423 3523,2422 3524,2422 3526,2420 3526,2415 3527,2414 3541,2414 3542,2414 3542,2415 3544,2418 3545,2418 3546,2418 3546,2419 3547,2421 3548,2421 3551,2423 3551,2470 3552,2471 3759,2470 3759,2469 3759,2439 3760,2438 3761,2438 3762,2437 3803,2437 3804,2436 3804,2426 3804,2426 3805,2426 3808,2423 3808,2422 3808,2422 3809,2422 3812,2419 3812,2418 3812,2418 3813,2418 3816,2415 3816,2414 3816,2414 3818,2414 3819,2415 4006,2414 4007,2413 4017,2413 4018,2414 4019,2414 4021,2415 4021,2426 4021,2427 4184,2426 4185,2427 4185,2428 4186,2429 4187,2430 4188,2430 4189,2431 4189,2440 4191,2442 4192,2442 4193,2442 4193,2457 4194,2458 4217,2458 4218,2459 4218,2460 4220,2462 4221,2462 4221,2462 4221,2463 4222,2464 4222,2475 4221,2476 4221,2541 4221,2542 4220,2542 4218,2543 4218,2551 4217,2552 4217,2553 4217,2554 4216,2554 4215,2555 4213,2556 4213,2557 4213,2558 4188,2558 4188,2559 4188,2615 4187,2615"/><TextEquiv index="1"><Unicode>ſentant mon ſang brûlé qui pétille &amp;</Unicode></TextEquiv></TextLine><TextLine id="r0_l010"><Coords points="4010,2820 4010,2819 4009,2763 4009,2763 3918,2763 3916,2765 3916,2766 3915,2767 3914,2767 3913,2768 3913,2769 3912,2770 3912,2771 3912,2771 3886,2771 3884,2770 3884,2769 3883,2767 3882,2767 3880,2766 3880,2763 3880,2762 3637,2763 3635,2762 3635,2761 3634,2759 3614,2760 3613,2759 3299,2760 3293,2765 3293,2766 3293,2767 3154,2768 3153,2768 3153,2769 3152,2771 3086,2771 3085,2771 3085,2772 3084,2773 3084,2774 3084,2775 3083,2775 3081,2776 3081,2780 3080,2781 3080,2782 3080,2783 3079,2783 3077,2784 3077,2788 3076,2789 3077,2790 3076,2791 3075,2791 3073,2793 3072,2793 3072,2793 3072,2794 3071,2795 3070,2795 3069,2796 3069,2804 3068,2805 3068,2806 3067,2807 3066,2807 3065,2808 3064,2809 3064,2810 3063,2811 3053,2811 3052,2809 3052,2790 3051,2790 2889,2791 2889,2790 2888,2763 2888,2763 2713,2763 2712,2762 2636,2763 2635,2762 2635,2761 2633,2759 2488,2759 2447,2760 2446,2760 2446,2761 2445,2763 2436,2763 2433,2765 2433,2766 2433,2767 2419,2767 2418,2766 2418,2765 2416,2763 2130,2764 2127,2767 2053,2767 2052,2768 2052,2786 2051,2787 2050,2787 2048,2789 2049,2793 2048,2794 2048,2798 2046,2799 2045,2799 2044,2801 2044,2806 2042,2807 2041,2807 2040,2809 2040,2814 2037,2816 2036,2816 2036,2817 2036,2818 2034,2819 1907,2820 1907,2820 1907,2828 1906,2829 1896,2829 1896,2829 1896,2811 1895,2810 1894,2772 1894,2771 1789,2771 1787,2770 1787,2769 1786,2767 1781,2768 1780,2767 1584,2767 1582,2769 1582,2770 1581,2771 1576,2771 1575,2770 1536,2771 1533,2768 1533,2767 1533,2767 1355,2767 1353,2769 1353,2770 1352,2771 1254,2772 1253,2772 1253,2792 1252,2793 1253,2794 1252,2795 1242,2795 1240,2793 1240,2775 1240,2775 1234,2775 1233,2774 1233,2773 1231,2771 1226,2771 1225,2770 1225,2769 1223,2767 1218,2767 1217,2766 1217,2765 1215,2763 1214,2763 1212,2761 1212,2744 1214,2743 1216,2743 1216,2742 1216,2700 1218,2699 1219,2699 1220,2697 1220,2692 1222,2691 1227,2691 1228,2689 1228,2688 1230,2687 1239,2687 1241,2684 1241,2683 1242,2683 1285,2683 1285,2682 1285,2635 1285,2635 1286,2635 1287,2634 1412,2633 1415,2630 1424,2630 1425,2630 1425,2629 1427,2626 1486,2626 1487,2627 1488,2627 1490,2628 1490,2629 1491,2631 1492,2631 1494,2632 1494,2683 1495,2684 1585,2683 1586,2685 1586,2686 1588,2687 1786,2686 1789,2683 2032,2682 2032,2682 2032,2648 2032,2647 2033,2647 2036,2645 2036,2644 2036,2643 2037,2643 2038,2642 2049,2642 2052,2645 2052,2646 2052,2646 2053,2646 2060,2653 2060,2679 2061,2679 2124,2679 2125,2680 2420,2679 2422,2676 2422,2675 2422,2675 2553,2674 2554,2674 2554,2629 2556,2626 2557,2626 2558,2626 2558,2625 2560,2622 2565,2622 2566,2622 2566,2621 2568,2618 2575,2618 2576,2619 2577,2619 2578,2620 2578,2622 2578,2622 2624,2622 2627,2624 2627,2625 2627,2626 2631,2626 2632,2627 2633,2627 2635,2628 2635,2629 2635,2630 2636,2630 2639,2632 2639,2637 2640,2639 2641,2639 2643,2640 2643,2645 2644,2647 2645,2647 2647,2648 2647,2649 2647,2650 2648,2651 2649,2651 2651,2652 2651,2653 2652,2655 2653,2655 2655,2656 2655,2675 2655,2676 2818,2675 2819,2675 2819,2676 2822,2679 2823,2679 2823,2679 2823,2680 2826,2683 2827,2683 2827,2683 2827,2684 2830,2687 2831,2687 2831,2687 2831,2692 2834,2695 2835,2695 2835,2695 2835,2696 2836,2697 2836,2730 2837,2731 3052,2730 3052,2729 3052,2684 3054,2683 3059,2683 3060,2681 3060,2644 3061,2643 3062,2643 3064,2641 3064,2636 3066,2634 3067,2634 3068,2633 3068,2632 3069,2631 3070,2631 3071,2630 3077,2630 3078,2631 3079,2631 3080,2631 3080,2632 3081,2634 3085,2634 3086,2635 3087,2635 3089,2636 3089,2674 3089,2675 3268,2674 3269,2674 3269,2673 3270,2671 3308,2671 3309,2670 3309,2632 3310,2631 3311,2631 3312,2630 3320,2630 3322,2628 3322,2627 3322,2627 3323,2627 3324,2626 3405,2625 3406,2625 3406,2624 3406,2623 3407,2623 3408,2622 3411,2622 3412,2623 3588,2623 3591,2620 3591,2619 3591,2619 3592,2619 3594,2617 3598,2617 3599,2618 3604,2618 3607,2620 3607,2670 3607,2671 3609,2671 3611,2672 3611,2675 3612,2676 3674,2675 3679,2681 3679,2690 3681,2691 3682,2691 3683,2693 3683,2723 3684,2723 3880,2722 3880,2722 3880,2720 3881,2719 3896,2719 3896,2719 3896,2620 3896,2619 3897,2619 3898,2618 4120,2617 4123,2614 4128,2614 4129,2614 4129,2613 4131,2610 4134,2610 4135,2611 4136,2611 4137,2612 4137,2613 4138,2614 4142,2614 4143,2615 4188,2615 4189,2616 4189,2617 4190,2618 4191,2619 4192,2619 4193,2619 4193,2670 4193,2671 4216,2671 4217,2671 4217,2672 4220,2675 4221,2675 4221,2675 4221,2676 4222,2677 4222,2684 4220,2687 4219,2687 4218,2687 4218,2700 4217,2701 4217,2702 4217,2703 4215,2703 4214,2703 4214,2752 4213,2753 4213,2754 4213,2755 4212,2755 4211,2756 4205,2761 4205,2762 4205,2763 4114,2763 4113,2764 4113,2766 4113,2766 4112,2767 4110,2767 4109,2767 4109,2763 4109,2762 4086,2762 4085,2763 4085,2782 4084,2783 4083,2783 4082,2784 4081,2784 4080,2783 4078,2783 4077,2783 4077,2763 4077,2762 4021,2763 4020,2763 4021,2819 4020,2820"/><TextEquiv index="1"><Unicode>s'allume; je me lève, je t'écris... Je fi</Unicode></TextEquiv></TextLine><TextLine id="r0_l011"><Coords points="2648,3020 2647,3019 2647,3004 2646,3003 2646,2996 2646,2996 2536,2996 2534,2995 2534,2994 2533,2992 2532,2992 2530,2991 2530,2965 2530,2964 2469,2965 2468,2964 2146,2965 2143,2968 2011,2969 2010,2968 1809,2968 1807,2970 1807,2971 1806,2972 1785,2973 1784,2972 1507,2973 1505,2974 1505,2975 1505,2976 1355,2976 1353,2978 1353,2979 1352,2980 1351,2980 1349,2982 1349,2983 1348,2984 1347,2984 1345,2986 1345,2987 1344,2988 1343,2988 1342,2987 1290,2988 1289,2987 1289,2976 1289,2976 1234,2976 1233,2975 1233,2974 1232,2973 1231,2972 1230,2972 1229,2971 1229,2970 1228,2969 1228,2961 1227,2960 1226,2960 1225,2959 1225,2958 1224,2957 1224,2904 1223,2904 1218,2904 1216,2901 1216,2893 1217,2892 1218,2892 1220,2890 1220,2889 1221,2888 1452,2887 1453,2886 1453,2841 1455,2839 1456,2839 1457,2838 1457,2833 1459,2831 1464,2831 1465,2830 1465,2829 1467,2827 1479,2827 1482,2829 1482,2830 1482,2831 1483,2831 1486,2833 1486,2835 1486,2836 1717,2835 1718,2834 1718,2833 1720,2831 1894,2830 1895,2829 2077,2828 2082,2823 2114,2823 2116,2825 2116,2826 2117,2827 2118,2827 2120,2829 2120,2879 2120,2879 2237,2879 2238,2880 2437,2879 2438,2878 2438,2828 2439,2827 2444,2827 2446,2825 2446,2824 2447,2823 2451,2823 2454,2825 2454,2826 2454,2827 2455,2827 2458,2829 2458,2830 2458,2831 2459,2831 2462,2833 2462,2855 2462,2856 2483,2855 2488,2860 2489,2860 2490,2861 2490,2900 2490,2900 2641,2900 2642,2899 2642,2886 2643,2885 2643,2884 2643,2884 2644,2884 2647,2881 2647,2880 2647,2880 2652,2880 2655,2877 2655,2876 2655,2876 2660,2876 2663,2873 2663,2872 2663,2872 2664,2872 2665,2871 2770,2870 2771,2870 2771,2829 2771,2828 2772,2828 2773,2827 2778,2827 2779,2827 2779,2826 2781,2823 2789,2823 2791,2825 2791,2876 2791,2876 2942,2875 2944,2874 2944,2873 2944,2872 2945,2872 2946,2871 2977,2871 2978,2872 3264,2871 3265,2871 3265,2834 3267,2831 3268,2831 3269,2831 3269,2830 3271,2827 3279,2827 3281,2828 3281,2829 3282,2831 3287,2831 3289,2832 3289,2833 3290,2835 3291,2835 3293,2836 3293,2837 3294,2838 3294,2876 3294,2877 3421,2876 3422,2877 3422,2878 3423,2879 3614,2879 3615,2878 3615,2877 3615,2877 3616,2877 3617,2876 3619,2875 3620,2876 3621,2876 3623,2878 3623,2879 3623,2879 3698,2879 3699,2880 3750,2880 3751,2879 3751,2829 3753,2827 3769,2827 3772,2829 3772,2830 3772,2831 3773,2831 3776,2833 3776,2834 3776,2835 3777,2835 3780,2837 3780,2879 3780,2880 3891,2879 3892,2879 3892,2878 3893,2877 3893,2876 3894,2876 3895,2875 4008,2875 4009,2874 4009,2820 4009,2820 4020,2820 4021,2820 4021,2874 4021,2875 4059,2875 4061,2873 4061,2872 4061,2872 4062,2872 4063,2871 4124,2870 4125,2870 4125,2833 4126,2831 4131,2831 4133,2833 4133,2883 4133,2883 4134,2883 4135,2884 4136,2884 4137,2885 4137,2895 4137,2895 4138,2895 4139,2896 4140,2896 4141,2897 4141,2924 4142,2924 4177,2924 4177,2925 4177,2928 4178,2928 4213,2928 4213,2928 4213,2929 4214,2930 4214,2934 4216,2936 4217,2936 4217,2936 4217,2937 4218,2938 4218,2957 4216,2960 4215,2960 4214,2960 4214,2961 4212,2964 4191,2964 4190,2965 4190,2966 4189,2967 4189,2968 4189,2968 4155,2968 4153,2970 4153,2976 4153,2976 4151,2976 4149,2975 4149,2974 4148,2972 4147,2972 4146,2971 4062,2972 4061,2971 4061,2964 4061,2964 4026,2964 4025,2964 4025,3006 4024,3008 4010,3008 4009,3007 4009,2964 4009,2964 3938,2964 3936,2963 3936,2961 3936,2960 3902,2960 3901,2959 3644,2960 3643,2961 3643,2963 3642,2964 3641,2964 3639,2966 3639,2967 3638,2968 3637,2968 3635,2967 3635,2962 3634,2960 3615,2961 3614,2960 3396,2960 3394,2962 3394,2963 3393,2964 3379,2965 3378,2965 3378,2966 3377,2968 3372,2968 3370,2969 3370,2970 3369,2972 3364,2972 3362,2973 3362,2974 3361,2976 3343,2976 3342,2975 3342,2964 3342,2964 3170,2964 3169,2965 3169,3011 3168,3012 3134,3013 3133,3013 3133,3014 3132,3016 3126,3016 3125,3015 3125,3014 3119,3008 3118,3008 3117,3007 3117,2960 3117,2960 3107,2960 3104,2957 3104,2956 3104,2956 2905,2957 2903,2958 2903,2959 2903,2960 2785,2960 2784,2961 2784,2962 2782,2964 2688,2965 2687,2965 2687,3014 2686,3016 2657,3016 2655,3017 2655,3018 2654,3020"/><TextEquiv index="1"><Unicode>un bruit infernal, pour qu'on m'ouvren</Unicode></TextEquiv></TextLine><TextLine id="r0_l012"><Coords points="1124,3028 4213,3014 4214,3200 1125,3214"/><TextEquiv index="1"><Unicode>Ah, mon ami!.... Ah, mon Dieu!</Unicode></TextEquiv></TextLine><TextLine id="r0_l013"><Coords points="4158,3428 4157,3428 4157,3422 4157,3421 1881,3431 1880,3431 1880,3402 1880,3401 1745,3402 1742,3399 1742,3398 1742,3398 1741,3398 1739,3396 1739,3380 1739,3380 1242,3382 1241,3381 1241,3380 1240,3379 1240,3378 1240,3378 1235,3378 1232,3375 1232,3374 1232,3374 1231,3374 1228,3371 1228,3370 1228,3370 1223,3370 1220,3367 1220,3366 1219,3366 1218,3366 1216,3363 1216,3306 1215,3306 1214,3306 1212,3304 1212,3296 1214,3293 1215,3293 1216,3292 1216,3291 1218,3289 1219,3289 1220,3288 1220,3287 1222,3285 1227,3285 1228,3284 1228,3283 1230,3281 1999,3278 2000,3277 2000,3270 2001,3269 2002,3269 2004,3267 2004,3262 2003,3262 1007,3266 1006,3265 1004,3265 1003,3263 1003,3258 1004,3257 2008,3253 2009,3252 2008,3246 2010,3245 2012,3245 2012,3244 2012,3235 2014,3234 2015,3234 2016,3232 2016,3231 2018,3229 2530,3227 2532,3225 2533,3225 2534,3224 2534,3223 2536,3221 3367,3218 3368,3217 3385,3217 3386,3218 3393,3217 3395,3219 3996,3217 3996,3217 3996,3229 3997,3230 4084,3229 4085,3231 4085,3232 4087,3233 4092,3233 4093,3235 4093,3236 4095,3237 4124,3237 4125,3239 4126,3253 4126,3253 4131,3253 4133,3255 4133,3265 4133,3265 4155,3265 4157,3267 4157,3272 4158,3273 4159,3273 4161,3275 4161,3277 4162,3278 4162,3281 4162,3281 4183,3281 4185,3283 4185,3301 4185,3301 4199,3301 4202,3303 4202,3304 4202,3305 4203,3306 4204,3306 4205,3306 4205,3307 4206,3308 4206,3364 4208,3366 4209,3366 4209,3366 4209,3369 4209,3370 4174,3370 4173,3371 4173,3406 4173,3406 4170,3406 4169,3407 4169,3428 4169,3428"/><TextEquiv index="1"><Unicode>tu mas réprouvé dans ta fureur.... Pa-</Unicode></TextEquiv></TextLine><TextLine id="r0_l014"><Coords points="3158,3629 3157,3628 3157,3567 3156,3567 2998,3567 2997,3566 2901,3567 2900,3565 2900,3564 2898,3563 2876,3563 2876,3563 2876,3624 2876,3625 2873,3625 2872,3624 2872,3563 2871,3563 2767,3563 2767,3564 2767,3574 2765,3575 2748,3575 2747,3574 2747,3568 2746,3567 2704,3567 2703,3566 2703,3565 2701,3564 2698,3564 2697,3563 2547,3563 2546,3565 2546,3574 2544,3575 2539,3575 2538,3574 2538,3568 2537,3567 2490,3567 2490,3568 2490,3590 2488,3591 2483,3591 2482,3590 2482,3568 2481,3567 2475,3567 2474,3566 2165,3568 2162,3571 2056,3571 2056,3572 2056,3590 2054,3591 2049,3591 2048,3590 2048,3572 2047,3571 2046,3571 2045,3570 2044,3570 2044,3570 2044,3567 2043,3566 1908,3567 1907,3568 1907,3569 1905,3571 1783,3572 1783,3572 1783,3585 1781,3587 1779,3587 1779,3587 1779,3592 1769,3603 1764,3603 1763,3603 1763,3604 1761,3607 1749,3607 1747,3605 1747,3579 1746,3579 1643,3579 1642,3578 1642,3577 1640,3575 1563,3575 1562,3574 1382,3575 1381,3577 1381,3578 1379,3579 1253,3580 1250,3583 1213,3583 1212,3582 1212,3581 1214,3578 1215,3578 1216,3577 1216,3524 1218,3522 1219,3522 1220,3521 1220,3520 1222,3518 1223,3518 1224,3517 1224,3512 1226,3510 1227,3510 1228,3509 1228,3508 1230,3506 1231,3506 1232,3505 1232,3504 1234,3502 1235,3502 1236,3501 1236,3500 1238,3498 1243,3498 1244,3497 1244,3496 1246,3494 1255,3494 1256,3493 1256,3492 1258,3490 1268,3490 1269,3489 1268,3440 1271,3438 1272,3438 1272,3437 1272,3436 1275,3434 1292,3434 1292,3433 1292,3432 1295,3430 1300,3430 1301,3431 1302,3490 1302,3491 1625,3489 1626,3489 1626,3488 1627,3486 1652,3486 1654,3488 1654,3489 1655,3490 1660,3490 1662,3492 1662,3493 1663,3494 1664,3494 1666,3496 1666,3497 1667,3498 1668,3498 1669,3499 1670,3500 1670,3501 1671,3502 1672,3502 1674,3503 1674,3545 1674,3546 1850,3545 1851,3545 1851,3521 1853,3518 1854,3518 1855,3518 1855,3513 1857,3510 1858,3510 1859,3510 1859,3504 1859,3503 1860,3503 1861,3502 1863,3502 1864,3502 1863,3468 1865,3466 1866,3466 1867,3465 1867,3460 1869,3458 1870,3458 1871,3457 1871,3452 1873,3450 1874,3450 1875,3449 1875,3444 1877,3442 1878,3442 1879,3441 1879,3432 1880,3431 1895,3431 1896,3433 1896,3434 1897,3434 1898,3434 1899,3436 1899,3441 1901,3442 1902,3442 1903,3443 1903,3452 1905,3454 1906,3454 1908,3456 1908,3457 1909,3458 1910,3458 1911,3459 1911,3464 1913,3466 1914,3466 1915,3467 1915,3468 1916,3469 1917,3490 1917,3491 2054,3490 2056,3489 2056,3488 2057,3486 2098,3486 2100,3485 2100,3484 2101,3482 2305,3481 2306,3481 2306,3480 2307,3478 2316,3478 2318,3480 2318,3482 2318,3482 2373,3482 2374,3481 2373,3435 2375,3434 2376,3434 2378,3431 2378,3430 2379,3430 2470,3430 2470,3429 2470,3428 2472,3427 2509,3426 2510,3425 2510,3424 2512,3422 2646,3422 2646,3422 2646,3423 2649,3426 2650,3426 2650,3426 2650,3427 2651,3428 2651,3432 2653,3434 2654,3434 2654,3434 2654,3435 2655,3436 2655,3474 2656,3475 2726,3474 2727,3476 2727,3477 2729,3478 2888,3478 2888,3477 2888,3418 2889,3418 2895,3418 2896,3419 2896,3438 2897,3439 2898,3438 2899,3438 2899,3437 2899,3436 2902,3434 2915,3434 2916,3435 2916,3436 2918,3438 2919,3438 2920,3439 2921,3537 2921,3538 2991,3537 2994,3534 2999,3534 3000,3534 3000,3533 3002,3530 3236,3529 3237,3529 3236,3439 3236,3438 3223,3438 3221,3437 3221,3436 3220,3434 3219,3434 3217,3433 3217,3428 3219,3426 3224,3426 3225,3425 3225,3424 3227,3422 3228,3422 3228,3423 3230,3425 3230,3426 3231,3426 3280,3426 3284,3430 3285,3430 3285,3430 3286,3477 3286,3478 3348,3478 3350,3479 3350,3481 3350,3482 3351,3482 3353,3484 3487,3483 3490,3480 3491,3480 3493,3478 3541,3478 3542,3479 3771,3478 3772,3477 3772,3476 3772,3476 3774,3474 3775,3474 3775,3473 3775,3460 3778,3458 3779,3458 3779,3457 3779,3452 3782,3450 3783,3450 3783,3449 3783,3448 3786,3446 3787,3446 3787,3445 3787,3444 3788,3443 3788,3439 3790,3438 3791,3438 3791,3437 3791,3436 3794,3434 3795,3434 3795,3433 3795,3432 3798,3430 3799,3430 3799,3429 3799,3428 3802,3426 3807,3426 3807,3425 3807,3424 3810,3422 3831,3422 3832,3423 3832,3424 3833,3425 3834,3426 3835,3426 3836,3427 3836,3432 3838,3434 3839,3434 3840,3435 3841,3482 3841,3483 3866,3482 3868,3484 3868,3485 3869,3486 4007,3486 4008,3485 4008,3484 4010,3482 4113,3481 4114,3481 4113,3436 4115,3434 4116,3434 4117,3433 4117,3428 4119,3426 4124,3426 4125,3425 4125,3424 4127,3422 4129,3422 4129,3423 4129,3428 4130,3428 4169,3428 4169,3429 4170,3498 4170,3498 4171,3498 4173,3500 4173,3510 4173,3510 4199,3510 4201,3511 4201,3512 4202,3513 4202,3514 4203,3514 4205,3515 4205,3516 4206,3517 4205,3518 4205,3541 4204,3542 4203,3542 4202,3543 4173,3543 4173,3544 4173,3558 4172,3558 4171,3558 4169,3561 4169,3562 4168,3562 4167,3562 4165,3565 4165,3566 4164,3566 4163,3566 4161,3569 4161,3570 4160,3570 4159,3570 4157,3573 4157,3598 4156,3599 4155,3599 4153,3598 4153,3597 4152,3595 4151,3595 4149,3594 4149,3573 4147,3571 4123,3571 4122,3570 3844,3572 3843,3571 3841,3571 3840,3569 3840,3568 3838,3567 3668,3567 3667,3569 3667,3570 3666,3570 3665,3570 3664,3571 3649,3571 3648,3570 3647,3570 3647,3570 3647,3569 3644,3566 3643,3566 3643,3566 3643,3565 3640,3562 3591,3563 3591,3563 3591,3580 3588,3583 3584,3583 3583,3581 3583,3563 3582,3563 3480,3563 3479,3562 3370,3563 3370,3563 3370,3625 3370,3626 3350,3626 3349,3625 3349,3563 3348,3563 3338,3563 3338,3563 3338,3564 3335,3567 3246,3567 3245,3569 3245,3570 3243,3571 3238,3571 3237,3573 3237,3574 3236,3574 3235,3574 3233,3577 3233,3578 3231,3579 3211,3579 3210,3578 3209,3578 3209,3578 3209,3577 3206,3574 3205,3574 3205,3574 3205,3573 3202,3570 3201,3570 3201,3570 3201,3567 3200,3566 3173,3566 3173,3567 3173,3628 3173,3628"/><TextEquiv index="1"><Unicode>donne, ô mon Dieu! .... Je me ſens dé-</Unicode></TextEquiv></TextLine><TextLine id="r0_l015"><Coords points="2130,4057 2128,4056 2128,4016 2127,4015 1728,4017 1727,4015 1727,4014 1726,4013 1726,3999 1725,3999 1345,4000 1345,4000 1345,3997 1344,3996 1234,3997 1232,3994 1232,3989 1230,3988 1229,3988 1228,3987 1228,3986 1228,3985 1227,3985 1215,3985 1214,3984 1213,3984 1212,3983 1212,3969 1211,3968 1087,3969 1086,3968 1084,3968 1084,3967 1084,3957 1085,3956 1171,3955 1172,3955 1172,3954 1173,3952 1174,3952 1176,3951 1176,3950 1177,3948 1204,3948 1205,3948 1204,3762 1206,3759 1208,3759 1209,3759 1208,3709 1210,3707 1211,3707 1212,3706 1212,3702 1215,3699 1220,3699 1220,3698 1220,3697 1221,3696 1227,3691 1228,3691 1228,3690 1228,3677 1231,3675 1232,3675 1232,3674 1232,3669 1233,3668 1233,3667 1234,3667 1235,3667 1236,3665 1236,3657 1237,3656 1237,3655 1238,3655 1239,3655 1253,3640 1253,3639 1254,3639 1259,3639 1265,3632 1265,3631 1266,3631 1288,3631 1289,3632 2876,3625 2877,3626 3546,3623 3547,3624 3547,3625 3548,3626 3549,3627 3550,3627 3550,3627 3550,3628 3552,3630 4084,3627 4085,3629 4085,3635 4086,3635 4088,3635 4089,3637 4089,3638 4091,3639 4092,3639 4093,3641 4093,3675 4094,3675 4205,3675 4205,3675 4205,3676 4206,3677 4207,3803 4207,3804 4236,3804 4238,3805 4238,3809 4235,3812 3607,3815 3607,3815 3607,3834 3606,3836 2723,3839 2722,3840 2723,3967 2720,3969 2719,3969 2719,3970 2719,3971 2717,3972 2716,3972 2715,3973 2659,3974 2657,3976 2655,3976 2655,3976 2655,3990 2652,3993 2651,3993 2651,3993 2651,3994 2649,3996 2137,3998 2137,3998 2137,4049 2136,4050 2136,4051 2135,4053 2134,4053 2133,4053 2133,4054 2131,4057"/><TextEquiv index="1"><Unicode>ſialar de no veau t cétoit la mr</Unicode></TextEquiv></TextLine><TextLine id="r0_l016"><Coords points="4238,4631 4237,4629 4236,4619 4236,4619 4235,4619 4234,4618 4234,4617 4233,4616 4233,4588 4232,4587 4231,4587 4230,4586 4230,4464 4229,4463 4229,4446 4228,4446 2398,4454 2398,4453 2398,4431 2397,4431 1363,4435 1362,4434 1361,4434 1361,4434 1361,4398 1360,4397 1306,4398 1305,4397 1305,4396 1303,4394 1286,4394 1285,4393 1285,4392 1283,4390 1278,4390 1277,4389 1277,4388 1275,4386 1270,4386 1269,4385 1269,4384 1268,4383 1257,4383 1256,4382 1254,4382 1253,4381 1253,4370 1253,4370 1214,4370 1212,4369 1212,4368 1211,4366 1210,4366 1208,4365 1208,4364 1207,4362 1202,4362 1201,4361 1200,4361 1200,4356 1199,4354 1198,4354 1196,4353 1196,4336 1195,4334 1194,4334 1192,4333 1192,4322 1192,4321 1013,4322 1012,4321 1012,4320 1011,4319 1011,4316 1012,4315 1012,4314 1013,4314 1192,4313 1192,4313 1192,4263 1191,4262 1190,4262 1188,4260 1188,4252 1190,4249 1191,4249 1192,4249 1192,4248 1193,4246 2678,4240 2679,4239 2679,4238 2679,4238 2680,4238 2681,4237 2685,4237 2687,4235 2687,4234 2687,4234 2688,4234 2689,4233 2693,4233 2695,4231 2695,4230 2695,4230 2696,4230 2697,4229 2770,4228 2773,4225 4230,4219 4231,4218 4230,4137 4231,4137 4232,4137 4236,4133 4237,4133 4237,4132 4237,4127 4240,4125 4241,4125 4242,4126 4243,4166 4242,4167 4243,4395 4242,4396 4243,4624 4242,4625 4242,4629 4240,4631"/><TextEquiv index="1"><Unicode>i</Unicode></TextEquiv></TextLine><TextLine id="r0_l017"><Coords points="3443,4839 3442,4838 3439,4838 3438,4838 3438,4761 3438,4760 3396,4760 3395,4759 3304,4760 3303,4759 3099,4760 3097,4758 2346,4761 2345,4762 2345,4779 2344,4780 2033,4781 2032,4782 2032,4819 2031,4820 2025,4820 2024,4820 2024,4763 2024,4762 1495,4765 1493,4766 1493,4767 1493,4768 1486,4768 1485,4768 1485,4783 1485,4784 1422,4784 1421,4785 1421,4787 1420,4788 1419,4788 1417,4790 1417,4819 1416,4820 1415,4820 1414,4821 1414,4822 1413,4823 1413,4824 1413,4824 1411,4824 1409,4823 1409,4817 1409,4816 1363,4816 1361,4815 1361,4773 1361,4772 1339,4772 1338,4771 1319,4772 1317,4770 1317,4760 1317,4760 1311,4760 1309,4758 1309,4757 1308,4756 1238,4756 1237,4755 1237,4754 1236,4753 1238,4752 1239,4752 1241,4749 1241,4748 1242,4748 1305,4748 1305,4747 1305,4736 1305,4736 1306,4736 1309,4733 1309,4732 1309,4732 1310,4732 1313,4729 1313,4728 1313,4728 1322,4728 1323,4727 1324,4727 1329,4722 1329,4675 1328,4675 1140,4675 1140,4675 1140,4674 1139,4673 1137,4671 1136,4671 1136,4671 1136,4669 1137,4667 1328,4667 1329,4666 1329,4633 1330,4632 1331,4631 1333,4630 1333,4629 1334,4627 1336,4627 1337,4626 1337,4625 1339,4623 1400,4623 1401,4625 1401,4626 1405,4629 1405,4659 1405,4659 1878,4657 1879,4657 1879,4637 1880,4635 1881,4635 1885,4631 1898,4631 1899,4631 1899,4630 1901,4627 1911,4627 1912,4626 1911,4625 1914,4623 1918,4623 1919,4624 2147,4623 2150,4625 2150,4626 2150,4627 2639,4625 2641,4623 2661,4623 2662,4624 2886,4623 2887,4624 2963,4623 2965,4625 2965,4632 2965,4632 3575,4630 3576,4629 3575,4616 3577,4615 3578,4615 3579,4613 3579,4612 3581,4611 3586,4611 3587,4612 3587,4616 3588,4617 4000,4615 4000,4615 4000,4616 4001,4617 4001,4618 4002,4619 4011,4619 4014,4621 4014,4623 4014,4624 4225,4623 4226,4623 4226,4624 4225,4625 4225,4626 4224,4627 4223,4627 4222,4628 4222,4634 4222,4635 4239,4635 4242,4637 4242,4641 4240,4643 4222,4643 4222,4643 4222,4688 4221,4689 4221,4690 4219,4692 4101,4692 4101,4693 4101,4716 4101,4716 4144,4716 4145,4717 4145,4747 4146,4747 4147,4747 4148,4748 4149,4748 4149,4749 4149,4780 4150,4780 4157,4780 4157,4781 4157,4787 4156,4788 4127,4788 4125,4790 4125,4791 4124,4792 3941,4793 3940,4794 3940,4795 3939,4796 3938,4796 3936,4798 3936,4799 3935,4800 3934,4800 3932,4802 3932,4803 3931,4804 3930,4804 3928,4806 3928,4828 3928,4828 3922,4828 3920,4827 3920,4813 3920,4812 3447,4814 3446,4815 3446,4839 3446,4839"/><TextEquiv index="1"><Unicode>Lettre du Valet-de-Chambre de Céſar,</Unicode></TextEquiv></TextLine><TextLine id="r0_l018"><Coords points="1863,4995 3663,4987 3664,5197 1864,5205"/><TextEquiv index="1"><Unicode>à Monſieur Dumoulin.</Unicode></TextEquiv></TextLine><TextLine id="r0_l019"><Coords points="3373,5326 4222,5322 4223,5542 3374,5546"/><TextEquiv index="1"><Unicode>Lyon.</Unicode></TextEquiv></TextLine><TextLine id="r0_l020"><Coords points="1540,5763 2783,5758 2784,5974 1541,5979"/><TextEquiv index="1"><Unicode>MMonsieur,</Unicode></TextEquiv></TextLine><TextLine id="r0_l021"><Coords points="1088,5994 1465,5992 1466,6145 1089,6147"/><TextEquiv index="1"><Unicode></Unicode></TextEquiv></TextLine><TextLine id="r0_l022"><Coords points="3191,6439 3189,6438 3189,6437 3189,6436 3188,6435 3187,6435 3185,6434 3185,6419 3185,6418 1974,6424 1973,6423 1968,6423 1967,6422 1967,6367 1967,6367 1917,6367 1916,6366 1717,6367 1716,6366 1411,6367 1409,6366 1409,6365 1408,6363 1399,6363 1397,6362 1397,6357 1396,6355 1395,6355 1393,6354 1393,6349 1395,6347 1396,6347 1397,6346 1397,6341 1398,6339 1409,6339 1410,6339 1410,6274 1409,6273 1108,6274 1108,6274 1108,6268 1108,6267 1109,6267 1110,6266 1409,6265 1410,6265 1409,6228 1411,6226 1412,6226 1413,6225 1413,6220 1415,6218 1425,6218 1425,6218 1425,6217 1426,6216 1426,6215 1427,6214 1444,6214 1445,6213 1445,6212 1447,6210 1448,6210 1450,6212 1450,6213 1451,6214 1484,6214 1486,6216 1486,6230 1487,6231 2497,6226 2498,6228 2499,6229 2500,6230 2500,6231 2500,6231 2501,6231 2502,6232 2502,6237 2502,6237 3371,6234 3372,6235 3613,6234 3614,6235 3789,6234 3792,6236 3792,6243 3792,6244 4167,6242 4169,6244 4169,6245 4170,6246 4171,6246 4173,6248 4173,6322 4171,6323 4170,6323 4169,6325 4169,6326 4167,6327 4158,6327 4157,6329 4157,6330 4155,6331 4133,6331 4133,6332 4133,6354 4132,6355 4119,6355 4117,6357 4117,6358 4116,6359 4070,6360 4068,6361 4068,6362 4068,6363 4043,6363 4040,6365 4040,6366 4040,6367 4018,6367 4017,6367 4017,6372 4016,6373 4016,6374 4016,6375 3841,6376 3840,6376 3840,6389 3839,6391 3838,6391 3836,6392 3836,6393 3835,6395 3817,6395 3816,6395 3816,6401 3815,6403 3814,6403 3813,6403 3811,6405 3811,6406 3811,6407 3387,6409 3386,6409 3386,6429 3385,6431 3234,6431 3233,6432 3233,6435 3233,6435 3232,6435 3231,6436 3230,6436 3229,6437 3229,6438 3228,6439"/><TextEquiv index="1"><Unicode>Je vous envoie un exprès à la cam-</Unicode></TextEquiv></TextLine><TextLine id="r0_l023"><Coords points="3736,6642 3735,6642 3735,6629 3735,6628 2817,6632 2815,6631 2815,6611 2815,6610 1291,6617 1290,6617 1290,6619 1290,6620 1224,6620 1223,6621 1197,6621 1196,6622 1189,6622 1188,6622 1188,6512 1187,6511 965,6512 963,6510 963,6506 965,6503 1187,6502 1188,6502 1187,6453 1187,6452 1100,6453 1099,6452 1097,6452 1096,6451 1096,6449 1098,6448 1963,6444 1963,6443 1963,6426 1964,6425 1964,6424 1966,6423 1973,6423 1974,6424 2115,6423 2116,6425 2116,6426 2118,6427 2119,6427 2120,6429 2120,6431 2121,6431 2155,6431 2157,6433 2533,6431 2534,6433 2534,6434 2536,6435 2585,6435 2586,6437 2586,6438 2588,6439 2589,6439 2590,6441 2590,6444 2591,6444 3634,6439 3635,6440 4003,6439 4005,6441 4005,6442 4006,6443 4011,6443 4013,6445 4013,6450 4014,6451 4015,6451 4017,6453 4018,6459 4018,6460 4159,6459 4161,6461 4161,6462 4162,6463 4167,6463 4169,6465 4169,6466 4170,6467 4170,6467 4171,6467 4173,6469 4173,6535 4173,6535 4174,6535 4175,6536 4176,6536 4177,6537 4177,6539 4178,6540 4178,6541 4177,6542 4177,6543 4175,6544 4169,6544 4169,6545 4169,6547 4167,6548 4166,6548 4165,6550 4165,6551 4163,6552 4122,6552 4121,6554 4121,6555 4119,6556 4098,6556 4097,6558 4097,6559 4095,6560 4053,6561 4050,6564 4049,6564 4049,6564 4049,6582 4048,6584 3873,6584 3872,6585 3872,6615 3871,6616 3748,6617 3747,6617 3747,6639 3747,6640 3746,6640 3745,6641 3738,6641 3737,6642"/><TextEquiv index="1"><Unicode>pagne, où l'on dit que vous êtes. Pour</Unicode></TextEquiv></TextLine><TextLine id="r0_l024"><Coords points="3135,6853 3134,6852 2889,6853 2888,6852 2888,6851 2887,6850 2887,6837 2887,6837 1017,6845 1016,6844 1016,6841 1017,6841 2887,6833 2887,6832 2887,6799 2886,6799 1427,6805 1425,6804 1425,6803 1421,6799 1421,6798 1420,6797 1410,6797 1409,6796 1409,6786 1408,6785 1386,6785 1385,6784 1262,6785 1260,6782 1260,6777 1259,6777 1178,6777 1177,6776 1176,6776 1176,6776 1176,6766 1175,6765 1174,6765 1172,6763 1172,6762 1171,6761 1170,6761 1165,6756 1164,6756 1164,6756 1164,6754 1164,6753 1165,6753 1168,6751 1168,6750 1168,6749 1181,6749 1182,6748 1183,6748 1184,6748 1184,6735 1186,6732 1187,6732 1188,6732 1188,6731 1189,6730 1188,6623 1189,6622 1196,6622 1197,6621 1223,6621 1224,6620 1292,6620 1293,6621 1368,6620 1369,6622 1369,6623 1371,6624 1372,6624 1373,6626 1373,6627 1375,6628 1376,6628 1377,6629 1625,6628 1626,6630 1626,6631 1628,6632 2533,6628 2534,6630 2534,6631 2535,6631 2536,6632 2537,6632 2538,6634 2538,6635 2539,6635 2540,6636 2541,6636 2542,6638 2542,6641 2543,6641 2822,6640 2823,6642 2823,6643 2824,6643 3461,6640 3463,6642 3744,6641 3744,6641 3744,6665 3745,6666 4120,6664 4121,6666 4121,6671 4123,6672 4124,6672 4125,6674 4126,6688 4126,6688 4183,6688 4185,6690 4185,6692 4186,6693 4185,6694 4185,6696 4184,6696 4183,6696 4181,6699 4181,6708 4180,6708 4179,6708 4177,6711 4177,6744 4176,6744 4175,6744 4173,6747 4173,6808 4172,6809 4171,6809 4169,6811 4169,6812 4168,6813 4167,6813 4166,6814 4165,6815 4165,6816 4164,6817 3291,6821 3290,6821 3290,6822 3288,6825 3279,6825 3277,6827 3277,6828 3276,6829 3271,6829 3269,6831 3269,6832 3268,6833 3182,6833 3181,6834 3181,6844 3180,6845 3179,6845 3178,6846 3177,6847 3177,6848 3176,6849 3146,6850 3145,6850 3145,6851 3144,6853"/><TextEquiv index="1"><Unicode>Dieu! venez ſur-le-champ, ſi vous vou;</Unicode></TextEquiv></TextLine></TextRegion></Page></PcGts>