4266 8048
1153 913 3933 1109 cette malheureuſe affaire. Pour moi, dè
1153 1105 3970 1295 que j'ai reçu la lettre d'avis, que m'a
1153 1290 3970 1485 fait tenir ſon Valet-de-Chambre, par un
1157 1475 3973 1670 exprès, je ſuis accouru chez lui. J'ai été
1150 1663 3970 1852 introduit dans ſa chambre. Je l'ai trouvé
1153 1849 3970 2042 dans l'état le plus affreux, les cheveux
1146 2034 3970 2232 hériſſés, les yeux enſanglantés, rougiſ-
1142 2223 3970 2418 ſant, pâliſſant tour - à - tour, palpitant,
1154 2408 3973 2604 friſſonnant, renverſé ſur le carreau, ſe
976 2597 3973 2793 débattant; on eût dit d'un malheureux,
1120 2785 3178 2978 dans un accès d'épilepſie.
1187 2974 4055 3159 Je l'ai appelé d'abord doucement, en-
1124 3152 3992 3348 ſuite plus fortement. „Courage, mon
1157 3341 3992 3538 “ami, lui ai - je dit! il faut partir à
1157 3533 3999 3726 “l'inſtant, viens avec moi. „Il a re-
691 3720 3996 3917 connu ma voix, il s'eſt levé, s'eſt préci-
1072 3910 3999 4096 pité dans mes bras; il y a reſté long-
1172 4099 3999 4292 temps, ſans pouvoir prononcer un mot;
1161 4281 4077 4474 il me ſerroit fortement, juſqu'à m'en
1161 4466 4084 4658 faire perdre la reſpiration. „Partons, lui
1164 4657 4003 4851 “ai-je répété, mon ami, partons.“ --
1168 4835 4007 5039 „Et ma mère a-t-il dit, d'une voix ſé-
1165 5024 4099 5225 “pulchrale?... Ah! malheur à moi, mal-
1164 5217 4118 5413 “heur!“ Il eſt retombé dans une eſpèce de
1168 5409 4122 5610 défaillance. Je lui ai fait reſpirer de l'eau-
1172 5598 4018 5799 de-Cologne. „Partons, lui diſois-je, tou
1165 5790 4018 5969 “jours.“ -- „Je veux voir ma mère,
1161 5969 4018 6179 “s'écrioit-il fortement, & m'immoler à
1154 6155 4066 6360 “ſes pieds.“ On le voyoit déterminé.
