4266 8061
1867 63 2412 142 - --.
2211 665 2687 848 is
821 888 3970 1085 “mort. Tu n'as jamais eu l'odieuſe penſée
989 1085 3958 1260 “d'attenter aux jours de ta mère. Mon
984 1266 3883 1464 “fils, je te pardonne; je te demande moi-
976 1448 3879 1649 “même pardon. Je ſuis plus criminelle
965 1643 3883 1838 envers toi, que tu ne l'es à mon
969 1828 4028 2021 “égard. Je révoque ma malédiction.
969 2017 4073 2213 “Pars tranquille. Je connois ton inno-
973 2210 3879 2400 “cence.“ Le fils s'épuiſoit juſtement en
940 2396 4080 2586 actions de graces, en proteſtations, en
939 2578 3883 2773 ſupplications. Nous l'avons enlevé, nous
705 2766 3883 2962 l'avons empaqueté dans la voiture, où
973 2950 3883 3144 je ſuis monté à côté de lui. „Mon cher
954 3138 3883 3335 “ami, m'a-t-il dit d'abord, que je t'ai
969 3325 3879 3523 “cauſé de peines, que je t'ai d'obliga-
954 3515 3879 3710 “tions!“ Je lui ai répondu de la ma-
965 3697 4073 3901 nière que j'ai jugé la plus conſolante. Il
969 3890 4080 4105 a long-temps reſté muet. Quelquefois il
969 4079 4087 4275 éclatoit, il tenoit des propos ſans ſuite,
965 4266 3879 4452 qui marquoient le déſordre de ſon eſprit
969 4451 4102 4639 & de ſon cœur. Il eſt devenu plus calme.
965 4637 3872 4828 Il m'a parlé des chères perſonnes qui
664 4822 4102 5014 l'intéreſſoient à Paris. Il me les a recom-
962 5015 4118 5186 mandées. Il m'a recommandé ſur-tout ſa
906 5185 4113 5399 mère. „Elle en peut revenir, m'a-t-il
909 5392 3913 5588 “dit, mon ami, tu le vois. Elle a déjà
936 5584 3857 5775 “reçu un coup pareil pour moi, pour
947 5771 3853 5969 “me ſauver la vie. Et j'ai eu la barba-
935 5960 3913 6161 “rie..... Ah! prends ſoin d'elle, mon
