4266 7999
1916 66 2630 205 .
2349 758 2798 957 i;o
1111 1000 3993 1200 tranquille dans ſa Patrie? Ah! c'eſt l'am-
782 1192 3953 1380 bition de ſes parens qui l'a perdu, &
1107 1379 3953 1569 ſur - tout l'idolatrie de ſa mère; car il
1107 1567 4004 1748 n'étoit pas né avec un mauvais caractère,
1107 1751 3949 1944 & c'eſt pour cela que je continue de
1107 1935 3953 2127 m'intéreſſer à lui. Le crime lui étoit
1103 2121 3956 2309 vraiment étranger. En ſouffriroit-il tant,
1035 2310 2526 2452 s'il lui étoit naturel?
1119 2495 4056 2686 Mes bons amis, je ne puis quitter cet
1103 2683 3957 2863 infortuné, tant que je le vois dans le
802 2863 3957 3060 tranſport. Parlez à tous mes cliens, faite
802 3051 3953 3241 qu'ils s'arment de patience, juſqu'à mon
1103 3235 3964 3430 retour. Promettez - leur qu'il ſera pro-
787 3422 4078 3616 chain. Il doit l'être. Mandez - moi des
1100 3607 3964 3799 nouvelles de la mère, que j'ai laiſſée
1111 3791 2896 3986 dans un état ſi déſeſpéré.
1104 4136 4097 4359 .
1086 4506 4098 4712 Céſar de Perlencour, à Dumoulin.
2875 4863 4112 5058 Des Montagnes.
1111 5267 4122 5459 MM généreux, nouveau Pilade, tu
1100 5462 4093 5654 as ſauvé le déplorable Oreſte, Oreſte
1100 5650 4049 5840 meurtrier de ſa mère, pourſuivi par les
1096 5834 4071 6026 Furies; mais, ô! mon cher Dumoulin,
1100 6018 3945 6216 m'as - tu rendu un vrai ſervice? Eſt-
1103 6213 4137 6419 ce un avantage, pour moi, de n'être
