4266 8161
1747 892 2214 1099 n
518 1119 3563 1354 pas délivré de cette inſupportable vie,
518 1337 3466 1533 de me voir expoſé à de nouveaux mal-
514 1526 3653 1727 heurs, &, ce qui eſt encore pire, à de
518 1717 3465 1921 nouveaux crimes? Quoi qu'il en ſoit, je
518 1909 3777 2112 ſens, dans toute ſon étendue, le prix des
173 2100 2950 2304 peines que tu as priſes pour moi.
698 2288 3751 2488 Je ne me ſens pas plus mal depuis que
518 2478 3476 2680 tu m'as quitté. Je ſuis revenu, preſqu'en-
521 2664 3469 2872 tièrement, du tranſport & de la frénéſie
518 2863 3476 3056 où tu m'as vu plongé. Je redeviens un
190 3048 3830 3244 homme, & ne ſuis plus une bête féroce.
510 3239 3536 3428 Je ſens ma raiſon renaître; mais elle
518 3424 3747 3616 m'offre un douloureux miroir. Ce n'eſt
525 3612 3627 3803 plus l'horrible Gorgone dont la vue me
525 3797 3477 3980 tourmente, c'eſt la vérité nue, & com-
521 3991 3476 4188 bien ſon aſpect eſt douloureux pour
322 4185 1196 4323 moi!
713 4357 3477 4567 Je fuis les hommes, j'erre dans les
533 4563 3481 4751 Montagnes. J'y retrouve une ombre de
536 4750 3488 4942 calme & de paix. J'aime à voir les tor-
288 4941 3581 5142 rens tomber dans les abîmes. Je reſpire
544 5126 3544 5329 la vapeur rafraîchiſſante de l'eau, pour
540 5318 3826 5539 ainſi dire, pulvériſée. Sur le ſommet de
544 5502 3612 5714 ces Montagnes, je vois un ciel pur, &
210 5698 3694 5913 qui ne ſemble plus s'armer de foudres
548 5890 3683 6089 & d'orages. Ah! tous les pauvres Ber-
273 6082 3476 6287 gers que je rencontre ſont innocens. Il
251 6277 3762 6499 n'y a que moi, homme infernal, qui
2401 6478 3235 6709 Fvv
