4266 8313
1145 7 3644 145 .
1934 731 2711 935 i
817 956 4106 1183 connoîs le crime, & qui porte le remords
629 1190 2169 1332 dans mon cœur.
1189 1370 4242 1596 J'ai monté ſur le mont S. Gothard,
796 1563 4242 1786 le mont Blanc, le mont Jura, le mont
726 1775 4242 1980 S. Bernard. Que la nature eſt belle dans
942 1971 4242 2179 tous ces lieux écartés! quels objets! quels
934 2171 4242 2377 ſpectacles dignes d'un Philoſophe! mais
942 2371 4242 2579 un criminel, comme moi, peut-il être
856 2564 4242 2775 obſervateur, & ſentir le charme de la
844 2765 4242 2997 nature, dans ces belles ſituations? Je
938 2961 4242 3205 vois, de tous côtés, dans ces rochers,
737 3162 4242 3366 ma mère enſanglantée, ma ſœur tour-
918 3350 4242 3588 mentée d'un poiſon mortel; ma chère
926 3551 4242 3804 Aurore ſuſpendue au bois patibulaire,
781 3751 4242 4001 ou s'éveillant ſous le fer des Chirurgiens,
926 3951 4242 4199 pouſſant un cri, & rappelée à la vie,
568 4152 4242 4371 pour retomber dans les bras de la mort;
624 4348 4242 4556 ma déplorable Laure périſſant lentement
922 4548 4242 4755 des ſuites d'une contagion dont je l'ai
922 4737 4242 4945 infectée. Je vois tous les enfans que j'ai
533 4933 4242 5149 engendrés dans le crime, me reprochant
910 5134 4242 5346 la malheureuſe exiſtence que je leur ai
926 5334 4242 5541 communiquée. Je vois enfin tous les
910 5531 4242 5743 malheureux que j'ai faits, ſe plaignant
902 5727 4242 5946 au ciel, autour de moi, des infortunes
914 5927 4242 6140 que je leur ai cauſées. Je ſuis à pré-
875 6123 4242 6338 ſent ſur les Glacièrs, au milieu de ces
887 6324 4242 6557 glaces éternelles, éclairées comme des
