<PcGts xmlns="http://schema.primaresearch.org/PAGE/gts/pagecontent/2017-07-15" xmlns:xsi="http://www.w3.org/2001/XMLSchema-instance" xsi:schemaLocation="http://schema.primaresearch.org/PAGE/gts/pagecontent/2017-07-15 http://schema.primaresearch.org/PAGE/gts/pagecontent/2017-07-15/pagecontent.xsd"><Metadata><Creator>User123</Creator><Created>2020-10-15T18:12:29</Created><LastChange>2020-10-15T18:12:29</LastChange></Metadata><Page imageFilename="0142.png" imageHeight="8453" imageWidth="4266"><TextRegion id="r0" type="paragraph" orientation="-0.0"><Coords points="1,1 4264,1 4264,8451 1,8451"/><TextLine id="r0_l001"><Coords points="3499,83 4143,83 4143,163 3499,163"/><TextEquiv index="1"><Unicode>--</Unicode></TextEquiv></TextLine><TextLine id="r0_l002"><Coords points="1666,795 2171,795 2171,1002 1666,1002"/><TextEquiv index="1"><Unicode>i.</Unicode></TextEquiv></TextLine><TextLine id="r0_l003"><Coords points="197,1252 196,1251 195,1251 194,1251 194,1250 192,1247 191,1247 190,1247 190,1241 191,1240 193,1240 194,1239 1713,1239 1713,1239 1713,1225 1713,1224 928,1224 925,1222 925,1221 925,1220 924,1220 921,1218 921,1201 921,1200 383,1200 381,1199 381,1198 380,1196 371,1196 369,1195 369,1194 369,1193 368,1192 367,1192 365,1191 365,1186 364,1184 363,1184 361,1183 361,1182 360,1180 359,1180 357,1179 357,1174 356,1172 351,1172 349,1171 349,1170 349,1169 348,1168 347,1168 345,1167 345,1138 347,1136 348,1136 349,1135 349,1130 351,1128 352,1128 353,1127 353,1102 354,1101 355,1101 356,1100 428,1100 428,1100 428,1095 430,1093 431,1093 432,1092 492,1092 492,1092 492,1078 493,1077 494,1077 495,1076 496,1076 496,1076 496,1071 499,1068 500,1068 500,1068 500,1067 503,1064 504,1064 504,1064 504,1059 506,1057 1045,1057 1045,1057 1045,1054 1046,1053 1047,1053 1054,1046 1057,1043 1057,1042 1058,1041 1250,1041 1252,1039 1252,1038 1253,1037 1279,1037 1279,1038 1279,1039 1282,1041 2706,1041 2707,1043 2707,1048 2709,1049 2714,1049 2715,1051 2715,1052 2717,1053 3183,1053 3184,1055 3184,1056 3185,1056 3186,1056 3188,1059 3188,1084 3189,1084 3432,1084 3433,1085 3434,1085 3435,1087 3435,1092 3436,1092 3437,1092 3439,1095 3439,1099 3437,1101 3436,1101 3435,1102 3435,1182 3434,1183 3434,1184 3434,1184 3433,1184 3426,1191 3426,1192 3426,1192 3421,1192 3414,1199 3414,1200 3414,1200 3405,1200 3403,1202 3403,1203 3402,1204 3030,1204 3029,1205 3029,1247 3028,1248 2988,1248 2985,1246 2985,1245 2985,1244 202,1244 201,1245 202,1246 202,1250 200,1252"/><TextEquiv index="1"><Unicode>criſtaux, faiſant rejaillir la lumière peinte</Unicode></TextEquiv></TextLine><TextLine id="r0_l004"><Coords points="2816,1454 2814,1453 2814,1452 2813,1450 2808,1450 2806,1449 2806,1448 2805,1446 2804,1446 2802,1445 2802,1396 2802,1395 2506,1395 2504,1397 2504,1398 2503,1399 2483,1399 2480,1397 2480,1396 2480,1395 2479,1395 2476,1393 2476,1392 2476,1391 2267,1391 2266,1392 2266,1393 2264,1395 2255,1395 2254,1396 2254,1397 2252,1399 2244,1399 2242,1398 2242,1397 2241,1395 1996,1395 1995,1396 1995,1453 1995,1453 1988,1453 1987,1453 1987,1396 1987,1395 1973,1395 1971,1397 1971,1398 1970,1399 1850,1399 1848,1398 1848,1397 1847,1395 1640,1395 1637,1393 1637,1392 1637,1391 1341,1391 1339,1390 1339,1389 1338,1387 1140,1387 1139,1388 1139,1447 1139,1447 1131,1447 1130,1447 1130,1388 1130,1387 971,1387 969,1389 969,1390 968,1391 506,1391 504,1393 504,1394 503,1395 383,1395 381,1394 381,1393 380,1391 375,1391 373,1390 373,1389 372,1387 367,1387 365,1386 365,1385 364,1383 363,1383 361,1382 361,1373 360,1371 359,1371 357,1370 357,1341 359,1339 360,1339 361,1338 361,1337 363,1335 364,1335 365,1334 365,1301 367,1299 401,1299 401,1299 401,1265 403,1263 404,1263 405,1262 405,1261 406,1260 407,1260 408,1259 412,1259 413,1258 413,1257 414,1256 415,1256 416,1255 430,1255 431,1256 432,1256 432,1257 432,1258 435,1260 436,1260 436,1261 436,1262 437,1263 437,1307 438,1307 495,1307 496,1309 496,1310 498,1311 778,1311 778,1311 778,1266 781,1263 782,1263 782,1263 782,1262 785,1259 786,1259 786,1259 786,1258 788,1256 789,1256 790,1255 889,1255 890,1254 890,1253 891,1252 892,1252 893,1251 899,1251 900,1252 901,1252 902,1254 902,1255 903,1255 904,1255 906,1258 906,1303 907,1303 1339,1303 1339,1303 1339,1258 1342,1255 1343,1255 1343,1255 1343,1254 1345,1252 1349,1252 1350,1251 1351,1251 1351,1251 1351,1250 1352,1249 1353,1248 1354,1248 1355,1247 1364,1247 1365,1248 1366,1248 1367,1250 1367,1298 1370,1300 1371,1300 1371,1301 1371,1303 1372,1303 1660,1303 1661,1305 1661,1306 1663,1307 1668,1307 1669,1309 1669,1310 1671,1311 1672,1311 1673,1313 1673,1318 1675,1319 1676,1319 1677,1321 1677,1359 1678,1359 1876,1359 1876,1359 1876,1274 1875,1272 1855,1272 1848,1266 1848,1262 1855,1255 1866,1255 1868,1258 1868,1259 1869,1259 1918,1259 1920,1262 1920,1307 1921,1307 2245,1307 2245,1307 2245,1306 2248,1303 2412,1303 2413,1302 2413,1289 2415,1287 2416,1287 2417,1286 2417,1281 2419,1279 2420,1279 2421,1278 2421,1269 2422,1268 2423,1268 2425,1266 2425,1265 2426,1264 2427,1264 2429,1262 2429,1261 2430,1260 2431,1260 2433,1258 2433,1257 2434,1256 2435,1256 2436,1255 2440,1255 2441,1254 2441,1253 2442,1252 2443,1252 2444,1251 2456,1251 2456,1251 2456,1250 2458,1248 2459,1248 2460,1247 2462,1247 2463,1248 2464,1248 2464,1249 2464,1250 2465,1250 2467,1252 2468,1252 2468,1253 2468,1254 2471,1256 2472,1256 2472,1257 2472,1307 2473,1307 2993,1307 2993,1307 2993,1262 2996,1259 3001,1259 3001,1259 3001,1258 3004,1255 3011,1255 3012,1256 3013,1256 3013,1257 3013,1258 3016,1260 3017,1260 3017,1261 3017,1262 3019,1263 3020,1263 3021,1265 3021,1303 3022,1303 3311,1303 3311,1303 3311,1262 3314,1259 3315,1259 3315,1259 3315,1258 3317,1256 3318,1256 3319,1255 3327,1255 3327,1255 3327,1254 3328,1253 3329,1252 3330,1252 3331,1251 3337,1251 3338,1252 3339,1252 3339,1253 3339,1254 3342,1256 3343,1256 3343,1257 3343,1307 3344,1307 3413,1307 3431,1326 3431,1330 3435,1334 3435,1363 3436,1363 3438,1363 3438,1364 3438,1365 3439,1366 3439,1377 3437,1379 3436,1379 3435,1380 3435,1385 3433,1387 3428,1387 3427,1388 3427,1389 3425,1391 3420,1391 3419,1392 3419,1393 3417,1395 3408,1395 3407,1396 3407,1397 3405,1399 3393,1399 3391,1398 3391,1397 3390,1395 3025,1395 2943,1395 2942,1396 2942,1397 2940,1399 2851,1399 2850,1400 2850,1446 2850,1446 2849,1446 2842,1453 2842,1454 2842,1454"/><TextEquiv index="1"><Unicode>de mille couleurs. Je ne ſens point le</Unicode></TextEquiv></TextLine><TextLine id="r0_l005"><Coords points="1753,1653 1752,1652 1642,1652 1641,1652 1641,1648 1641,1647 1106,1647 1105,1647 1105,1607 1105,1606 296,1606 293,1604 293,1600 296,1597 353,1597 353,1597 353,1528 355,1526 356,1526 357,1525 357,1504 359,1502 360,1502 361,1501 361,1496 363,1494 364,1494 365,1493 365,1492 367,1490 368,1490 369,1489 369,1488 371,1486 372,1486 373,1485 373,1484 375,1482 376,1482 377,1481 377,1476 379,1474 380,1474 381,1473 381,1472 383,1470 384,1470 384,1470 385,1469 385,1468 387,1466 388,1466 389,1465 389,1464 391,1462 392,1462 392,1462 393,1461 393,1460 395,1458 404,1458 405,1457 405,1456 407,1454 583,1454 583,1454 583,1453 586,1450 678,1450 679,1449 679,1448 681,1446 1290,1446 1291,1448 1291,1449 1293,1450 1294,1450 1295,1452 1295,1453 1296,1453 1996,1453 1997,1454 3103,1454 3105,1457 3105,1458 3106,1458 3111,1458 3113,1461 3113,1466 3114,1466 3115,1466 3117,1469 3117,1474 3118,1474 3119,1474 3121,1477 3121,1478 3122,1478 3123,1478 3125,1481 3125,1482 3126,1482 3127,1482 3129,1485 3129,1486 3130,1486 3131,1486 3133,1489 3133,1490 3134,1490 3135,1490 3137,1493 3137,1494 3138,1494 3139,1494 3140,1496 3140,1497 3141,1498 3141,1502 3142,1502 3394,1502 3395,1504 3395,1505 3397,1506 3406,1506 3407,1508 3407,1509 3409,1510 3410,1510 3410,1511 3410,1512 3413,1514 3414,1514 3414,1515 3414,1516 3417,1518 3418,1518 3418,1519 3418,1520 3421,1522 3422,1522 3423,1524 3423,1529 3425,1530 3426,1530 3427,1532 3427,1546 3428,1546 3713,1546 3713,1547 3713,1549 3712,1550 3428,1550 3427,1551 3427,1649 3428,1649 3433,1649 3434,1651 3434,1651 3422,1651 3421,1652 3404,1652 3403,1652 3403,1650 3403,1649 1766,1649 1765,1650 1765,1653 1765,1653"/><TextEquiv index="1"><Unicode>froid horriblement piquant, qui règne</Unicode></TextEquiv></TextLine><TextLine id="r0_l006"><Coords points="2776,1856 2775,1856 2775,1855 2774,1854 2774,1850 2773,1848 2772,1848 2771,1848 2771,1797 2771,1796 2554,1796 2552,1798 2552,1799 2551,1800 2534,1800 2532,1799 2532,1798 2532,1797 2401,1797 2400,1796 2196,1796 2194,1798 2194,1799 2193,1800 2040,1800 2039,1800 2039,1799 2037,1796 1814,1796 1812,1795 1812,1794 1811,1792 1623,1792 1621,1791 1621,1790 1621,1789 1436,1789 1434,1791 1434,1792 1434,1792 1369,1792 1368,1793 1307,1793 1306,1792 1305,1792 1304,1792 1303,1791 1303,1790 1302,1788 1035,1788 1034,1789 832,1789 829,1792 550,1792 549,1793 470,1793 468,1795 468,1796 468,1796 466,1796 465,1797 464,1797 463,1796 422,1796 421,1796 421,1795 419,1792 378,1792 377,1792 377,1791 375,1788 370,1788 369,1788 369,1787 367,1784 366,1784 365,1784 365,1783 363,1780 362,1780 361,1780 361,1767 360,1765 300,1765 299,1764 298,1764 297,1764 297,1763 300,1760 357,1760 357,1760 357,1746 358,1745 359,1745 361,1743 361,1735 375,1721 380,1721 380,1721 380,1720 381,1719 381,1718 382,1717 391,1717 393,1715 393,1714 394,1713 400,1713 400,1713 400,1661 401,1660 401,1659 403,1657 416,1657 416,1657 416,1656 419,1653 423,1653 425,1656 425,1657 426,1657 431,1657 432,1659 432,1660 433,1661 433,1709 434,1709 634,1709 635,1708 635,1707 637,1705 753,1705 754,1704 754,1703 756,1701 1013,1701 1013,1701 1013,1655 1015,1653 1016,1653 1017,1652 1017,1651 1019,1649 1028,1649 1029,1648 1029,1647 1031,1645 1199,1645 1200,1647 1200,1648 1202,1649 1215,1649 1215,1650 1215,1651 1218,1653 1219,1653 1220,1655 1220,1697 1221,1697 1362,1697 1363,1699 1363,1700 1365,1701 1366,1701 1367,1703 1367,1705 1368,1705 1434,1705 1435,1707 1435,1708 1437,1709 1629,1709 1629,1709 1629,1684 1630,1683 1630,1682 1631,1681 1632,1681 1633,1680 1633,1672 1634,1671 1634,1670 1635,1669 1636,1669 1637,1668 1637,1656 1641,1652 1654,1652 1655,1653 1767,1653 1769,1656 1769,1657 1770,1657 1771,1657 1773,1660 1773,1709 1774,1709 2118,1709 2118,1709 2118,1704 2119,1703 2119,1702 2120,1701 2121,1701 2123,1699 2123,1698 2124,1697 2125,1697 2126,1696 2126,1688 2127,1687 2127,1686 2128,1685 2129,1685 2130,1684 2131,1683 2131,1682 2132,1681 2133,1681 2135,1679 2135,1678 2136,1677 2137,1677 2139,1675 2139,1674 2140,1673 2141,1673 2143,1671 2143,1670 2144,1669 2153,1669 2154,1668 2154,1667 2156,1665 2161,1665 2162,1664 2162,1663 2164,1661 2185,1661 2186,1660 2186,1659 2188,1657 2193,1657 2194,1659 2194,1660 2196,1661 2221,1661 2222,1663 2222,1664 2224,1665 2233,1665 2233,1666 2233,1667 2234,1667 2236,1669 2237,1669 2238,1671 2238,1676 2240,1677 2241,1677 2242,1679 2242,1709 2243,1709 2468,1709 2468,1709 2468,1664 2475,1657 2630,1657 2632,1660 2632,1661 2633,1661 2642,1661 2643,1663 2643,1664 2645,1665 2650,1665 2651,1667 2651,1672 2653,1673 2654,1673 2655,1675 2655,1712 2657,1713 2889,1713 2890,1712 2890,1711 2892,1709 3008,1709 3009,1708 3009,1707 3011,1705 3016,1705 3017,1707 3017,1708 3019,1709 3203,1709 3204,1708 3204,1707 3206,1705 3399,1705 3399,1705 3399,1655 3401,1653 3402,1653 3403,1652 3421,1652 3422,1651 3435,1651 3435,1652 3435,1693 3436,1693 3438,1693 3438,1694 3438,1695 3439,1696 3439,1764 3440,1764 3441,1764 3443,1767 3443,1768 3444,1768 3445,1768 3447,1771 3447,1783 3446,1784 3445,1784 3443,1786 3443,1787 3442,1788 3358,1788 3355,1791 3355,1792 3355,1792 3234,1792 3233,1793 3090,1793 3089,1794 3089,1795 3088,1796 2815,1796 2814,1797 2814,1847 2813,1848 2812,1848 2811,1849 2811,1850 2809,1852 2796,1852 2795,1853 2795,1854 2793,1856"/><TextEquiv index="1"><Unicode>dans ces déſerts aériens. Ce n'eſt pour moi</Unicode></TextEquiv></TextLine><TextLine id="r0_l007"><Coords points="2282,2256 2281,2256 2281,2211 2281,2210 902,2210 901,2211 901,2251 901,2251 895,2251 894,2251 894,2243 894,2242 498,2242 496,2241 496,2240 495,2238 490,2238 488,2237 488,2236 487,2235 486,2233 485,2233 484,2233 484,2191 484,2190 371,2190 369,2189 369,2188 368,2186 367,2186 365,2185 365,1970 363,1967 362,1967 361,1967 361,1941 362,1940 363,1940 365,1938 365,1933 366,1932 367,1932 369,1930 369,1929 370,1928 371,1928 373,1926 373,1925 374,1924 375,1924 377,1922 377,1921 378,1920 379,1920 381,1918 381,1917 382,1916 387,1916 389,1914 389,1913 390,1912 494,1912 495,1911 496,1911 496,1911 496,1910 498,1908 540,1908 540,1908 540,1866 542,1864 543,1864 544,1863 544,1862 546,1860 547,1860 547,1860 547,1859 550,1856 980,1856 981,1855 981,1854 983,1852 984,1852 985,1851 985,1850 986,1849 987,1848 988,1848 989,1847 989,1846 991,1844 1020,1844 1021,1846 1021,1847 1023,1848 1183,1848 1184,1850 1184,1852 1185,1852 1819,1852 1820,1854 1820,1855 1822,1856 3159,1856 3160,1855 3160,1854 3162,1852 3171,1852 3172,1851 3172,1850 3174,1848 3195,1848 3196,1850 3196,1851 3198,1852 3199,1852 3200,1854 3200,1855 3202,1856 3203,1856 3204,1858 3204,1880 3205,1880 3534,1880 3534,1881 3534,1883 3533,1884 3205,1884 3204,1885 3204,1900 3205,1900 3346,1900 3351,1906 3351,1910 3354,1912 3355,1912 3355,1913 3355,1931 3356,1931 3440,1931 3441,1932 3442,1932 3443,1934 3443,1935 3444,1935 3445,1935 3447,1938 3447,1999 3448,1999 3449,1999 3451,2002 3451,2005 3450,2006 3450,2007 3450,2007 3449,2007 3447,2009 3447,2124 3446,2125 3446,2182 3446,2182 3445,2182 3442,2185 3434,2193 3434,2194 3434,2194 3250,2194 3247,2197 3247,2198 3247,2198 3245,2198 3244,2199 3244,2221 3243,2222 2636,2222 2635,2223 2635,2229 2634,2230 2290,2230 2289,2231 2289,2256 2289,2256"/><TextEquiv index="1"><Unicode>ae e&amp; nee anine le r uie ſoureut</Unicode></TextEquiv></TextLine><TextLine id="r0_l008"><Coords points="2157,2457 2156,2457 2156,2398 2156,2397 2084,2397 2083,2398 2083,2400 2082,2401 1809,2401 1808,2402 1808,2456 1808,2456 1789,2456 1788,2457 1787,2456 1786,2456 1784,2455 1784,2454 1784,2453 1776,2453 1775,2452 1774,2452 1773,2452 1773,2451 1772,2450 1772,2402 1772,2401 1583,2401 1582,2402 1582,2447 1581,2448 1580,2448 1579,2449 1575,2449 1574,2450 1574,2451 1573,2452 1573,2452 1572,2452 1571,2453 1545,2453 1544,2452 1543,2452 1542,2452 1542,2451 1542,2450 1540,2448 1539,2448 1538,2448 1538,2447 1537,2445 1536,2445 1534,2444 1534,2398 1534,2397 1177,2397 1176,2398 1176,2432 1175,2433 1159,2433 1154,2428 1153,2428 1152,2428 1152,2398 1152,2397 1023,2397 1021,2396 1021,2395 1020,2393 828,2393 826,2392 826,2391 825,2389 398,2389 397,2390 397,2407 396,2408 396,2409 396,2409 391,2409 389,2408 389,2394 389,2393 383,2393 381,2392 381,2391 380,2389 375,2389 373,2388 373,2387 372,2385 371,2385 369,2384 369,2311 371,2309 372,2309 373,2308 373,2307 375,2305 377,2305 377,2305 377,2259 378,2258 379,2258 381,2256 381,2251 382,2250 396,2250 397,2252 397,2253 398,2254 399,2254 400,2254 401,2256 401,2305 402,2305 790,2305 790,2305 790,2260 792,2258 793,2258 794,2257 794,2256 796,2254 805,2254 806,2253 806,2252 808,2250 961,2250 961,2251 961,2252 964,2254 965,2254 965,2255 965,2305 966,2305 1027,2305 1028,2306 1029,2306 1029,2307 1029,2308 1031,2309 1035,2309 1039,2313 1152,2313 1152,2313 1152,2264 1155,2261 1156,2261 1156,2261 1156,2260 1159,2257 1160,2257 1160,2257 1160,2256 1162,2254 1520,2254 1524,2250 1549,2250 1550,2252 1550,2257 1551,2257 1552,2257 1554,2260 1554,2301 1555,2301 1733,2301 1733,2301 1733,2291 1735,2289 1736,2289 1737,2288 1737,2283 1738,2282 1739,2282 1741,2280 1741,2275 1742,2274 1743,2274 1744,2273 1748,2273 1749,2272 1749,2271 1750,2270 1751,2270 1753,2268 1753,2267 1754,2266 1755,2266 1756,2265 1760,2265 1761,2264 1761,2263 1762,2262 1763,2262 1764,2261 1770,2261 1771,2262 1772,2262 1772,2263 1772,2264 1774,2265 1963,2265 1963,2265 1963,2264 1965,2262 1966,2261 1967,2261 1967,2261 1967,2260 1969,2258 1970,2258 1971,2257 1987,2257 1987,2257 1987,2256 1989,2254 1990,2254 1991,2253 1992,2253 1993,2254 1995,2254 1995,2255 1995,2256 1998,2258 1999,2258 1999,2259 1999,2309 2000,2309 2277,2309 2277,2309 2277,2261 2278,2260 2278,2259 2279,2258 2280,2258 2282,2256 2421,2256 2421,2256 2421,2255 2422,2254 2423,2254 2424,2253 2426,2253 2427,2254 2428,2254 2429,2256 2429,2257 2431,2258 2432,2258 2433,2260 2433,2261 2434,2261 2435,2261 2437,2264 2437,2369 2438,2369 2651,2369 2651,2369 2651,2320 2652,2319 2652,2318 2653,2317 2659,2317 2659,2317 2659,2316 2662,2313 2670,2313 2671,2312 2671,2311 2673,2309 2778,2309 2778,2309 2778,2308 2781,2305 2785,2305 2787,2308 2787,2309 2788,2309 2961,2309 2961,2309 2961,2260 2963,2258 2964,2258 2965,2257 2965,2256 2967,2254 2976,2254 2977,2253 2977,2252 2979,2250 2989,2250 2989,2251 2989,2252 2992,2254 2993,2254 2993,2255 2993,2305 2994,2305 3199,2305 3200,2304 3200,2303 3201,2302 3202,2302 3203,2301 3315,2301 3315,2301 3315,2264 3318,2261 3319,2261 3319,2261 3319,2260 3321,2258 3322,2258 3323,2257 3331,2257 3331,2257 3331,2256 3333,2254 3334,2254 3335,2253 3336,2253 3337,2254 3339,2254 3339,2255 3339,2256 3340,2257 3346,2262 3347,2262 3347,2263 3347,2301 3348,2301 3413,2301 3415,2304 3415,2305 3416,2305 3421,2305 3423,2308 3423,2309 3424,2309 3425,2309 3427,2312 3427,2313 3428,2313 3429,2313 3431,2316 3431,2317 3432,2317 3433,2317 3435,2320 3435,2321 3436,2321 3441,2321 3443,2324 3443,2325 3444,2325 3445,2325 3447,2328 3447,2339 3446,2340 3446,2341 3446,2341 3445,2341 3443,2343 3443,2371 3429,2385 3424,2385 3423,2386 3423,2387 3421,2389 3416,2389 3415,2390 3415,2391 3413,2393 3408,2393 3407,2394 3407,2395 3405,2397 3210,2397 3208,2396 3208,2395 3207,2393 3008,2393 3007,2394 3007,2453 3007,2453 2992,2453 2991,2453 2991,2422 2991,2421 2987,2421 2985,2420 2985,2394 2985,2393 2880,2393 2878,2395 2878,2396 2877,2397 2784,2397 2783,2398 2783,2399 2781,2401 2696,2401 2695,2402 2695,2452 2695,2452 2694,2452 2693,2453 2655,2453 2654,2452 2653,2452 2651,2451 2651,2450 2651,2449 2650,2449 2647,2447 2647,2438 2647,2437 2491,2437 2490,2436 2489,2436 2488,2436 2488,2402 2488,2401 2351,2401 2349,2400 2349,2399 2348,2397 2168,2397 2167,2398 2167,2456 2167,2456 2159,2456 2158,2457"/><TextEquiv index="1"><Unicode>immobile à l'aſpect du ciel, pendant le</Unicode></TextEquiv></TextLine><TextLine id="r0_l009"><Coords points="2510,2878 2508,2877 2508,2839 2508,2838 2307,2838 2305,2837 2305,2836 2305,2835 2304,2834 2303,2834 2301,2833 2301,2807 2301,2806 2231,2806 2230,2806 2230,2805 2228,2802 521,2802 520,2803 520,2841 519,2842 513,2842 512,2842 512,2792 512,2791 468,2791 467,2790 466,2790 464,2789 464,2788 464,2787 368,2787 367,2786 366,2786 365,2786 365,2776 366,2775 367,2775 369,2773 369,2625 370,2624 371,2624 373,2622 373,2514 375,2512 377,2512 377,2512 377,2474 379,2472 380,2472 381,2471 381,2470 383,2468 384,2468 385,2467 385,2466 387,2464 969,2464 969,2464 969,2463 972,2460 973,2460 973,2460 973,2459 976,2456 977,2456 977,2456 977,2455 980,2452 991,2452 992,2453 993,2453 993,2454 993,2455 995,2456 2094,2456 2095,2455 2095,2454 2097,2452 2121,2452 2122,2454 2122,2455 2124,2456 2989,2456 2989,2456 2989,2455 2991,2453 3009,2453 3009,2454 3009,2455 3011,2456 3385,2456 3395,2467 3395,2504 3396,2504 3430,2504 3430,2505 3430,2506 3441,2516 3756,2516 3757,2518 3757,2519 3756,2520 3444,2520 3443,2521 3443,2523 3445,2524 3446,2524 3446,2525 3446,2526 3447,2527 3447,2722 3449,2723 3450,2723 3450,2724 3450,2753 3451,2754 3451,2762 3453,2763 3454,2763 3454,2764 3454,2765 3455,2766 3455,2768 3454,2769 3454,2770 3453,2771 3452,2771 3451,2772 3451,2773 3449,2775 3448,2775 3447,2776 3447,2781 3446,2782 3445,2782 3443,2784 3443,2785 3442,2786 3441,2786 3439,2788 3439,2789 3438,2790 3437,2790 3436,2791 3428,2791 3427,2792 3427,2793 3426,2794 3426,2794 3425,2794 3424,2795 3118,2795 3117,2796 3117,2797 3116,2798 2908,2798 2907,2799 2533,2799 2532,2800 2532,2873 2531,2874 2530,2874 2528,2876 2528,2877 2527,2878"/><TextEquiv index="1"><Unicode>ount aaaſes ſiir anaaſes ſurmaus ſbee eonmn ſurlla</Unicode></TextEquiv></TextLine><TextLine id="r0_l010"><Coords points="298,2851 1189,2851 1189,3014 298,3014"/><TextEquiv index="1"><Unicode>rochers.</Unicode></TextEquiv></TextLine><TextLine id="r0_l011"><Coords points="545,3054 3460,3054 3460,3251 545,3251"/><TextEquiv index="1"><Unicode>Ecris-moi à Chamberri, mon cher</Unicode></TextEquiv></TextLine><TextLine id="r0_l012"><Coords points="2278,3454 2277,3454 2277,3452 2277,3451 2217,3451 2216,3450 2215,3450 2214,3450 2214,3449 2212,3446 2211,3446 2210,3446 2210,3444 2210,3443 916,3443 913,3441 913,3440 913,3439 908,3439 906,3438 906,3404 906,3403 788,3403 786,3402 786,3401 785,3399 781,3399 778,3397 778,3396 778,3395 414,3395 413,3395 413,3394 412,3393 412,3392 412,3391 379,3391 377,3390 377,3389 376,3387 371,3387 369,3386 369,3385 368,3383 367,3383 365,3382 365,3344 365,3343 363,3343 361,3342 361,3341 361,3340 360,3339 359,3339 357,3338 357,3333 359,3331 360,3331 361,3330 361,3325 363,3323 364,3323 364,3323 365,3322 365,3321 367,3319 372,3319 373,3318 373,3317 375,3315 380,3315 381,3314 381,3313 383,3311 384,3311 385,3310 385,3309 387,3307 388,3307 389,3306 389,3305 391,3303 583,3303 583,3303 583,3259 584,3258 584,3257 585,3256 586,3256 588,3254 588,3253 589,3252 590,3252 592,3250 604,3250 606,3252 607,3252 607,3253 607,3256 608,3256 849,3256 850,3258 850,3259 851,3259 875,3259 876,3260 1251,3260 1252,3262 1252,3263 1253,3263 1254,3264 1255,3264 1256,3266 1256,3267 1257,3267 1258,3268 1259,3268 1260,3270 1260,3311 1261,3311 2906,3311 2906,3311 2906,3265 2907,3264 2912,3264 2914,3262 2914,3261 2915,3260 3222,3260 3224,3258 3224,3257 3225,3256 3243,3256 3244,3258 3244,3259 3245,3260 3246,3260 3247,3260 3248,3262 3248,3263 3249,3264 3250,3264 3251,3264 3252,3266 3252,3299 3253,3299 3453,3299 3455,3302 3455,3303 3456,3303 3457,3303 3458,3305 3458,3306 3459,3307 3459,3375 3460,3375 3815,3375 3816,3377 3816,3383 3816,3383 3456,3383 3455,3384 3455,3385 3453,3387 3452,3387 3451,3388 3451,3389 3449,3391 3238,3391 3236,3393 3236,3394 3235,3395 3118,3395 3117,3396 3117,3397 3115,3399 3051,3399 3049,3401 3049,3402 3048,3403 2700,3403 2699,3404 2699,3414 2698,3415 2673,3415 2671,3417 2671,3422 2670,3423 2669,3423 2667,3425 2667,3430 2667,3430 2666,3430 2663,3433 2663,3442 2663,3442 2662,3442 2659,3445 2659,3446 2659,3446 2658,3446 2657,3447 2291,3447 2290,3448 2290,3454 2290,3454"/><TextEquiv index="1"><Unicode>ami. J'y vais retourner pour y chercher</Unicode></TextEquiv></TextLine><TextLine id="r0_l013"><Coords points="803,3648 802,3648 802,3647 802,3646 383,3646 382,3646 382,3599 382,3598 280,3598 277,3596 277,3592 279,3590 382,3590 382,3590 382,3582 381,3581 381,3580 381,3579 380,3578 379,3578 377,3577 377,3572 376,3570 375,3570 373,3569 373,3508 375,3506 376,3506 377,3505 377,3504 379,3502 384,3502 385,3501 385,3500 387,3498 392,3498 393,3497 393,3496 395,3494 643,3494 643,3494 643,3457 646,3454 647,3454 647,3454 647,3453 650,3450 655,3450 655,3450 655,3449 658,3446 665,3446 666,3447 667,3447 667,3448 667,3449 669,3450 3210,3450 3212,3453 3212,3454 3213,3454 3218,3454 3220,3457 3220,3458 3221,3458 3222,3458 3224,3461 3224,3470 3225,3470 3226,3470 3228,3473 3228,3478 3229,3478 3230,3478 3236,3485 3236,3498 3237,3498 3278,3498 3280,3501 3280,3502 3281,3502 3441,3502 3443,3505 3443,3506 3444,3506 3445,3506 3447,3509 3447,3514 3448,3514 3449,3514 3451,3517 3451,3518 3452,3518 3453,3518 3455,3521 3455,3572 3453,3574 3452,3574 3451,3575 3451,3576 3449,3578 3448,3578 3447,3579 3447,3580 3445,3582 3444,3582 3443,3583 3443,3584 3441,3586 3440,3586 3439,3587 3439,3588 3437,3590 3432,3590 3431,3591 3431,3592 3429,3594 2613,3594 2612,3595 2612,3612 2610,3614 2609,3614 2608,3615 2608,3620 2606,3622 2605,3622 2604,3623 2604,3628 2603,3629 2602,3629 2601,3630 2600,3631 2600,3632 2599,3633 2598,3633 2597,3634 2596,3635 2596,3636 2595,3637 2594,3637 2593,3638 1980,3638 1979,3639 1979,3641 1979,3641 1978,3641 1977,3642 819,3642 818,3643 818,3648 818,3648"/><TextEquiv index="1"><Unicode>tes lettres. Tu ſens combien je dois être</Unicode></TextEquiv></TextLine><TextLine id="r0_l014"><Coords points="2967,3844 2966,3844 2966,3843 2964,3840 2963,3840 2961,3839 2961,3794 2961,3793 2418,3793 2417,3794 2417,3795 2416,3796 2415,3796 2414,3797 2412,3797 2411,3796 2410,3796 2409,3796 2409,3795 2408,3793 2191,3793 2190,3794 2190,3824 2190,3824 2189,3824 2188,3825 2185,3825 2184,3824 2183,3824 2182,3824 2182,3794 2182,3793 2013,3793 2011,3795 2011,3796 2011,3796 2010,3796 2009,3797 1996,3797 1995,3798 1995,3832 1995,3832 1981,3832 1979,3831 1979,3798 1979,3797 1889,3797 1888,3798 1888,3819 1887,3820 1881,3820 1880,3820 1880,3798 1880,3797 1668,3797 1665,3795 1665,3794 1665,3793 1645,3793 1428,3793 1427,3794 1427,3795 1426,3796 1425,3796 1424,3797 1418,3797 1417,3796 1416,3796 1415,3796 1415,3795 1414,3793 1336,3793 1335,3794 1335,3811 1331,3815 1331,3816 1331,3816 1329,3816 1327,3815 1327,3814 1327,3813 1326,3813 1323,3811 1323,3794 1323,3793 1167,3793 1164,3791 1164,3790 1164,3789 875,3789 874,3790 874,3792 874,3792 871,3792 870,3792 870,3791 869,3789 717,3789 601,3789 600,3790 600,3838 599,3839 599,3840 599,3840 598,3840 595,3843 595,3844 595,3844 565,3844 564,3844 564,3818 564,3817 455,3817 452,3815 452,3786 452,3785 380,3785 379,3784 378,3784 377,3784 377,3783 376,3781 372,3781 371,3780 370,3780 369,3780 369,3774 370,3773 371,3773 373,3771 373,3655 375,3653 376,3653 377,3652 377,3652 377,3651 379,3649 380,3649 380,3649 381,3648 381,3647 382,3646 400,3646 401,3648 401,3649 402,3649 403,3649 405,3652 405,3657 406,3657 407,3657 409,3660 409,3701 410,3701 483,3701 484,3703 484,3704 486,3705 739,3705 739,3705 739,3703 741,3701 750,3701 750,3701 750,3700 751,3699 751,3698 752,3697 798,3697 798,3697 798,3652 801,3649 802,3649 803,3648 819,3648 820,3649 821,3649 822,3651 822,3705 823,3705 1020,3705 1021,3704 1021,3703 1023,3701 1024,3701 1025,3700 1025,3700 1025,3699 1027,3697 1148,3697 1148,3697 1148,3659 1150,3657 1151,3657 1155,3653 1167,3653 1168,3652 1168,3651 1169,3650 1170,3650 1171,3649 1361,3649 1366,3654 1367,3654 1367,3655 1367,3705 1368,3705 1430,3705 1430,3706 1430,3707 1433,3709 1668,3709 1669,3708 1669,3707 1671,3705 1831,3705 1832,3707 1832,3708 1834,3709 1843,3709 1844,3711 1844,3712 1846,3713 2051,3713 2051,3713 2051,3667 2053,3665 2054,3665 2055,3664 2055,3663 2057,3661 2058,3661 2059,3660 2059,3659 2061,3657 2065,3657 2067,3660 2067,3661 2068,3661 2073,3661 2077,3665 2078,3665 2079,3667 2079,3709 2080,3709 2261,3709 2261,3709 2261,3677 2262,3676 2262,3675 2264,3673 2265,3673 2265,3673 2265,3672 2268,3669 2269,3669 2269,3669 2269,3668 2272,3665 2273,3665 2273,3665 2273,3664 2276,3661 2281,3661 2281,3661 2281,3660 2284,3657 2320,3657 2321,3659 2321,3660 2323,3661 2332,3661 2333,3663 2333,3705 2334,3705 2575,3705 2575,3705 2575,3704 2578,3701 2583,3701 2583,3701 2583,3700 2586,3697 2591,3697 2591,3698 2591,3699 2594,3701 2595,3701 2595,3702 2595,3703 2596,3704 2596,3705 2597,3705 2825,3705 2826,3704 2826,3703 2828,3701 2833,3701 2834,3700 2834,3699 2835,3698 2836,3697 2837,3697 2839,3700 2839,3701 2840,3701 2845,3701 2846,3703 2846,3704 2848,3705 2968,3705 2970,3708 2970,3709 2971,3709 3104,3709 3104,3709 3104,3661 3105,3660 3105,3659 3107,3657 3108,3657 3108,3657 3108,3656 3111,3653 3239,3653 3240,3652 3240,3651 3242,3649 3302,3649 3303,3651 3303,3652 3305,3653 3306,3653 3307,3655 3307,3697 3308,3697 3442,3697 3442,3698 3442,3699 3443,3700 3443,3701 3444,3701 3457,3701 3463,3708 3463,3766 3462,3767 3462,3768 3461,3769 3460,3769 3459,3770 3459,3771 3457,3773 3456,3773 3455,3774 3455,3778 3454,3779 3454,3780 3453,3781 3452,3781 3451,3782 3451,3783 3449,3785 3444,3785 3443,3786 3443,3787 3441,3789 3436,3789 3435,3790 3435,3791 3433,3793 3149,3793 3148,3794 3148,3836 3148,3836 3147,3836 3146,3837 3014,3837 3013,3838 3013,3839 3011,3841 3010,3841 3009,3842 3009,3843 3008,3844"/><TextEquiv index="1"><Unicode>impatient de les recevoir. Sur-tout qu'elles</Unicode></TextEquiv></TextLine><TextLine id="r0_l015"><Coords points="1017,4051 1016,4051 1016,3992 1016,3991 653,3991 651,3990 651,3989 650,3987 478,3987 476,3986 476,3985 475,3983 390,3983 389,3983 389,3982 387,3979 386,3979 385,3979 385,3978 383,3975 382,3975 381,3975 381,3974 380,3972 296,3972 293,3970 293,3969 295,3967 373,3967 373,3967 373,3929 374,3928 375,3928 377,3926 377,3917 378,3916 379,3916 389,3906 389,3905 390,3904 395,3904 397,3902 397,3901 398,3900 646,3900 647,3899 647,3898 649,3896 695,3896 695,3896 695,3862 697,3860 698,3860 699,3859 699,3854 701,3852 702,3852 703,3851 703,3850 705,3848 2193,3848 2194,3847 2194,3846 2195,3845 2196,3844 2197,3844 2198,3846 2198,3847 2200,3848 3223,3848 3224,3850 3224,3851 3226,3852 3227,3852 3228,3854 3228,3855 3230,3856 3569,3856 3570,3858 3570,3863 3569,3864 3261,3864 3260,3865 3260,3876 3261,3876 3557,3876 3558,3878 3558,3879 3557,3880 3556,3880 3554,3882 3554,3883 3553,3884 3468,3884 3467,3885 3467,3973 3466,3974 3466,3975 3466,3975 3465,3975 3463,3977 3463,3981 3462,3982 3462,3983 3462,3983 3461,3983 3458,3986 3458,3987 3458,3987 3453,3987 3450,3990 3450,3991 3450,3991 2332,3991 2329,3994 2329,3995 2329,3995 2298,3995 2297,3996 2297,3999 2297,3999 2296,3999 2295,4000 1031,4000 1030,4001 1030,4051 1030,4051"/><TextEquiv index="1"><Unicode>contiennent des nouvelles de ma mère.</Unicode></TextEquiv></TextLine><TextLine id="r0_l016"><Coords points="1365,4246 1363,4245 1363,4236 1362,4234 1361,4234 1359,4233 1359,4199 1359,4198 1357,4198 1355,4197 1355,4196 1354,4194 1034,4194 1033,4195 1033,4209 1032,4210 1027,4210 1025,4209 1025,4191 1025,4190 867,4190 866,4191 866,4245 865,4246 828,4246 826,4245 826,4244 825,4242 824,4242 822,4241 822,4191 822,4190 705,4190 703,4189 703,4188 702,4186 628,4186 627,4187 627,4218 627,4218 621,4218 620,4218 620,4217 618,4214 617,4214 615,4213 615,4187 615,4186 574,4186 572,4188 572,4189 571,4190 569,4190 568,4190 568,4189 566,4186 514,4186 512,4185 512,4184 511,4182 481,4182 383,4182 381,4184 381,4185 380,4186 367,4186 365,4185 365,4172 367,4170 368,4170 369,4169 369,4168 371,4166 380,4166 381,4165 381,4156 383,4154 384,4154 385,4153 385,4144 387,4142 388,4142 389,4141 389,4128 390,4127 391,4127 393,4125 393,4124 394,4123 395,4123 397,4121 397,4116 398,4115 399,4115 401,4113 401,4096 402,4095 403,4095 404,4094 404,4083 405,4082 405,4080 406,4079 407,4079 408,4078 408,4070 409,4069 409,4068 410,4067 411,4067 412,4066 412,4054 413,4053 413,4052 414,4051 415,4051 421,4045 421,4044 422,4043 435,4043 439,4047 523,4047 524,4049 524,4050 526,4051 527,4051 528,4053 528,4103 529,4103 551,4103 552,4105 552,4106 553,4106 561,4106 562,4107 563,4107 564,4109 564,4110 566,4111 567,4111 568,4113 568,4118 570,4119 571,4119 572,4121 572,4166 573,4166 698,4166 699,4165 699,4061 701,4059 702,4059 703,4058 703,4053 705,4051 718,4051 719,4053 719,4078 721,4079 722,4079 723,4081 723,4106 724,4106 1009,4106 1009,4106 1009,4057 1011,4055 1012,4055 1013,4054 1013,4053 1015,4051 1036,4051 1037,4053 1037,4055 1038,4055 1147,4055 1148,4057 1148,4058 1149,4058 1150,4059 1151,4059 1152,4061 1152,4106 1153,4106 1205,4106 1206,4107 1207,4107 1208,4109 1208,4110 1209,4110 1339,4110 1339,4110 1339,4109 1342,4106 1343,4106 1343,4106 1343,4105 1345,4103 1354,4103 1355,4105 1355,4106 1356,4106 1357,4106 1359,4109 1359,4110 1360,4110 1376,4110 1377,4111 1378,4111 1379,4113 1379,4114 1380,4114 1381,4114 1383,4117 1383,4118 1384,4118 1385,4118 1387,4121 1387,4142 1388,4142 1419,4142 1419,4142 1419,4068 1420,4067 1426,4067 1426,4068 1426,4069 1429,4071 1430,4071 1430,4072 1430,4073 1433,4075 1438,4075 1438,4076 1438,4077 1441,4079 1442,4079 1442,4080 1442,4081 1444,4082 1523,4082 1524,4083 1526,4083 1526,4084 1526,4138 1527,4138 1578,4138 1578,4138 1578,4136 1580,4134 1581,4134 1582,4133 1582,4132 1583,4131 1584,4131 1584,4131 1586,4129 1586,4128 1587,4127 1588,4127 1589,4126 1589,4122 1590,4121 1590,4120 1591,4119 1592,4119 1594,4117 1594,4116 1595,4115 1596,4115 1598,4113 1598,4112 1599,4111 1604,4111 1606,4109 1606,4108 1607,4107 1608,4107 1609,4106 1665,4106 1665,4106 1665,4061 1667,4059 1668,4059 1669,4058 1669,4057 1671,4055 1680,4055 1681,4054 1681,4053 1683,4051 1736,4051 1736,4052 1736,4053 1737,4053 1739,4055 1740,4055 1741,4057 1741,4082 1743,4083 1744,4083 1745,4085 1745,4106 1746,4106 2007,4106 2007,4106 2007,4089 2009,4087 2010,4087 2011,4086 2011,4077 2013,4075 2014,4075 2015,4074 2015,4061 2017,4059 2018,4059 2019,4058 2019,4057 2021,4055 2022,4055 2022,4055 2023,4054 2023,4053 2025,4051 2030,4051 2031,4053 2031,4054 2033,4055 2034,4055 2035,4057 2035,4058 2037,4059 2038,4059 2039,4061 2039,4062 2041,4063 2042,4063 2043,4065 2043,4070 2045,4071 2046,4071 2047,4073 2047,4078 2049,4079 2050,4079 2051,4081 2051,4086 2053,4087 2054,4087 2055,4089 2055,4090 2056,4090 2057,4090 2059,4093 2059,4102 2060,4102 2183,4102 2184,4103 2245,4103 2246,4105 2246,4106 2247,4106 2255,4106 2256,4107 2257,4107 2258,4109 2258,4110 2260,4111 2265,4111 2266,4113 2266,4114 2268,4115 2269,4115 2270,4117 2270,4118 2272,4119 2273,4119 2273,4120 2273,4121 2274,4122 2274,4130 2275,4130 2276,4130 2277,4132 2277,4133 2278,4134 2278,4158 2279,4158 2393,4158 2393,4158 2393,4156 2395,4154 2433,4154 2433,4154 2433,4116 2435,4114 2436,4114 2436,4114 2437,4113 2437,4112 2438,4111 2439,4111 2441,4109 2441,4108 2442,4107 2443,4107 2445,4105 2445,4104 2446,4103 2447,4103 2448,4102 2448,4086 2449,4085 2449,4084 2450,4083 2451,4083 2452,4082 2452,4074 2453,4073 2453,4072 2454,4071 2455,4071 2457,4069 2457,4068 2458,4067 2459,4067 2461,4065 2461,4064 2462,4063 2463,4063 2465,4061 2465,4060 2466,4059 2467,4059 2469,4057 2469,4056 2470,4055 2471,4055 2473,4053 2473,4052 2474,4051 2479,4051 2480,4050 2480,4049 2482,4047 2487,4047 2488,4046 2488,4045 2490,4043 2503,4043 2504,4045 2504,4046 2505,4047 2506,4047 2507,4047 2508,4049 2508,4054 2510,4055 2511,4055 2512,4056 2635,4056 2635,4056 2635,4053 2637,4051 2658,4051 2660,4053 2783,4053 2783,4053 2783,4052 2784,4051 2789,4051 2791,4049 2791,4048 2792,4047 2817,4047 2819,4050 2819,4051 2820,4051 2976,4051 2978,4049 2978,4048 2979,4047 2984,4047 2985,4046 2985,4045 2987,4043 2996,4043 2997,4045 2997,4046 2999,4047 3008,4047 3009,4049 3009,4054 3011,4055 3012,4055 3013,4057 3013,4106 3014,4106 3184,4106 3184,4106 3184,4105 3187,4102 3188,4102 3188,4102 3188,4101 3190,4099 3275,4099 3276,4101 3276,4102 3278,4103 3415,4103 3415,4103 3415,4060 3416,4059 3422,4059 3422,4059 3422,4058 3429,4051 3438,4051 3438,4052 3438,4053 3439,4053 3441,4055 3442,4055 3442,4056 3442,4057 3443,4058 3443,4062 3445,4063 3446,4063 3446,4064 3446,4065 3447,4066 3447,4090 3448,4090 3464,4090 3465,4091 3466,4091 3466,4092 3466,4094 3465,4095 3452,4095 3451,4096 3451,4180 3450,4181 3450,4182 3450,4182 3449,4182 3446,4185 3446,4186 3446,4186 3445,4186 3442,4189 3442,4190 3442,4190 3206,4190 3204,4192 3204,4193 3203,4194 3198,4194 3196,4193 3196,4192 3195,4190 2868,4190 2866,4192 2866,4193 2865,4194 2824,4194 2822,4193 2822,4192 2821,4190 2430,4190 2429,4190 2429,4189 2428,4188 2428,4167 2428,4166 2278,4166 2277,4167 2277,4170 2277,4170 2276,4170 2274,4172 2274,4176 2273,4177 2273,4178 2273,4178 2272,4178 2269,4181 2269,4182 2269,4182 2268,4182 2267,4183 2265,4185 2265,4186 2265,4186 2264,4186 2261,4189 2261,4190 2261,4190 2248,4190 2245,4193 2245,4194 2245,4194 2060,4194 2059,4195 2059,4213 2058,4214 2057,4214 2056,4215 2055,4216 2055,4217 2054,4218 2053,4218 2052,4219 2051,4220 2051,4221 2050,4222 2049,4222 2046,4220 2046,4219 2046,4218 2045,4218 2043,4217 2043,4199 2043,4198 2021,4198 2019,4197 2019,4196 2018,4194 2017,4194 2016,4194 2015,4193 2015,4192 2014,4190 1890,4190 1888,4192 1888,4193 1887,4194 1794,4194 1793,4194 1793,4193 1791,4190 1636,4190 1632,4194 1607,4194 1606,4194 1606,4193 1604,4190 1599,4190 1598,4190 1598,4189 1598,4188 1596,4186 1595,4186 1594,4186 1594,4185 1592,4182 1591,4182 1590,4182 1590,4181 1588,4178 1587,4178 1586,4178 1586,4176 1585,4175 1585,4168 1584,4166 1583,4166 1582,4166 1582,4164 1582,4163 1561,4163 1560,4162 1384,4162 1383,4163 1383,4189 1382,4190 1377,4190 1375,4192 1375,4193 1374,4194 1369,4194 1367,4196 1367,4245 1366,4246"/><TextEquiv index="1"><Unicode>Ah! puiſſent - elles être ſatisfaiſantes!</Unicode></TextEquiv></TextLine><TextLine id="r0_l017"><Coords points="711,4444 710,4444 710,4386 710,4385 398,4385 397,4386 397,4404 396,4405 395,4405 391,4409 386,4409 385,4410 385,4411 383,4413 375,4413 373,4412 373,4386 373,4385 367,4385 365,4384 365,4383 364,4382 364,4381 363,4381 361,4380 361,4379 363,4377 364,4377 365,4376 365,4256 371,4250 574,4250 576,4248 576,4247 577,4246 702,4246 703,4245 703,4244 705,4242 734,4242 735,4244 735,4245 737,4246 738,4246 738,4247 738,4248 741,4250 742,4250 743,4252 743,4301 744,4301 909,4301 910,4300 910,4299 911,4298 912,4298 913,4297 916,4297 918,4300 918,4301 919,4301 1112,4301 1112,4301 1112,4256 1114,4254 1119,4254 1120,4253 1120,4252 1122,4250 1183,4250 1184,4252 1184,4253 1185,4253 1186,4254 1187,4254 1188,4256 1188,4305 1189,4305 1585,4305 1585,4305 1585,4265 1586,4264 1586,4263 1587,4262 1588,4262 1590,4260 1590,4259 1591,4258 1759,4258 1761,4256 1761,4255 1762,4254 1796,4254 1796,4254 1796,4252 1798,4250 1803,4250 1804,4249 1804,4248 1806,4246 1819,4246 1821,4249 1821,4250 1822,4250 1911,4250 1912,4252 1912,4253 1913,4254 1914,4254 1915,4254 1916,4256 1916,4261 1918,4262 1919,4262 1920,4264 1920,4305 1921,4305 2146,4305 2146,4305 2146,4304 2149,4301 2436,4301 2436,4301 2436,4257 2437,4256 2437,4255 2438,4254 2439,4254 2441,4252 2441,4251 2442,4250 2455,4250 2456,4249 2456,4248 2458,4246 2460,4246 2460,4247 2460,4248 2463,4250 2464,4250 2464,4251 2464,4301 2465,4301 2937,4301 2937,4301 2937,4253 2938,4252 2938,4251 2939,4250 2948,4250 2950,4248 2950,4247 2951,4246 2965,4246 2965,4247 2965,4248 2966,4248 2968,4250 2969,4250 2969,4251 2969,4301 2970,4301 3462,4301 3462,4301 3462,4288 3464,4286 3465,4286 3466,4285 3468,4285 3469,4286 3470,4286 3470,4287 3470,4288 3471,4289 3471,4365 3472,4365 3473,4365 3474,4367 3474,4379 3475,4380 3475,4381 3476,4381 3477,4381 3478,4383 3478,4384 3479,4385 3479,4386 3478,4387 3478,4388 3477,4389 3476,4389 3475,4390 3475,4391 3474,4392 3474,4416 3473,4417 3469,4417 3466,4415 3466,4410 3466,4409 3465,4409 3462,4407 3462,4406 3462,4405 3457,4405 3454,4403 3454,4402 3454,4401 3445,4401 3441,4397 3440,4397 3439,4397 3439,4394 3439,4393 2609,4393 2608,4394 2608,4395 2606,4397 2602,4397 2599,4395 2599,4394 2599,4393 2164,4393 2162,4395 2162,4396 2161,4397 2113,4397 2110,4395 2110,4394 2110,4393 1778,4393 1777,4394 1777,4395 1776,4396 1776,4397 1776,4397 1667,4397 1665,4399 1665,4400 1664,4401 1659,4401 1657,4400 1657,4399 1656,4397 1655,4397 1653,4396 1653,4394 1653,4393 1321,4393 1319,4395 1319,4396 1318,4397 1245,4397 1244,4397 1244,4396 1243,4395 1243,4394 1243,4393 1059,4393 1057,4392 1057,4391 1056,4389 732,4389 731,4390 731,4444 731,4444"/><TextEquiv index="1"><Unicode>Puiſſent-elles m'offrir une lueur de con-</Unicode></TextEquiv></TextLine><TextLine id="r0_l018"><Coords points="371,4588 369,4587 369,4586 368,4585 368,4584 367,4584 365,4583 365,4566 367,4564 368,4564 369,4563 369,4498 371,4496 372,4496 373,4495 373,4490 375,4488 376,4488 377,4487 377,4482 379,4480 380,4480 381,4479 381,4438 382,4437 384,4437 385,4436 386,4437 432,4437 433,4439 433,4440 435,4441 547,4441 548,4443 548,4444 549,4444 732,4444 733,4445 734,4445 735,4447 735,4500 736,4500 781,4500 783,4503 783,4504 784,4504 985,4504 985,4504 985,4463 988,4460 989,4460 989,4460 989,4459 992,4456 1007,4456 1008,4457 1009,4457 1009,4458 1009,4463 1012,4465 1013,4465 1013,4466 1013,4583 1012,4584 1011,4584 1009,4586 1009,4587 1008,4588"/><TextEquiv index="1"><Unicode>ſolation!</Unicode></TextEquiv></TextLine><TextLine id="r0_l019"><Coords points="382,4807 3487,4807 3487,5034 382,5034"/><TextEquiv index="1"><Unicode>e</Unicode></TextEquiv></TextLine><TextLine id="r0_l020"><Coords points="573,5173 3269,5173 3269,5380 573,5380"/><TextEquiv index="1"><Unicode>Dumoulin, à Céſar de Perlencour.</Unicode></TextEquiv></TextLine><TextLine id="r0_l021"><Coords points="2489,5507 3165,5507 3165,5670 2489,5670"/><TextEquiv index="1"><Unicode>Lyon.</Unicode></TextEquiv></TextLine><TextLine id="r0_l022"><Coords points="2081,6067 2079,6066 2079,6020 2079,6019 1897,6019 1896,6019 1896,6018 1894,6015 1707,6015 1703,6011 1388,6011 1387,6011 1387,6010 1385,6007 1241,6007 1240,6007 1240,6006 1238,6003 541,6003 540,6003 540,6002 538,5999 502,5999 500,5998 500,5997 500,5996 499,5996 496,5994 496,5993 496,5992 495,5992 494,5991 490,5991 488,5990 488,5989 488,5988 487,5988 486,5987 482,5987 480,5986 480,5985 480,5984 479,5984 476,5982 476,5981 476,5980 471,5980 468,5978 468,5977 468,5976 463,5976 460,5974 460,5973 460,5972 451,5972 448,5970 448,5969 448,5968 447,5968 444,5966 444,5965 444,5964 443,5964 440,5962 440,5961 440,5960 439,5960 436,5958 436,5957 436,5956 435,5956 432,5954 432,5953 432,5952 427,5952 424,5950 424,5933 424,5932 423,5932 420,5930 420,5929 420,5928 419,5928 416,5926 416,5925 416,5924 415,5924 412,5922 412,5913 412,5912 411,5912 408,5910 408,5909 408,5908 407,5908 405,5907 405,5906 404,5905 404,5897 404,5896 403,5896 401,5895 401,5887 400,5886 400,5885 400,5884 399,5884 397,5883 397,5818 397,5817 114,5817 113,5816 112,5816 110,5815 110,5811 113,5808 397,5808 397,5808 397,5702 397,5701 374,5701 373,5701 373,5699 375,5697 408,5697 408,5697 408,5696 409,5695 409,5694 410,5693 424,5693 424,5693 424,5692 427,5689 432,5689 432,5689 432,5680 435,5677 439,5677 440,5679 440,5680 441,5681 441,5717 442,5717 559,5717 559,5718 559,5719 562,5721 583,5721 583,5722 583,5723 584,5724 584,5725 585,5725 599,5725 599,5726 599,5727 600,5728 600,5729 601,5729 614,5729 616,5732 616,5733 617,5733 622,5733 624,5736 624,5737 625,5737 630,5737 632,5740 632,5741 633,5741 634,5741 635,5743 635,5748 637,5749 638,5749 639,5751 639,5832 640,5832 2789,5832 2790,5834 2790,5835 2791,5836 2791,5860 2792,5860 3187,5860 3188,5862 3188,5863 3190,5864 3191,5864 3192,5866 3192,5880 3193,5880 3478,5880 3478,5881 3478,5882 3479,5883 3479,5900 3480,5900 3481,5900 3482,5902 3482,5903 3483,5904 3483,5952 3482,5953 3482,5983 3482,5983 3481,5983 3478,5986 3478,5991 3478,5991 3473,5991 3470,5994 3470,5995 3470,5995 3465,5995 3462,5998 3462,5999 3462,5999 3457,5999 3454,6002 3454,6003 3454,6003 3185,6003 3184,6004 3184,6026 3183,6027 3182,6027 3180,6029 3180,6038 3179,6039 3178,6039 3176,6041 3176,6042 3175,6043 3174,6043 3172,6045 3172,6046 3171,6047 3066,6047 3065,6048 3065,6057 3065,6057 2124,6057 2123,6058 2123,6060 2122,6061 2122,6062 2121,6063 2120,6063 2119,6064 2119,6065 2117,6067"/><TextEquiv index="1"><Unicode>esr de ta mère qu'il faut que je te</Unicode></TextEquiv></TextLine><TextLine id="r0_l023"><Coords points="2395,6266 2393,6265 2393,6264 2392,6262 2391,6262 2389,6261 2389,6236 2388,6234 2382,6234 2381,6234 2381,6215 2381,6214 2255,6214 2254,6214 2254,6213 2253,6212 2253,6211 2253,6210 2044,6210 2043,6211 2043,6233 2042,6234 2041,6234 2039,6236 2039,6241 2038,6242 2033,6242 2031,6244 2031,6245 2030,6246 2021,6246 2019,6248 2019,6249 2018,6250 2009,6250 2007,6249 2007,6248 2007,6247 2006,6246 2005,6246 2003,6245 2003,6219 2003,6218 1914,6218 1912,6216 1793,6216 1792,6217 1792,6234 1792,6234 1786,6234 1784,6233 1784,6219 1784,6218 1723,6218 1721,6217 1721,6216 1720,6214 1683,6214 1681,6213 1681,6212 1680,6210 1480,6210 1478,6209 1478,6208 1477,6206 1369,6206 1367,6205 1367,6203 1367,6202 1301,6202 1299,6201 1299,6200 1298,6198 1070,6198 1069,6199 1069,6217 1068,6218 1026,6218 1025,6219 1025,6225 1024,6226 1019,6226 1017,6225 1017,6195 1017,6194 1015,6194 1013,6193 1013,6192 1012,6190 823,6190 822,6191 822,6209 821,6210 820,6210 818,6212 818,6213 817,6214 812,6214 810,6216 810,6217 809,6218 804,6218 802,6220 802,6221 801,6222 796,6222 794,6221 794,6220 793,6218 788,6218 786,6217 786,6191 786,6190 709,6190 705,6186 701,6186 697,6182 489,6182 488,6183 488,6241 488,6241 485,6241 484,6241 484,6183 484,6182 442,6182 441,6183 441,6231 440,6232 440,6233 439,6234 438,6234 437,6235 437,6236 435,6238 391,6238 389,6237 389,6228 391,6226 392,6226 392,6226 392,6225 395,6222 397,6222 397,6222 397,6104 398,6103 399,6103 401,6101 401,6100 402,6099 403,6099 405,6097 405,6096 406,6095 428,6095 428,6096 428,6097 431,6099 635,6099 635,6099 635,6053 637,6051 638,6051 639,6050 639,6050 639,6049 641,6047 642,6047 643,6046 643,6045 645,6043 658,6043 659,6045 659,6050 661,6051 662,6051 663,6053 663,6058 665,6059 666,6059 667,6060 667,6061 667,6062 669,6063 670,6063 671,6065 671,6103 672,6103 734,6103 735,6105 735,6106 737,6107 945,6107 945,6108 945,6109 948,6111 1004,6111 1005,6113 1005,6114 1006,6114 1007,6114 1008,6115 1144,6115 1144,6116 1144,6117 1147,6119 1359,6119 1359,6119 1359,6081 1361,6079 1362,6079 1363,6078 1363,6077 1365,6075 1366,6075 1367,6074 1367,6073 1369,6071 1386,6071 1387,6073 1387,6123 1388,6123 1494,6123 1494,6124 1494,6125 1496,6126 1575,6126 1576,6127 1577,6127 1578,6129 1578,6130 1579,6130 1900,6130 1900,6130 1900,6092 1901,6091 1902,6091 1904,6089 1904,6076 1905,6075 1923,6075 1923,6076 1923,6077 1924,6078 1926,6079 1927,6079 1928,6081 1928,6091 1929,6091 1931,6091 1931,6092 1931,6093 1932,6094 1932,6190 1933,6190 2154,6190 2154,6190 2154,6169 2157,6166 2158,6166 2158,6166 2158,6157 2161,6154 2162,6154 2162,6154 2162,6153 2165,6150 2166,6150 2166,6150 2166,6149 2169,6146 2170,6146 2170,6146 2170,6145 2173,6142 2174,6142 2174,6142 2174,6105 2176,6103 2177,6103 2178,6102 2178,6101 2180,6099 2181,6099 2181,6099 2182,6098 2182,6097 2184,6095 2185,6095 2185,6095 2186,6094 2186,6093 2188,6091 2197,6091 2198,6090 2198,6089 2200,6087 2209,6087 2210,6089 2210,6090 2212,6091 2221,6091 2223,6093 2405,6093 2409,6089 2409,6088 2410,6087 2428,6087 2428,6088 2428,6089 2431,6091 2432,6091 2432,6092 2432,6093 2433,6094 2433,6123 2434,6123 2618,6123 2620,6121 2620,6120 2621,6119 2622,6119 2623,6118 2726,6118 2727,6117 2727,6116 2728,6115 3045,6115 3045,6115 3045,6069 3047,6067 3048,6067 3049,6066 3049,6061 3051,6059 3056,6059 3058,6057 3065,6057 3067,6059 3068,6059 3069,6061 3069,6066 3071,6067 3072,6067 3073,6069 3073,6107 3074,6107 3227,6107 3228,6109 3228,6111 3229,6111 3259,6111 3259,6111 3259,6075 3260,6074 3260,6073 3262,6071 3263,6071 3263,6071 3263,6070 3264,6069 3264,6064 3265,6063 3287,6063 3287,6064 3287,6065 3292,6070 3292,6074 3294,6075 3295,6075 3295,6076 3295,6077 3296,6078 3296,6111 3297,6111 3442,6111 3443,6113 3443,6114 3445,6115 3446,6115 3446,6116 3446,6117 3449,6119 3454,6119 3454,6120 3454,6121 3457,6123 3458,6123 3458,6124 3458,6125 3461,6127 3462,6127 3462,6128 3462,6129 3463,6130 3463,6134 3465,6135 3466,6135 3466,6136 3466,6137 3467,6138 3467,6150 3469,6151 3470,6151 3470,6152 3470,6157 3472,6158 3473,6158 3474,6160 3474,6169 3476,6170 3477,6170 3478,6172 3478,6185 3480,6186 3501,6186 3502,6188 3502,6194 3502,6194 3497,6194 3494,6197 3494,6198 3494,6198 3485,6198 3478,6205 3478,6206 3478,6206 3472,6206 3471,6206 3471,6205 3469,6202 3221,6202 3220,6203 3220,6237 3219,6238 3214,6238 3212,6237 3212,6199 3212,6198 2907,6198 2906,6199 2906,6253 2905,6254 2900,6254 2898,6256 2898,6257 2897,6258 2876,6258 2874,6257 2874,6256 2874,6255 2873,6254 2872,6254 2870,6253 2870,6252 2870,6251 2869,6250 2868,6250 2866,6249 2866,6207 2866,6206 2737,6206 2734,6204 2734,6203 2734,6202 2506,6202 2504,6204 2504,6205 2503,6206 2498,6206 2496,6208 2496,6209 2495,6210 2422,6210 2421,6211 2421,6236 2420,6237 2420,6238 2420,6238 2419,6238 2417,6240 2417,6244 2397,6264 2397,6265 2396,6266"/><TextEquiv index="1"><Unicode>parle, mon cher ami, &amp; je ne puis t'en</Unicode></TextEquiv></TextLine><TextLine id="r0_l024"><Coords points="2243,6475 2242,6475 2242,6458 2242,6457 1475,6457 1474,6458 1474,6460 1473,6461 1472,6461 1470,6463 1470,6464 1469,6465 1461,6465 1458,6463 1458,6462 1458,6461 1441,6461 1438,6459 1438,6458 1438,6457 1437,6457 1435,6456 1435,6422 1435,6421 999,6421 997,6420 997,6419 996,6417 995,6417 993,6416 993,6394 993,6393 896,6393 893,6391 893,6390 893,6389 852,6389 850,6388 850,6386 850,6385 816,6385 814,6384 814,6383 813,6381 410,6381 409,6381 409,6380 407,6377 398,6377 397,6377 397,6372 395,6369 394,6369 393,6369 393,6367 395,6365 396,6365 396,6365 396,6364 397,6363 397,6299 398,6298 403,6298 405,6296 405,6295 406,6294 419,6294 420,6293 420,6292 422,6290 472,6290 472,6290 472,6248 474,6246 475,6246 476,6245 476,6244 478,6242 483,6242 484,6241 489,6241 490,6242 495,6242 496,6244 496,6245 498,6246 499,6246 500,6248 500,6250 501,6250 861,6250 862,6252 862,6253 864,6254 909,6254 909,6255 909,6256 912,6258 913,6258 913,6259 913,6260 914,6261 914,6262 915,6262 3033,6262 3033,6262 3033,6260 3035,6258 3446,6258 3446,6258 3446,6257 3447,6256 3447,6255 3448,6254 3449,6254 3449,6254 3451,6252 3451,6251 3452,6250 3458,6250 3458,6251 3458,6252 3461,6254 3470,6254 3470,6255 3470,6256 3471,6256 3473,6258 3474,6258 3474,6259 3474,6361 3475,6361 3477,6361 3479,6364 3479,6365 3480,6365 3481,6365 3482,6367 3482,6372 3484,6373 3485,6373 3486,6375 3486,6397 3487,6397 3493,6397 3494,6399 3494,6404 3493,6405 3492,6405 3490,6407 3490,6408 3489,6409 2688,6409 2687,6410 2687,6448 2686,6449 2681,6449 2679,6451 2679,6452 2678,6453 2669,6453 2667,6455 2667,6456 2666,6457 2251,6457 2250,6458 2250,6475 2250,6475"/><TextEquiv index="1"><Unicode>rien dire de poſitif. On a ſi bien étouffé</Unicode></TextEquiv></TextLine><TextLine id="r0_l025"><Coords points="2730,6660 2729,6659 2728,6659 2727,6659 2727,6658 2725,6655 2724,6655 2723,6655 2723,6653 2723,6652 1233,6652 1232,6653 1232,6658 1232,6658 1222,6658 1220,6657 1220,6642 1220,6641 589,6641 588,6641 588,6613 588,6612 415,6612 413,6611 413,6610 412,6609 412,6570 409,6567 409,6563 408,6562 408,6561 408,6560 407,6560 405,6559 405,6558 404,6557 404,6550 399,6544 398,6544 397,6544 397,6542 396,6541 396,6540 397,6539 397,6538 399,6536 400,6536 400,6536 400,6516 401,6515 401,6514 403,6512 404,6512 405,6511 405,6510 407,6508 408,6508 408,6508 409,6507 409,6506 411,6504 412,6504 413,6503 413,6502 415,6500 416,6500 416,6500 416,6499 419,6496 420,6496 420,6496 420,6495 423,6492 436,6492 436,6492 436,6491 439,6488 571,6488 572,6487 572,6486 572,6485 248,6485 246,6484 246,6482 248,6480 1144,6480 1144,6480 1144,6463 1146,6461 1155,6461 1156,6460 1156,6459 1158,6457 1168,6457 1168,6458 1168,6461 1169,6461 1211,6461 1212,6463 1212,6464 1213,6464 1214,6464 1216,6467 1216,6468 1217,6468 1218,6468 1220,6471 1220,6472 1221,6472 2865,6472 2869,6468 2989,6468 2989,6468 2989,6467 2991,6465 2996,6465 2997,6464 2997,6463 2999,6461 3004,6461 3005,6460 3005,6459 3007,6457 3008,6457 3009,6456 3010,6456 3011,6457 3013,6457 3013,6458 3013,6461 3014,6461 3060,6461 3061,6463 3061,6464 3062,6464 3063,6464 3064,6465 3390,6465 3391,6467 3391,6472 3392,6472 3393,6472 3395,6475 3395,6508 3396,6508 3445,6508 3447,6511 3447,6512 3448,6512 3461,6512 3463,6515 3463,6516 3464,6516 3465,6516 3466,6518 3466,6523 3468,6524 3469,6524 3470,6526 3470,6527 3471,6528 3471,6568 3472,6568 3474,6568 3474,6569 3474,6578 3481,6584 3482,6584 3482,6585 3482,6587 3481,6588 3480,6588 3478,6590 3478,6599 3477,6600 3476,6600 3475,6601 3475,6602 3473,6604 3030,6604 3029,6605 3029,6615 3028,6616 2768,6616 2767,6617 2767,6654 2765,6656 2764,6656 2763,6657 2763,6658 2762,6659 2761,6659 2760,6660"/><TextEquiv index="1"><Unicode>cette malheureuſe affaire, qu'elle n'a</Unicode></TextEquiv></TextLine><TextLine id="r0_l026"><Coords points="620,6870 619,6869 619,6864 618,6863 618,6858 617,6857 617,6853 616,6852 616,6847 615,6846 615,6841 614,6840 614,6836 614,6835 408,6835 407,6834 406,6834 405,6834 405,6833 403,6830 402,6830 401,6830 401,6829 400,6828 400,6705 399,6703 398,6703 397,6703 397,6701 399,6699 400,6699 401,6698 401,6693 403,6691 404,6691 404,6691 404,6690 407,6687 583,6687 583,6687 583,6651 584,6650 584,6649 585,6648 586,6648 587,6647 587,6643 589,6641 664,6641 667,6645 667,6646 674,6652 3303,6652 3304,6654 3304,6655 3305,6655 3309,6655 3310,6656 3311,6656 3311,6657 3311,6687 3312,6687 3537,6687 3538,6689 3538,6898 3539,6898 3597,6898 3597,6899 3597,6900 3598,6901 3598,6904 3597,6905 3597,6906 3597,6906 907,6906 906,6907"/><TextEquiv index="1"><Unicode>point percé dans le Public. On dit ſeule-</Unicode></TextEquiv></TextLine></TextRegion></Page></PcGts>