4266 8179
345 968 3358 1176 me ſuis remis entre les mains d'un très-
315 1172 3315 1369 habile homme, qui me répond d'épurer
341 1365 3473 1568 mon ſang, & de me rendre une par-
334 1557 3316 1757 faite ſanté, dans le terme d'un mois.
245 1742 3316 1948 C'eſt ainſi que je tire parti de mon ſé-
334 1946 3319 2145 jour à la Cour; & c'eſt-là ce qui m'at-
337 2138 3316 2342 tache encore pour trois ſemaines dans ce
307 2336 874 2532 pays-ci.
507 2530 3354 2731 Je ſuis auſſi très-inquiet ſur ton compte.
314 2711 3308 2921 Je viens de recevoir ta dernière lettre,
268 2915 3304 3304 uimon cn eteit eun ſn ſee ieu aéeie
299 3300 3304 3491 ment attaqué? Aurois-je eu le malheur
307 3485 3300 3677 d'y contribuer par les fatigues que je t'ai
303 3677 3300 3877 cauſées! Quoi! le monſtre vivroit, &
307 3869 3427 4076 l'homme bienfaiſant ſuccomberoit......
311 4065 3462 4254 Et mon ami Touſſaint, je ſuis auſſi in-
311 4258 3300 4459 quiet ſur ton compte; mais ma mère,
114 4454 3596 4839 uol e ' leouee eierrepa laiſſn
303 4823 3281 5032 de ma mère? Ah! cherche-la, mon bon
299 5031 2854 5229 ami, donne-moi de ſes nouvelles.
345 5227 3285 5425 Mais, puiſque l'on n'a fait aucune
149 5420 3281 5605 pourſuite, touchant mon abominable
284 5612 3581 5812 attentat, qu'eſt-ce donc qui peut m'em-
183 5797 3281 6005 pêcher de retourner en France? Pourquoi
284 5993 3277 6202 ne pas voler ſur - le - champ, auprès de
295 6185 3273 6386 toi, d'abord pour te rendre les ſoins que
299 6385 3285 6590 tu m'as prodigués, enſuite pour chercher
