4266 8163
1640 766 2240 954 Ce.
300 984 3518 1202 être guères mieux, à cet égard, que les
552 1197 3586 1396 tripots. On vous fait payer bien cher
548 1392 3529 1587 quelques ſoupers qu'on vous donne. On
545 1579 3834 1784 vous gagne votre argent. Les femmes
545 1777 3525 1976 ſur-tout trichent effrontément, ſans qu'on
239 1968 3522 2167 ait le droit de ſe plaindre. D'ailleurs,
537 2160 3529 2362 elles ne ſe contentent pas de convoiter
308 2350 3529 2557 & de vuider ma bourſe, elles ont des
537 2541 3873 2739 prétentions à mon cœur. Je me vois
541 2739 3537 2935 menacé d'un tas de bonnes fortunes,
419 2931 3552 3125 qui m'effarouchent, & qui finiroient peut-
545 3117 3548 3310 être par quelque coup de couteau. On
545 3300 3537 3497 m'aſſure que j'ai fait des conquêtes; elles
236 3495 3689 3687 n'ont pas ranimé la ſérénité de mon ame.
541 3685 3541 3881 J'ai gémi en ſecret au milieu des fêtes,
545 3876 3247 4090 des plaiſirs, & des jolies femmes.
548 4282 3816 4504 Oe
405 4683 3346 4925 Céſar de Perlencour, à Dumoulin.
549 5086 3541 5410 Avant appris que tu te portois
423 5399 3773 5587 mieux, mon cher ami, & me ſentant
449 5586 3636 5796 plus tranquille ſur ton compte, l'envie
247 5781 3701 6002 m'a pris de voir la Grande Chartreuſe,
564 5968 3674 6178 en revenant en France, & d'y faire quel-
560 6166 3792 6376 ques jours de retraite, pour purifier mon
560 6357 3632 6567 cœur dans ce ſaint azile, & pour y calmer
