<PcGts xmlns="http://schema.primaresearch.org/PAGE/gts/pagecontent/2017-07-15" xmlns:xsi="http://www.w3.org/2001/XMLSchema-instance" xsi:schemaLocation="http://schema.primaresearch.org/PAGE/gts/pagecontent/2017-07-15 http://schema.primaresearch.org/PAGE/gts/pagecontent/2017-07-15/pagecontent.xsd"><Metadata><Creator>User123</Creator><Created>2020-10-15T18:12:22</Created><LastChange>2020-10-15T18:12:22</LastChange></Metadata><Page imageFilename="0150.png" imageHeight="8261" imageWidth="4266"><TextRegion id="r0" type="paragraph" orientation="-0.0"><Coords points="1,1 4264,1 4264,8259 1,8259"/><TextLine id="r0_l001"><Coords points="3722,587 3991,587 3991,739 3722,739"/><TextEquiv index="1"><Unicode></Unicode></TextEquiv></TextLine><TextLine id="r0_l002"><Coords points="1769,719 2268,719 2268,922 1769,922"/><TextEquiv index="1"><Unicode>i</Unicode></TextEquiv></TextLine><TextLine id="r0_l003"><Coords points="544,957 3547,957 3547,1158 544,1158"/><TextEquiv index="1"><Unicode>crois, entrer chez les Chartreux; mais</Unicode></TextEquiv></TextLine><TextLine id="r0_l004"><Coords points="3142,1355 3141,1355 3141,1299 3141,1298 2956,1298 2955,1299 2955,1348 2955,1348 2954,1348 2953,1349 2923,1349 2922,1348 2921,1348 2920,1348 2920,1347 2919,1345 2918,1345 2916,1344 2916,1295 2916,1294 2510,1294 2507,1297 2507,1298 2507,1298 2420,1298 2418,1297 2418,1296 2417,1294 2238,1294 2235,1297 2235,1298 2235,1298 1980,1298 1979,1299 1979,1309 1978,1310 1973,1310 1971,1309 1971,1299 1971,1298 1894,1298 1893,1299 1893,1340 1892,1341 1887,1341 1885,1340 1885,1299 1885,1298 1646,1298 1644,1297 1644,1296 1643,1294 1580,1294 1456,1294 1453,1297 1453,1298 1453,1298 1319,1298 1318,1299 1318,1347 1316,1349 1292,1349 1290,1351 1290,1352 1290,1352 1289,1352 1288,1353 1274,1353 1273,1352 1272,1352 1271,1352 1271,1299 1271,1298 1085,1298 1084,1299 1084,1332 1083,1333 1082,1333 1081,1334 1081,1335 1079,1337 1078,1337 1077,1338 1077,1339 1075,1341 1074,1341 1073,1342 1073,1343 1071,1345 1066,1345 1065,1346 1065,1347 1063,1349 1051,1349 1049,1351 1049,1352 1049,1352 1048,1352 1047,1353 1029,1353 1028,1352 1027,1352 1026,1352 1026,1351 1025,1349 1017,1349 1013,1345 872,1345 870,1344 870,1299 870,1298 622,1298 621,1299 621,1301 620,1302 561,1302 559,1301 559,1300 558,1298 557,1298 555,1297 555,1296 554,1294 553,1294 551,1293 551,1292 550,1290 549,1290 547,1289 547,1288 546,1286 545,1286 544,1286 544,1285 542,1282 541,1282 540,1282 540,1273 539,1271 538,1271 536,1270 536,1257 538,1255 539,1255 540,1254 540,1245 541,1244 542,1244 544,1242 544,1241 545,1240 546,1240 548,1238 548,1237 549,1236 550,1236 551,1235 551,1234 553,1232 554,1232 555,1231 555,1230 557,1228 562,1228 563,1227 563,1226 565,1224 574,1224 575,1223 575,1222 577,1220 776,1220 777,1219 777,1218 779,1216 796,1216 796,1216 796,1199 798,1197 878,1197 878,1197 878,1191 880,1189 881,1189 882,1188 882,1183 883,1182 884,1182 886,1180 886,1179 887,1178 888,1178 889,1177 899,1177 900,1178 901,1178 901,1179 901,1180 903,1181 904,1181 905,1183 905,1216 906,1216 1131,1216 1131,1216 1131,1183 1133,1181 1134,1181 1135,1180 1135,1175 1136,1174 1137,1174 1139,1172 1139,1167 1140,1166 1154,1166 1154,1167 1154,1216 1155,1216 1274,1216 1275,1215 1275,1214 1276,1213 1277,1213 1278,1212 1442,1212 1442,1212 1442,1211 1444,1209 1445,1209 1446,1208 1710,1208 1710,1208 1710,1207 1712,1205 1819,1205 1819,1205 1819,1203 1821,1201 1822,1201 1823,1200 1823,1195 1825,1193 1826,1193 1827,1192 1827,1191 1829,1189 1830,1189 1831,1188 1831,1187 1833,1185 1834,1185 1834,1185 1835,1184 1835,1183 1836,1182 1837,1181 1838,1181 1839,1180 1839,1179 1840,1178 1841,1178 1843,1176 1843,1175 1844,1174 1849,1174 1850,1173 1850,1172 1852,1170 1857,1170 1858,1169 1858,1168 1860,1166 1865,1166 1866,1165 1866,1164 1868,1162 1900,1162 1901,1164 1901,1165 1903,1166 2080,1166 2080,1166 2080,1164 2082,1162 2091,1162 2091,1162 2091,1161 2092,1160 2092,1159 2093,1158 2102,1158 2103,1160 2103,1161 2105,1162 2106,1162 2107,1164 2107,1212 2108,1212 2352,1212 2352,1212 2352,1191 2354,1189 2355,1189 2356,1188 2356,1183 2357,1182 2358,1182 2360,1180 2360,1164 2362,1162 2363,1162 2364,1161 2364,1161 2364,1160 2366,1158 2367,1158 2368,1157 2376,1157 2377,1158 2378,1158 2379,1160 2379,1208 2380,1208 2414,1208 2415,1209 2422,1209 2422,1210 2422,1211 2424,1212 2550,1212 2550,1212 2550,1169 2551,1168 2551,1167 2552,1166 2553,1166 2555,1164 2555,1163 2556,1162 2573,1162 2574,1164 2574,1208 2575,1208 2723,1208 2724,1209 2725,1209 2725,1210 2725,1211 2727,1212 2813,1212 2817,1216 3250,1216 3250,1216 3250,1208 3251,1207 3251,1206 3252,1205 3253,1205 3254,1204 3254,1196 3255,1195 3255,1194 3256,1193 3257,1193 3258,1192 3258,1188 3272,1174 3276,1174 3278,1172 3278,1171 3279,1170 3358,1170 3360,1168 3360,1167 3361,1166 3370,1166 3371,1168 3371,1169 3372,1169 3373,1169 3375,1172 3375,1177 3376,1177 3377,1177 3379,1180 3379,1184 3387,1192 3387,1200 3389,1201 3390,1201 3390,1202 3390,1203 3393,1205 3394,1205 3394,1206 3394,1212 3395,1212 3532,1212 3533,1213 3534,1213 3534,1214 3534,1215 3536,1216 3537,1216 3538,1218 3538,1219 3540,1220 3541,1220 3542,1222 3542,1223 3544,1224 3545,1224 3546,1226 3546,1231 3548,1232 3549,1232 3550,1234 3550,1251 3550,1251 3549,1251 3546,1254 3546,1290 3546,1290 3541,1290 3538,1293 3538,1294 3538,1294 3537,1294 3534,1297 3534,1298 3534,1298 3525,1298 3523,1300 3523,1301 3522,1302 3501,1302 3500,1302 3500,1301 3498,1298 3147,1298 3146,1299 3146,1355 3146,1355"/><TextEquiv index="1"><Unicode>on a jugé que cet Ordre étoit trop auſtère</Unicode></TextEquiv></TextLine><TextLine id="r0_l005"><Coords points="3464,1551 3463,1551 3463,1498 3463,1497 3287,1497 3286,1498 3286,1502 3285,1503 3285,1504 3285,1504 3284,1504 3281,1507 3281,1508 3281,1508 3280,1508 3278,1510 3278,1511 3278,1511 3277,1512 3276,1512 3274,1514 3274,1515 3274,1515 3273,1516 3272,1516 3270,1518 3270,1519 3269,1520 3260,1520 3258,1522 3258,1523 3257,1524 3245,1524 3243,1523 3243,1522 3242,1520 3241,1520 3239,1519 3239,1494 3239,1493 2818,1493 2817,1492 2816,1492 2815,1492 2815,1491 2814,1489 2732,1489 2579,1489 2578,1490 2578,1491 2576,1493 2293,1493 2292,1492 2291,1492 2290,1492 2290,1491 2289,1489 2268,1489 2046,1489 2045,1490 2045,1491 2043,1493 1836,1493 1835,1494 1835,1546 1834,1547 1829,1547 1827,1549 1827,1550 1826,1551 1817,1551 1816,1551 1816,1550 1814,1547 1798,1547 1796,1546 1796,1498 1796,1497 1659,1497 1658,1496 1657,1496 1656,1496 1656,1495 1655,1493 1225,1493 1224,1494 1224,1543 1224,1543 1223,1543 1219,1547 1187,1547 1185,1546 1185,1545 1184,1543 1004,1543 1003,1544 1003,1545 997,1551 977,1551 975,1550 975,1549 974,1547 965,1547 964,1547 964,1546 963,1545 963,1509 963,1508 883,1508 882,1508 882,1494 882,1493 646,1493 645,1494 645,1495 644,1496 643,1496 642,1497 555,1497 554,1496 553,1496 552,1496 551,1495 551,1494 551,1493 546,1493 543,1491 543,1490 543,1489 542,1489 540,1488 540,1487 539,1485 538,1485 536,1484 536,1479 535,1477 534,1477 532,1476 532,1471 531,1469 530,1469 528,1468 528,1456 531,1453 532,1453 532,1453 532,1444 534,1442 535,1442 536,1441 536,1440 538,1438 539,1438 539,1438 539,1437 542,1434 547,1434 547,1434 547,1433 550,1430 551,1430 551,1430 551,1402 555,1398 555,1394 558,1391 559,1391 559,1391 559,1386 561,1384 565,1384 573,1376 577,1376 579,1374 579,1373 580,1372 585,1372 587,1375 587,1376 588,1376 597,1376 597,1377 598,1378 598,1379 599,1379 600,1380 601,1380 602,1382 602,1383 604,1384 605,1384 606,1386 606,1395 607,1395 608,1395 610,1398 610,1403 611,1403 768,1403 769,1405 769,1410 771,1411 920,1411 921,1413 921,1414 923,1415 1188,1415 1189,1414 1189,1413 1191,1411 1196,1411 1197,1410 1197,1409 1199,1407 1224,1407 1224,1407 1224,1390 1227,1387 1275,1387 1275,1387 1275,1366 1277,1364 1446,1364 1446,1364 1446,1358 1448,1356 1500,1356 1500,1356 1500,1355 1503,1352 1506,1352 1507,1353 1508,1353 1508,1354 1508,1356 1509,1356 1604,1356 1605,1358 1605,1407 1606,1407 1671,1407 1671,1408 1671,1409 1674,1411 2075,1411 2076,1410 2076,1409 2078,1407 2224,1407 2224,1407 2224,1362 2226,1360 2227,1360 2228,1359 2228,1358 2230,1356 2235,1356 2235,1356 2235,1355 2238,1352 2381,1352 2382,1353 2383,1353 2383,1354 2383,1355 2385,1356 2576,1356 2578,1359 2578,1360 2579,1360 2592,1360 2593,1362 2593,1363 2595,1364 2604,1364 2605,1366 2605,1375 2607,1376 2608,1376 2609,1378 2609,1407 2610,1407 2823,1407 2823,1407 2823,1397 2825,1395 2826,1395 2827,1394 2827,1389 2828,1388 2829,1388 2830,1387 2830,1379 2831,1378 2831,1377 2832,1376 2833,1376 2834,1375 2834,1371 2835,1370 2835,1369 2836,1368 2837,1368 2837,1368 2839,1366 2839,1365 2840,1364 2845,1364 2846,1363 2846,1362 2848,1360 2853,1360 2854,1359 2854,1358 2855,1357 2856,1357 2858,1355 2858,1354 2859,1353 2860,1353 2861,1352 2883,1352 2889,1359 2889,1407 2890,1407 3043,1407 3051,1399 3122,1399 3122,1399 3122,1386 3125,1383 3126,1383 3126,1383 3126,1374 3128,1372 3129,1372 3130,1371 3130,1362 3132,1360 3133,1360 3134,1359 3134,1358 3136,1356 3141,1356 3142,1355 3146,1355 3147,1356 3148,1356 3148,1357 3149,1358 3149,1359 3150,1360 3150,1414 3152,1415 3153,1415 3153,1416 3153,1417 3156,1419 3157,1419 3157,1420 3157,1421 3160,1423 3161,1423 3161,1424 3161,1465 3162,1465 3383,1465 3383,1465 3383,1444 3385,1442 3386,1442 3387,1441 3387,1432 3389,1430 3390,1430 3390,1430 3390,1429 3393,1426 3394,1426 3394,1426 3394,1425 3397,1422 3398,1422 3398,1422 3398,1421 3400,1419 3401,1419 3402,1418 3402,1417 3404,1415 3409,1415 3410,1414 3410,1413 3412,1411 3479,1411 3480,1410 3480,1409 3482,1407 3483,1407 3484,1409 3484,1410 3486,1411 3526,1411 3527,1413 3527,1414 3529,1415 3534,1415 3534,1416 3534,1417 3537,1419 3538,1419 3538,1420 3538,1433 3540,1434 3541,1434 3542,1436 3542,1437 3544,1438 3545,1438 3546,1440 3546,1477 3547,1477 3549,1477 3550,1479 3550,1480 3552,1481 3553,1481 3554,1483 3554,1491 3548,1497 3481,1497 3480,1498 3480,1551 3480,1551"/><TextEquiv index="1"><Unicode>&amp; trop pénible pour lui. Sa ſanté, en</Unicode></TextEquiv></TextLine><TextLine id="r0_l006"><Coords points="3306,1744 3305,1744 3305,1688 3305,1687 3189,1687 3188,1688 3188,1737 3187,1738 3147,1738 3146,1739 3146,1740 3145,1741 3143,1741 3141,1740 3141,1739 3140,1737 3139,1737 3138,1737 3138,1736 3137,1734 3136,1734 3134,1733 3134,1688 3134,1687 2563,1687 2562,1688 2562,1702 2562,1702 2561,1702 2558,1705 2558,1714 2558,1714 2557,1714 2554,1717 2554,1721 2549,1726 2548,1726 2547,1727 2547,1728 2545,1730 2544,1730 2543,1731 2543,1732 2541,1734 2533,1734 2531,1733 2531,1688 2531,1687 2323,1687 2321,1689 2321,1690 2320,1691 2319,1691 2317,1690 2317,1689 2316,1687 2300,1687 2297,1684 2116,1684 2115,1685 2115,1744 2115,1744 2108,1744 2107,1744 2107,1688 2107,1687 2101,1687 2100,1688 2100,1689 2098,1691 1929,1691 1928,1692 1928,1706 1928,1706 1927,1706 1924,1709 1924,1733 1923,1734 1922,1734 1920,1736 1920,1741 1920,1741 1919,1741 1918,1742 1908,1742 1907,1741 1906,1741 1905,1741 1905,1732 1904,1730 1903,1730 1901,1729 1901,1692 1901,1691 1751,1691 1749,1690 1749,1689 1748,1687 1572,1687 1518,1687 1516,1689 1516,1690 1515,1691 1514,1691 1512,1693 1512,1694 1511,1695 1503,1695 1499,1691 941,1691 940,1692 940,1698 939,1699 938,1699 936,1701 936,1706 936,1706 935,1706 933,1708 933,1712 932,1713 932,1714 932,1714 931,1714 928,1717 928,1718 928,1718 923,1718 921,1720 921,1721 920,1722 907,1722 905,1721 905,1720 904,1718 903,1718 901,1717 901,1700 901,1699 892,1699 890,1698 890,1692 890,1691 557,1691 555,1690 555,1689 554,1687 549,1687 548,1687 548,1686 546,1684 546,1683 545,1683 544,1683 544,1682 544,1681 542,1679 541,1679 540,1679 540,1678 538,1675 537,1675 536,1675 536,1670 534,1667 533,1667 532,1667 532,1666 531,1664 530,1664 528,1663 528,1661 529,1660 530,1660 531,1659 532,1659 532,1659 532,1630 533,1629 534,1629 534,1629 548,1615 548,1614 549,1613 554,1613 556,1611 556,1610 557,1609 562,1609 563,1608 563,1607 565,1605 621,1605 621,1605 621,1600 624,1597 625,1597 625,1597 625,1588 627,1586 628,1586 629,1585 629,1576 631,1574 632,1574 633,1573 633,1572 634,1571 635,1571 637,1569 637,1568 638,1567 639,1567 641,1565 641,1564 642,1563 643,1563 645,1561 645,1560 646,1559 655,1559 656,1558 656,1557 658,1555 687,1555 687,1556 687,1557 690,1559 691,1559 691,1560 691,1562 692,1563 692,1598 693,1598 804,1598 804,1599 804,1600 807,1602 808,1602 808,1603 808,1608 810,1609 830,1609 831,1611 831,1664 832,1664 1045,1664 1045,1664 1045,1646 1047,1644 1053,1644 1053,1644 1053,1619 1055,1617 1056,1617 1057,1616 1057,1615 1059,1613 1060,1613 1061,1612 1061,1611 1063,1609 1068,1609 1069,1608 1069,1607 1071,1605 1100,1605 1100,1605 1100,1584 1102,1582 1107,1582 1107,1582 1107,1562 1108,1561 1108,1560 1109,1559 1110,1559 1111,1558 1111,1557 1113,1555 1239,1555 1239,1555 1239,1554 1240,1553 1240,1552 1241,1551 1255,1551 1255,1552 1255,1555 1256,1555 1360,1555 1360,1556 1360,1557 1363,1559 1364,1559 1364,1560 1364,1561 1365,1561 1367,1563 1368,1563 1368,1564 1368,1569 1371,1571 1372,1571 1372,1572 1372,1573 1374,1574 1375,1574 1376,1576 1376,1581 1378,1582 1379,1582 1380,1584 1380,1589 1382,1590 1383,1590 1384,1592 1384,1601 1385,1601 1671,1601 1671,1601 1671,1558 1672,1557 1672,1556 1673,1555 1674,1555 1675,1554 1675,1553 1677,1551 1682,1551 1683,1550 1683,1549 1685,1547 1694,1547 1695,1549 1695,1550 1697,1551 1702,1551 1702,1552 1702,1553 1703,1554 1703,1601 1704,1601 1767,1601 1769,1604 1769,1605 1770,1605 1775,1605 1777,1608 1777,1609 1778,1609 1905,1609 1905,1609 1905,1576 1907,1574 1908,1574 1909,1573 1909,1572 1911,1570 1912,1570 1912,1570 1912,1569 1915,1566 1917,1569 1917,1570 1918,1570 1931,1570 1932,1572 1932,1605 1933,1605 2145,1605 2146,1604 2146,1603 2147,1602 2148,1602 2150,1600 2150,1599 2151,1598 2153,1598 2154,1600 2154,1601 2155,1601 2327,1601 2329,1604 2329,1605 2330,1605 2539,1605 2539,1605 2539,1572 2541,1570 2542,1570 2543,1569 2543,1568 2545,1566 2546,1566 2547,1565 2547,1564 2548,1563 2549,1563 2550,1562 2552,1562 2553,1563 2554,1563 2554,1564 2554,1565 2556,1566 2564,1566 2565,1567 2566,1567 2566,1568 2566,1569 2569,1571 2570,1571 2570,1572 2570,1601 2571,1601 2681,1601 2683,1604 2683,1605 2684,1605 2959,1605 2959,1605 2959,1560 2960,1559 2961,1559 2963,1557 2963,1556 2964,1555 3031,1555 3039,1547 3044,1547 3044,1548 3044,1549 3049,1553 3051,1555 3052,1555 3052,1556 3052,1597 3053,1597 3167,1597 3169,1600 3169,1601 3170,1601 3445,1601 3445,1601 3445,1580 3447,1578 3448,1578 3449,1577 3449,1576 3451,1574 3452,1574 3453,1573 3453,1568 3454,1567 3455,1567 3457,1565 3457,1560 3458,1559 3459,1559 3460,1558 3460,1554 3461,1553 3461,1552 3462,1551 3480,1551 3480,1552 3480,1554 3482,1555 3483,1555 3484,1557 3484,1562 3485,1562 3486,1562 3488,1565 3488,1570 3489,1570 3490,1570 3492,1573 3492,1574 3493,1574 3494,1574 3496,1577 3496,1593 3497,1593 3520,1593 3521,1594 3522,1594 3523,1596 3523,1597 3524,1597 3525,1597 3527,1600 3527,1605 3528,1605 3549,1605 3550,1607 3550,1608 3552,1609 3553,1609 3554,1611 3554,1670 3557,1672 3558,1672 3558,1673 3558,1679 3559,1679 3584,1679 3585,1681 3585,1686 3584,1687 3548,1687 3546,1689 3546,1690 3545,1691 3544,1691 3542,1690 3542,1689 3541,1687 3517,1687 3516,1686 3336,1686 3335,1687 3322,1687 3321,1688 3321,1744 3321,1744"/><TextEquiv index="1"><Unicode>effet, s'altère de jour en jour. Il paroît</Unicode></TextEquiv></TextLine><TextLine id="r0_l007"><Coords points="942,1945 941,1945 941,1890 941,1889 919,1889 917,1888 917,1887 917,1886 916,1886 915,1885 911,1885 909,1884 909,1883 909,1882 685,1882 684,1883 684,1884 683,1885 545,1885 544,1885 544,1884 543,1882 539,1882 538,1881 537,1881 536,1881 536,1880 535,1879 534,1877 533,1877 532,1877 532,1868 534,1866 535,1866 536,1865 536,1817 538,1815 539,1815 540,1814 540,1809 541,1808 542,1808 544,1806 544,1805 545,1804 558,1804 559,1803 559,1802 561,1800 590,1800 590,1800 590,1790 592,1788 593,1788 594,1787 594,1786 596,1784 598,1784 598,1784 598,1759 600,1757 601,1757 602,1756 602,1755 604,1753 612,1753 614,1756 614,1757 615,1757 620,1757 621,1759 621,1763 625,1767 625,1796 626,1796 808,1796 808,1796 808,1794 810,1792 811,1792 812,1791 812,1774 813,1773 814,1773 816,1771 816,1766 817,1765 818,1765 830,1753 834,1753 836,1751 836,1750 837,1749 846,1749 847,1748 847,1747 849,1745 853,1745 855,1748 855,1749 856,1749 873,1749 874,1751 874,1800 875,1800 1021,1800 1022,1802 1022,1803 1024,1804 1025,1804 1026,1806 1026,1854 1027,1854 1240,1854 1240,1854 1240,1840 1241,1839 1242,1839 1244,1837 1244,1829 1246,1827 1247,1827 1247,1827 1247,1826 1248,1825 1248,1782 1250,1780 1263,1780 1263,1780 1263,1775 1273,1765 1277,1765 1279,1763 1279,1762 1280,1761 1293,1761 1294,1763 1294,1764 1296,1765 1305,1765 1306,1767 1306,1768 1308,1769 1309,1769 1310,1771 1310,1772 1311,1772 1312,1772 1314,1775 1314,1776 1315,1776 1316,1776 1318,1779 1318,1796 1319,1796 1496,1796 1496,1796 1496,1752 1499,1749 1500,1749 1500,1749 1500,1748 1503,1745 1522,1745 1524,1748 1524,1749 1525,1749 1565,1749 1567,1752 1567,1753 1568,1753 1569,1753 1571,1756 1571,1757 1572,1757 1573,1757 1574,1759 1574,1760 1575,1760 1576,1761 1577,1761 1578,1763 1578,1800 1579,1800 1698,1800 1699,1802 1699,1803 1701,1804 1923,1804 1924,1803 1924,1802 1926,1800 2095,1800 2095,1800 2095,1755 2097,1753 2098,1753 2099,1752 2099,1748 2102,1745 2106,1745 2107,1744 2115,1744 2116,1745 2117,1745 2119,1748 2119,1749 2120,1749 2121,1749 2123,1752 2123,1792 2124,1792 2262,1792 2262,1793 2262,1794 2265,1796 2266,1796 2266,1797 2266,1798 2269,1800 2776,1800 2776,1800 2776,1751 2778,1749 2791,1749 2792,1748 2792,1747 2794,1745 2802,1745 2803,1747 2803,1800 2804,1800 2998,1800 2998,1800 2998,1751 3000,1749 3001,1749 3002,1748 3002,1747 3004,1745 3027,1745 3028,1746 3029,1746 3029,1747 3029,1796 3030,1796 3102,1796 3103,1798 3103,1799 3105,1800 3301,1800 3301,1800 3301,1747 3302,1746 3303,1746 3305,1744 3391,1744 3391,1744 3391,1743 3393,1741 3416,1741 3418,1744 3418,1745 3419,1745 3424,1745 3426,1748 3426,1749 3427,1749 3428,1749 3430,1752 3430,1796 3431,1796 3487,1796 3488,1798 3488,1799 3490,1800 3495,1800 3495,1801 3495,1802 3496,1802 3498,1804 3499,1804 3499,1805 3499,1806 3500,1807 3500,1811 3501,1811 3560,1811 3566,1818 3565,1819 3564,1819 3562,1821 3562,1826 3561,1827 3551,1827 3550,1828 3550,1877 3550,1877 3549,1877 3546,1880 3546,1881 3546,1881 3545,1881 3544,1882 3536,1882 3534,1884 3534,1885 3534,1885 3533,1885 3532,1886 3462,1886 3461,1887 3461,1888 3460,1889 3455,1889 3453,1891 3453,1896 3452,1897 3451,1897 3449,1899 3449,1900 3448,1901 3443,1901 3441,1900 3441,1899 3441,1898 3440,1897 3439,1897 3437,1896 3437,1879 3437,1878 3248,1878 3247,1879 3247,1934 3246,1935 3246,1936 3246,1936 3214,1936 3211,1934 3211,1933 3211,1932 3210,1932 3208,1931 3208,1883 3208,1882 2909,1882 2908,1883 2908,1889 2908,1889 2907,1889 2904,1892 2904,1896 2903,1897 2902,1897 2901,1898 2901,1907 2899,1909 2898,1909 2897,1910 2897,1915 2895,1917 2894,1917 2893,1918 2893,1927 2892,1928 2891,1928 2890,1929 2889,1930 2889,1931 2888,1932 2883,1932 2881,1931 2881,1930 2880,1928 2875,1928 2873,1927 2873,1926 2872,1924 2871,1924 2869,1923 2869,1883 2869,1882 2661,1882 2659,1884 2659,1885 2659,1885 2641,1885 2640,1885 2640,1884 2639,1882 2462,1882 2461,1883 2461,1884 2460,1885 2459,1885 2458,1886 2457,1886 2456,1885 2455,1885 2453,1884 2453,1883 2453,1882 1918,1882 1916,1884 1916,1885 1916,1885 1906,1885 1905,1885 1905,1884 1904,1882 1638,1882 1637,1883 1637,1926 1636,1927 1636,1928 1636,1928 1626,1928 1625,1928 1625,1886 1625,1885 1619,1885 1617,1884 1617,1883 1617,1882 1366,1882 1364,1884 1364,1885 1364,1885 1128,1885 1127,1886 1127,1896 1126,1897 1125,1897 1123,1899 1123,1904 1122,1905 1121,1905 1119,1907 1119,1908 1118,1909 1113,1909 1111,1911 1111,1912 1110,1913 1109,1913 1107,1915 1107,1916 1106,1917 1101,1917 1100,1918 1100,1919 1099,1920 1098,1920 1097,1921 1096,1921 1095,1920 1094,1920 1090,1916 1089,1916 1088,1916 1088,1890 1088,1889 960,1889 959,1890 959,1945 959,1945"/><TextEquiv index="1"><Unicode>s'enfler, &amp; l'on craint une hydropiſie.</Unicode></TextEquiv></TextLine><TextLine id="r0_l008"><Coords points="1761,2138 1760,2138 1760,2089 1760,2088 1375,2088 1374,2087 1373,2087 1372,2087 1372,2086 1371,2084 596,2084 594,2083 594,2082 593,2080 581,2080 578,2078 578,2077 578,2076 569,2076 567,2075 567,2074 566,2072 561,2072 559,2071 559,2070 558,2068 553,2068 551,2067 551,2062 550,2060 549,2060 547,2059 547,2058 547,2057 546,2057 544,2056 544,2055 544,2054 543,2053 542,2053 540,2052 540,2051 539,2049 538,2049 536,2048 536,2047 535,2045 534,2045 532,2044 532,2035 531,2033 530,2033 528,2032 528,1992 529,1991 530,1991 532,1989 532,1988 533,1987 534,1987 536,1985 536,1984 536,1983 184,1983 182,1982 182,1981 181,1979 180,1979 178,1978 178,1976 179,1975 542,1975 544,1973 544,1972 545,1971 546,1971 558,1959 562,1959 563,1958 563,1957 564,1956 565,1956 566,1955 570,1955 571,1954 571,1953 572,1952 573,1952 574,1951 582,1951 582,1951 582,1950 584,1948 585,1948 586,1947 940,1947 940,1947 940,1946 941,1945 1209,1945 1210,1944 1713,1944 1714,1943 1714,1942 1715,1941 1716,1940 1717,1940 1718,1939 1718,1938 1720,1936 1741,1936 1741,1937 1741,1938 1744,1940 3293,1940 3293,1941 3293,1942 3294,1942 3296,1944 3297,1944 3297,1945 3297,1950 3299,1951 3300,1951 3301,1953 3301,1990 3302,1990 3564,1990 3566,1993 3565,1994 3564,1994 3563,1995 3555,1995 3554,1996 3554,2083 3554,2083 3553,2083 3550,2086 3550,2091 3550,2091 3549,2091 3546,2094 3546,2095 3546,2095 3545,2095 3542,2098 3542,2099 3542,2099 3541,2099 3538,2102 3538,2103 3538,2103 3529,2103 3527,2105 3527,2106 3526,2107 3521,2107 3519,2109 3519,2110 3518,2111 3513,2111 3511,2110 3511,2109 3510,2107 3509,2107 3507,2106 3507,2104 3507,2103 1767,2103 1766,2104 1766,2138 1766,2138"/><TextEquiv index="1"><Unicode>Cet aimable enfant voudroit, au moins,</Unicode></TextEquiv></TextLine><TextLine id="r0_l009"><Coords points="3427,2334 3426,2333 3402,2333 3401,2333 3401,2330 3401,2329 3350,2329 3347,2327 3347,2326 3347,2325 3342,2325 3340,2324 3340,2279 3340,2278 3069,2278 3068,2279 3068,2324 3067,2325 3050,2325 3049,2326 3049,2327 3047,2329 3047,2329 3046,2329 3045,2329 3045,2328 3044,2327 3044,2326 3044,2325 3023,2325 3021,2324 3021,2275 3021,2274 3015,2274 3013,2273 3013,2272 3013,2271 2812,2271 2811,2272 2811,2273 2810,2274 2544,2274 2543,2275 2543,2327 2541,2329 2502,2329 2500,2328 2500,2279 2500,2278 2373,2278 2371,2277 2371,2276 2370,2274 1989,2274 1986,2277 1986,2278 1986,2278 1933,2278 1932,2279 1932,2332 1931,2333 1927,2333 1924,2331 1924,2283 1924,2282 1809,2282 1808,2282 1808,2281 1806,2278 1572,2278 1495,2278 1493,2280 1493,2281 1492,2282 1408,2282 1407,2283 1407,2328 1406,2329 1405,2329 1403,2331 1403,2332 1402,2333 1374,2333 1372,2332 1372,2331 1371,2329 1366,2329 1364,2328 1364,2287 1364,2286 1284,2286 1283,2286 1283,2279 1283,2278 1203,2278 1199,2274 1108,2274 1019,2274 1018,2275 1018,2277 1017,2278 600,2278 599,2279 599,2333 599,2333 598,2333 597,2333 597,2279 597,2278 545,2278 544,2278 544,2277 543,2276 543,2272 542,2270 541,2270 540,2270 540,2269 538,2266 537,2266 536,2266 536,2265 535,2263 534,2263 532,2262 532,2249 531,2247 530,2247 528,2246 528,2222 530,2220 531,2220 532,2219 532,2214 534,2212 535,2212 536,2211 536,2206 538,2204 539,2204 540,2203 540,2202 542,2200 543,2200 544,2199 544,2198 545,2197 546,2197 547,2196 555,2196 555,2196 555,2195 557,2193 613,2193 613,2193 613,2145 614,2144 614,2143 615,2142 624,2142 625,2141 625,2140 627,2138 640,2138 640,2139 640,2140 643,2142 644,2142 645,2144 645,2185 646,2185 726,2185 726,2186 726,2187 733,2193 932,2193 932,2193 932,2145 939,2138 947,2138 948,2140 948,2141 950,2142 951,2142 952,2144 952,2145 954,2146 955,2146 956,2148 956,2193 957,2193 1143,2193 1143,2193 1143,2151 1144,2150 1145,2150 1146,2149 1147,2148 1147,2147 1148,2146 1149,2146 1150,2145 1150,2144 1152,2142 1157,2142 1158,2141 1158,2140 1160,2138 1169,2138 1170,2140 1170,2161 1171,2161 1172,2161 1174,2164 1174,2196 1175,2196 1480,2196 1481,2195 1481,2194 1482,2193 1749,2193 1749,2193 1749,2144 1751,2142 1752,2142 1753,2141 1753,2140 1755,2138 1904,2138 1905,2140 1905,2141 1907,2142 1915,2142 1924,2152 1924,2196 1925,2196 2079,2196 2080,2195 2080,2194 2081,2193 2083,2193 2084,2192 2085,2192 2086,2193 2087,2193 2088,2195 2088,2196 2089,2196 2282,2196 2282,2196 2282,2144 2284,2142 2285,2142 2286,2141 2286,2140 2288,2138 2312,2138 2313,2140 2313,2189 2314,2189 2679,2189 2679,2189 2679,2175 2681,2173 2682,2173 2683,2172 2683,2163 2684,2162 2685,2162 2687,2160 2687,2159 2688,2158 2689,2158 2691,2156 2691,2155 2692,2154 2693,2154 2694,2153 2694,2152 2696,2150 2701,2150 2702,2149 2702,2148 2704,2146 2721,2146 2721,2146 2721,2145 2724,2142 2744,2142 2745,2141 2745,2140 2747,2138 2752,2138 2753,2137 2753,2136 2755,2134 2779,2134 2780,2133 2780,2132 2781,2131 2782,2131 2784,2129 2784,2120 2785,2119 2786,2119 2788,2117 2788,2116 2789,2115 2791,2115 2792,2117 2792,2189 2793,2189 3254,2189 3254,2189 3254,2145 3255,2144 3255,2143 3256,2142 3261,2142 3266,2137 3266,2136 3268,2134 3273,2134 3274,2136 3274,2137 3275,2138 3277,2139 3278,2139 3278,2140 3278,2189 3279,2189 3510,2189 3511,2188 3511,2187 3513,2185 3534,2185 3534,2186 3534,2187 3537,2189 3542,2189 3542,2190 3542,2191 3548,2196 3552,2196 3558,2203 3558,2207 3562,2211 3562,2242 3566,2246 3566,2253 3556,2263 3548,2263 3546,2265 3546,2266 3546,2266 3545,2266 3544,2267 3540,2267 3538,2269 3538,2270 3538,2270 3537,2270 3536,2271 3477,2271 3476,2272 3476,2333 3476,2333 3464,2333 3463,2334"/><TextEquiv index="1"><Unicode>obtenir la permiſſion de paſſer quelque</Unicode></TextEquiv></TextLine><TextLine id="r0_l010"><Coords points="837,2531 835,2530 835,2529 834,2527 829,2527 828,2527 828,2526 828,2525 826,2523 825,2523 824,2523 824,2522 822,2519 821,2519 820,2519 820,2518 819,2516 818,2516 816,2515 816,2478 816,2477 554,2477 551,2475 551,2474 551,2473 550,2473 547,2471 547,2470 547,2469 542,2469 540,2468 540,2464 539,2463 539,2462 539,2461 538,2461 536,2460 536,2405 535,2403 534,2403 532,2402 532,2361 532,2360 464,2360 462,2359 462,2357 463,2356 594,2356 594,2356 594,2335 596,2333 3171,2333 3173,2331 3173,2330 3174,2329 3188,2329 3188,2330 3188,2333 3189,2333 3476,2333 3476,2334 3476,2367 3477,2367 3749,2367 3750,2368 3752,2368 3752,2369 3752,2375 3752,2375 3751,2375 3750,2376 3477,2376 3476,2377 3476,2387 3477,2387 3479,2387 3480,2389 3480,2390 3482,2391 3483,2391 3484,2393 3484,2406 3485,2406 3556,2406 3558,2409 3558,2410 3559,2410 3560,2410 3562,2413 3562,2429 3561,2430 3540,2430 3538,2432 3538,2433 3537,2434 3485,2434 3484,2435 3484,2452 3483,2453 3482,2453 3480,2455 3480,2456 3479,2457 3474,2457 3472,2459 3472,2460 3471,2461 3451,2461 3449,2463 3449,2464 3448,2465 3252,2465 3251,2466 3251,2467 3249,2469 2649,2469 2648,2470 2648,2471 2646,2473 2548,2473 2547,2474 2547,2522 2546,2523 2541,2523 2539,2525 2539,2526 2538,2527 857,2527 854,2530 854,2531 854,2531"/><TextEquiv index="1"><Unicode>temps dans le Couvent, pendant le ſé-</Unicode></TextEquiv></TextLine><TextLine id="r0_l011"><Coords points="2657,2723 2656,2723 2656,2664 2656,2663 2424,2663 2422,2665 2422,2666 2421,2667 2412,2667 2411,2667 2411,2666 2409,2663 2148,2663 2146,2665 2146,2666 2145,2667 2026,2667 2025,2668 2025,2674 2024,2675 2023,2675 2022,2676 2022,2692 2021,2693 2021,2694 2021,2694 2020,2694 2018,2696 2018,2701 2017,2702 2016,2702 2014,2704 2014,2705 2013,2706 2012,2706 2010,2708 2010,2709 2009,2710 2008,2710 2006,2712 2006,2713 2005,2714 2000,2714 1998,2716 1998,2717 1997,2718 1993,2718 1990,2716 1990,2672 1990,2671 1751,2671 1749,2670 1749,2669 1748,2667 1470,2667 1469,2668 1469,2674 1468,2675 1467,2675 1465,2677 1465,2686 1464,2687 1463,2687 1462,2688 1462,2696 1461,2697 1461,2698 1461,2698 1460,2698 1457,2701 1457,2702 1457,2702 1456,2702 1454,2704 1454,2712 1448,2718 1335,2718 1333,2717 1333,2716 1332,2714 1331,2714 1329,2713 1329,2676 1329,2675 1039,2675 1038,2676 1038,2716 1036,2718 1016,2718 1014,2720 1014,2721 1013,2722 997,2722 995,2721 995,2720 994,2718 993,2718 991,2717 991,2707 991,2706 934,2706 932,2705 932,2704 931,2702 930,2702 929,2702 929,2701 928,2700 928,2688 928,2687 912,2687 911,2686 910,2686 909,2686 909,2668 909,2667 748,2667 746,2669 746,2670 745,2671 612,2671 609,2669 609,2668 609,2667 604,2667 602,2666 602,2665 601,2663 596,2663 594,2662 594,2661 594,2660 593,2660 590,2658 590,2657 590,2656 589,2656 586,2654 586,2653 586,2652 585,2652 582,2650 582,2645 582,2644 581,2644 578,2642 578,2634 577,2632 576,2632 575,2632 575,2622 576,2621 577,2621 578,2620 578,2612 579,2611 579,2610 580,2609 581,2609 583,2607 583,2606 584,2605 585,2605 586,2604 586,2600 587,2599 587,2598 588,2597 589,2597 590,2596 591,2595 591,2594 592,2593 597,2593 598,2592 598,2591 600,2589 605,2589 606,2588 606,2587 607,2586 608,2586 609,2585 733,2585 734,2584 734,2583 735,2582 738,2582 738,2583 738,2584 740,2585 810,2585 812,2587 913,2587 913,2587 913,2556 915,2554 917,2554 917,2554 917,2540 918,2539 940,2539 940,2540 940,2569 942,2570 943,2570 944,2572 944,2577 945,2577 1055,2577 1056,2578 1057,2578 1057,2579 1057,2585 1058,2585 1183,2585 1184,2586 1185,2586 1185,2587 1185,2588 1187,2589 1341,2589 1341,2589 1341,2552 1342,2551 1343,2551 1345,2549 1345,2548 1346,2547 1347,2547 1348,2546 1384,2546 1384,2546 1384,2544 1385,2543 1386,2543 1388,2541 1388,2540 1389,2539 1406,2539 1407,2541 1407,2542 1408,2542 1409,2542 1411,2545 1411,2546 1412,2546 1413,2546 1415,2549 1415,2589 1416,2589 1469,2589 1469,2589 1469,2588 1472,2585 1624,2585 1625,2584 1625,2556 1627,2554 1628,2554 1629,2553 1629,2548 1630,2547 1631,2547 1633,2545 1633,2544 1634,2543 1635,2543 1636,2542 1636,2538 1637,2537 1637,2536 1638,2535 1639,2535 1641,2533 1641,2532 1642,2531 1647,2531 1648,2530 1648,2529 1650,2527 1682,2527 1683,2529 1683,2530 1685,2531 1686,2531 1687,2533 1687,2581 1688,2581 1708,2581 1709,2582 1710,2582 1710,2583 1710,2584 1712,2585 1881,2585 1881,2585 1881,2542 1882,2541 1882,2540 1883,2539 1884,2539 1886,2537 1886,2536 1887,2535 1904,2535 1905,2537 1905,2585 1906,2585 1907,2585 1908,2586 2136,2586 2137,2585 2177,2585 2177,2585 2177,2584 2180,2581 2352,2581 2352,2581 2352,2537 2354,2535 2355,2535 2356,2534 2356,2533 2358,2531 2371,2531 2371,2532 2371,2533 2374,2535 2375,2535 2375,2536 2375,2537 2376,2538 2376,2581 2377,2581 2570,2581 2570,2581 2570,2537 2572,2535 2573,2535 2574,2534 2574,2533 2576,2531 2631,2531 2632,2530 2632,2529 2634,2527 2639,2527 2640,2529 2640,2530 2641,2531 2642,2531 2643,2531 2644,2533 2644,2585 2645,2585 2838,2585 2838,2585 2838,2584 2840,2582 2841,2582 2842,2581 2925,2581 2926,2582 3097,2582 3098,2581 3102,2581 3103,2580 3103,2579 3104,2578 3106,2578 3107,2577 3108,2578 3437,2578 3438,2577 3439,2578 3526,2578 3527,2580 3527,2581 3528,2581 3532,2581 3533,2582 3534,2582 3534,2583 3534,2584 3535,2584 3536,2585 3537,2585 3538,2587 3538,2588 3539,2588 3540,2589 3541,2589 3542,2591 3542,2592 3544,2593 3545,2593 3546,2595 3546,2632 3547,2632 3557,2632 3558,2634 3558,2635 3560,2636 3619,2636 3620,2638 3620,2639 3619,2640 3578,2640 3577,2641 3577,2659 3577,2659 3576,2659 3575,2660 3513,2660 3510,2663 3505,2663 3503,2662 3503,2661 3502,2659 3352,2659 3351,2660 3351,2719 3351,2719 3349,2719 3348,2719 3348,2660 3348,2659 3331,2659 3328,2662 3328,2663 3328,2663 3322,2663 3321,2663 3321,2662 3319,2659 3115,2659 3114,2660 3114,2710 3114,2710 3113,2710 3109,2714 3101,2714 3099,2713 3099,2712 3098,2710 3097,2710 3095,2709 3095,2664 3095,2663 2671,2663 2670,2664 2670,2723 2670,2723"/><TextEquiv index="1"><Unicode>our que j'y ferai; mais il ne pourra</Unicode></TextEquiv></TextLine><TextLine id="r0_l012"><Coords points="1598,2923 1597,2923 1597,2910 1597,2909 1029,2909 1028,2908 1027,2908 1026,2908 1026,2894 1026,2893 911,2893 909,2892 909,2870 909,2869 876,2869 874,2868 874,2867 874,2866 640,2866 639,2865 638,2865 637,2865 637,2864 636,2862 531,2862 530,2861 529,2861 528,2861 528,2770 530,2768 531,2768 532,2767 532,2735 534,2733 535,2733 536,2732 536,2731 538,2729 539,2729 540,2728 540,2727 542,2725 547,2725 547,2725 547,2724 548,2723 549,2722 550,2722 551,2721 560,2721 561,2722 563,2722 563,2723 563,2725 564,2725 2406,2725 2407,2724 2407,2723 2408,2722 2409,2722 2410,2721 2884,2721 2885,2720 2885,2719 2886,2718 3129,2718 3130,2719 3352,2719 3352,2720 3352,2721 3354,2722 3359,2722 3359,2723 3359,2724 3362,2726 3363,2726 3363,2727 3363,2764 3364,2764 3366,2764 3367,2766 3367,2772 3368,2772 3537,2772 3539,2775 3539,2776 3540,2776 3545,2776 3546,2778 3546,2779 3548,2780 3549,2780 3550,2782 3550,2783 3552,2784 3553,2784 3554,2786 3554,2795 3555,2795 3556,2795 3558,2798 3558,2799 3559,2799 3560,2799 3562,2802 3562,2842 3563,2842 3884,2842 3885,2844 3885,2849 3884,2850 3571,2850 3570,2851 3570,2856 3568,2858 3567,2858 3566,2859 3566,2860 3564,2862 3163,2862 3162,2863 3162,2916 3162,2916 2901,2916 2900,2917 1610,2917 1609,2918 1609,2923 1609,2923"/><TextEquiv index="1"><Unicode>l'obtenir. Je ſuis ſenſible à l'affection</Unicode></TextEquiv></TextLine><TextLine id="r0_l013"><Coords points="747,3136 746,3135 746,3130 745,3129 745,3124 744,3123 744,3118 743,3117 743,3112 743,3111 581,3111 579,3110 579,3109 578,3108 578,3061 578,3060 569,3060 567,3059 567,3058 566,3056 549,3056 548,3056 548,3055 548,3054 546,3052 545,3052 544,3052 544,3051 542,3048 541,3048 540,3048 540,3047 538,3044 537,3044 536,3044 536,3039 534,3036 533,3036 532,3036 532,3003 533,3002 534,3002 536,3000 536,2996 550,2982 554,2982 558,2978 566,2978 567,2977 567,2976 569,2974 714,2974 714,2974 714,2939 715,2938 715,2937 716,2936 717,2936 719,2934 719,2933 720,2932 721,2932 723,2930 723,2929 724,2928 731,2928 731,2928 731,2913 732,2912 3475,2912 3476,2914 3476,2915 3478,2916 3479,2916 3480,2918 3480,2967 3481,2967 3546,2967 3546,2968 3546,2969 3552,2974 3556,2974 3558,2977 3558,2981 3564,2986 3565,2986 3565,2987 3565,2988 3566,2989 3566,2993 3568,2994 3569,2994 3569,2995 3569,2996 3570,2997 3570,3134 3571,3134 3861,3134 3861,3135 3861,3138 3861,3138 967,3138 966,3139"/><TextEquiv index="1"><Unicode>qu'il me témoigne, &amp; je le paie bien de</Unicode></TextEquiv></TextLine><TextLine id="r0_l014"><Coords points="249,3329 248,3329 248,3326 250,3324 251,3325 252,3325 252,3326 252,3327 253,3327 253,3327 253,3166 254,3165 280,3165 281,3164 307,3164 308,3163 334,3163 335,3162 361,3162 362,3161 706,3161 707,3163 707,3164 709,3165 939,3165 940,3167 940,3169 941,3169 975,3169 975,3170 975,3212 976,3212 1002,3212 1003,3214 1003,3215 1004,3215 1008,3215 1009,3216 1010,3216 1010,3217 1010,3230 1012,3231 1013,3231 1014,3233 1014,3238 1013,3239 1012,3239 1010,3241 1010,3246 1009,3247 1004,3247 1003,3248 1003,3249 1001,3251 414,3251 413,3250 412,3250 411,3249 410,3249 408,3247 407,3247 406,3246 405,3246 404,3245 403,3245 402,3244 401,3244 400,3243 399,3243 398,3242 397,3242 396,3241 395,3241 394,3240 393,3240 392,3239 391,3239 390,3238 389,3238 388,3237 387,3237 386,3236 385,3236 384,3235 383,3235 381,3233 380,3233 379,3232 378,3232 377,3231 376,3231 375,3230 374,3230 373,3229 372,3229 371,3228 370,3228 369,3227 368,3227 367,3226 366,3226 365,3225 364,3225 363,3224 362,3224 361,3223 360,3223 359,3222 358,3222 357,3221 356,3221 354,3219 353,3219 352,3218 351,3218 350,3217 349,3217 348,3216 347,3216 346,3215 345,3215 344,3214 343,3214 342,3213 341,3213 340,3212 339,3212 338,3211 337,3211 336,3210 335,3210 334,3209 333,3209 332,3208 331,3208 330,3207 329,3207 327,3205 326,3205 325,3204 324,3204 323,3203 322,3203 321,3202 320,3202 319,3201 318,3201 317,3200 316,3200 315,3199 314,3199 313,3198 312,3198 311,3197 310,3197 309,3196 308,3196 307,3195 306,3195 305,3194 304,3194 303,3193 302,3193 300,3191 299,3191 298,3190 297,3190 296,3189 295,3189 294,3188 293,3188 292,3187 291,3187 290,3186 289,3186 288,3185 287,3185 286,3184 285,3184 284,3183 283,3183 282,3182 281,3182 280,3181 279,3181 278,3180 277,3180 276,3179 275,3179 273,3177 272,3177 271,3176 270,3176 269,3175 268,3175 267,3174 266,3174 265,3173 264,3173 263,3172 262,3172 261,3171 260,3171 259,3170 258,3170 257,3169 256,3169 255,3168 254,3169 254,3329 254,3329"/><TextEquiv index="1"><Unicode>retour.</Unicode></TextEquiv></TextLine><TextLine id="r0_l015"><Coords points="1149,3501 961,3501 960,3501 960,3450 960,3449 794,3449 793,3449 793,3448 792,3447 792,3446 792,3445 786,3445 785,3445 785,3436 783,3433 782,3433 781,3433 781,3427 782,3426 783,3426 785,3424 785,3423 786,3422 788,3422 789,3421 792,3421 792,3421 792,3311 794,3309 795,3309 797,3307 797,3306 798,3305 799,3305 800,3304 800,3303 802,3301 946,3301 946,3301 946,3279 947,3278 3697,3278 3698,3280 3698,3281 3699,3281 3700,3281 3702,3284 3702,3285 3701,3286 957,3286 956,3287 971,3301 1565,3301 1567,3304 1567,3305 1568,3305 3553,3305 3554,3307 3554,3320 3555,3320 3556,3320 3558,3323 3558,3343 3560,3344 3561,3344 3562,3346 3562,3425 3563,3425 3564,3425 3566,3428 3566,3429 3567,3429 3568,3429 3570,3432 3570,3433 3571,3433 3572,3433 3573,3435 3573,3444 3568,3449 3556,3449 3554,3451 3554,3452 3553,3453 3481,3453 3480,3454 3480,3456 3480,3456 3479,3456 3476,3459 3476,3460 3476,3460 3475,3460 3474,3461 3209,3461 3208,3462 3208,3495 3208,3495 3207,3495 3202,3500 2811,3500 2810,3501 2810,3504 2810,3504 1162,3504 1161,3505"/><TextEquiv index="1"><Unicode>Je goûte beaucoup de plaiſir, quand</Unicode></TextEquiv></TextLine><TextLine id="r0_l016"><Coords points="588,3695 587,3695 587,3641 587,3640 580,3640 579,3641 579,3642 578,3643 577,3643 575,3645 575,3661 561,3675 560,3675 559,3676 559,3681 554,3686 545,3686 544,3686 544,3685 544,3684 542,3682 541,3682 540,3682 540,3680 539,3679 539,3575 539,3574 518,3574 517,3573 506,3573 505,3573 505,3572 504,3570 499,3570 497,3569 497,3567 498,3566 499,3566 501,3564 501,3563 502,3562 542,3562 543,3561 543,3557 544,3556 544,3555 545,3554 546,3554 547,3553 547,3529 550,3526 551,3526 551,3526 551,3521 553,3519 554,3519 555,3518 555,3517 557,3515 558,3515 559,3514 559,3513 561,3511 577,3511 583,3518 583,3546 584,3546 795,3546 797,3548 956,3548 956,3548 956,3505 958,3503 959,3503 961,3501 979,3501 979,3502 979,3506 981,3507 982,3507 983,3509 983,3550 984,3550 1037,3550 1037,3551 1037,3552 1038,3553 1038,3554 1039,3554 1044,3554 1048,3558 1170,3558 1170,3558 1170,3528 1171,3527 1172,3527 1174,3525 1174,3520 1175,3519 1176,3519 1178,3517 1178,3516 1179,3515 1192,3515 1193,3517 1193,3522 1195,3523 1196,3523 1197,3525 1197,3550 1198,3550 1403,3550 1403,3550 1403,3505 1404,3504 1405,3504 1407,3502 1407,3501 1408,3500 1409,3500 1410,3499 1414,3499 1416,3497 1419,3497 1419,3498 1419,3499 1420,3499 1425,3499 1426,3501 1426,3506 1428,3507 1429,3507 1430,3509 1430,3550 1431,3550 1652,3550 1652,3550 1652,3509 1654,3507 1655,3507 1656,3506 1656,3505 1657,3504 1658,3504 1658,3504 1660,3502 1660,3501 1661,3500 1662,3500 1663,3499 1681,3499 1682,3500 1683,3500 1683,3501 1683,3554 1684,3554 1892,3554 1893,3553 1893,3548 1895,3546 1896,3546 1897,3545 1897,3536 1898,3535 1899,3535 1901,3533 1901,3529 1905,3525 1905,3521 1907,3519 1908,3519 1908,3519 1908,3518 1911,3515 1912,3515 1912,3515 1912,3514 1915,3511 1916,3511 1916,3511 1916,3510 1919,3507 1920,3507 1920,3507 1920,3506 1923,3503 1928,3503 1928,3503 1928,3502 1931,3499 1954,3499 1955,3501 1955,3502 1956,3502 1957,3503 1958,3503 1959,3505 1959,3506 1960,3506 1961,3507 1962,3507 1963,3509 1963,3558 1964,3558 2145,3558 2146,3557 2146,3556 2148,3554 2308,3554 2310,3552 2310,3551 2311,3550 2495,3550 2496,3552 2496,3553 2498,3554 2791,3554 2791,3554 2791,3511 2792,3510 2792,3509 2794,3507 2795,3507 2795,3507 2795,3506 2797,3504 2811,3504 2811,3505 2811,3506 2812,3507 2813,3507 2814,3507 2815,3509 2815,3554 2816,3554 2884,3554 2885,3556 2885,3557 2887,3558 2888,3558 2888,3559 2889,3560 2889,3561 2891,3562 3087,3562 3087,3562 3087,3529 3089,3527 3090,3527 3091,3526 3091,3525 3093,3523 3094,3523 3095,3522 3095,3521 3097,3519 3110,3519 3110,3520 3110,3521 3111,3522 3111,3526 3113,3527 3114,3527 3114,3528 3114,3529 3115,3530 3115,3558 3116,3558 3371,3558 3371,3558 3371,3517 3373,3515 3378,3515 3379,3514 3379,3513 3381,3511 3386,3511 3386,3512 3386,3513 3389,3515 3394,3515 3394,3516 3394,3517 3395,3518 3395,3522 3397,3523 3398,3523 3398,3524 3398,3558 3399,3558 3507,3558 3507,3559 3507,3562 3508,3562 3549,3562 3550,3564 3550,3565 3551,3565 3552,3565 3554,3568 3554,3569 3555,3569 3556,3569 3558,3572 3558,3573 3559,3573 3560,3573 3562,3576 3562,3581 3563,3581 3564,3581 3566,3584 3566,3627 3568,3628 3569,3628 3569,3629 3569,3630 3570,3631 3570,3641 3569,3642 3569,3643 3569,3643 3431,3643 3429,3642 3429,3641 3429,3640 3108,3640 3107,3641 3107,3646 3106,3647 3105,3647 3103,3649 3103,3658 3102,3659 3101,3659 3099,3661 3099,3666 3099,3666 3098,3666 3095,3669 3095,3674 3095,3674 3094,3674 3093,3675 3091,3677 3091,3678 3091,3678 2973,3678 2970,3681 2970,3682 2970,3682 2965,3682 2963,3684 2963,3685 2962,3686 2953,3686 2951,3685 2951,3642 2951,3641 2796,3641 2795,3642 2795,3643 2795,3643 2794,3643 2793,3644 2684,3644 2683,3645 2683,3661 2679,3665 2679,3673 2677,3675 2672,3675 2671,3676 2671,3677 2670,3678 2666,3678 2663,3681 2663,3682 2663,3682 2662,3682 2655,3689 2655,3690 2655,3690 2626,3690 2625,3690 2625,3689 2623,3686 2443,3686 2442,3686 2442,3685 2440,3682 2439,3682 2438,3682 2438,3648 2438,3647 2373,3647 2372,3647 2372,3646 2370,3643 2369,3643 2368,3643 2368,3641 2368,3640 2131,3640 2130,3641 2130,3686 2130,3686 2120,3686 2119,3686 2119,3641 2119,3640 1954,3640 1953,3639 1773,3639 1752,3639 1751,3640 1729,3640 1728,3639 1727,3639 1726,3639 1726,3638 1725,3636 1194,3636 1193,3637 1193,3650 1192,3651 1191,3651 1189,3653 1189,3654 1188,3655 1187,3655 1185,3657 1185,3670 1184,3671 1183,3671 1181,3673 1181,3678 1181,3678 1180,3678 1177,3681 1177,3682 1177,3682 1172,3682 1170,3684 1170,3685 1169,3686 1164,3686 1162,3685 1162,3684 1162,3683 1161,3683 1158,3681 1158,3637 1158,3636 817,3636 816,3637 816,3681 814,3683 813,3683 812,3684 812,3685 811,3686 779,3686 777,3685 777,3684 777,3683 776,3683 773,3681 773,3641 773,3640 607,3640 606,3641 606,3694 606,3694 604,3694 603,3695"/><TextEquiv index="1"><Unicode>je puis jouir de ſa compagnie; je n'en</Unicode></TextEquiv></TextLine><TextLine id="r0_l017"><Coords points="3484,3892 3483,3892 3483,3839 3483,3838 3478,3838 3476,3837 3476,3836 3475,3834 1253,3834 1252,3835 1252,3888 1252,3888 1240,3888 1239,3888 1239,3886 1239,3885 628,3885 625,3883 625,3882 625,3881 620,3881 617,3879 617,3831 617,3830 561,3830 559,3829 559,3828 558,3826 553,3826 551,3825 551,3824 550,3823 550,3822 549,3822 547,3821 547,3816 547,3815 546,3815 544,3814 544,3813 543,3812 543,3808 543,3807 542,3807 540,3806 540,3804 540,3803 199,3803 197,3802 197,3801 199,3799 540,3799 540,3799 540,3794 538,3791 537,3791 536,3791 536,3785 538,3783 539,3783 540,3782 540,3773 541,3772 542,3772 544,3770 544,3769 545,3768 546,3768 547,3767 547,3759 554,3752 562,3752 563,3751 563,3750 564,3749 565,3749 566,3748 575,3748 575,3748 575,3719 577,3717 578,3717 578,3717 578,3716 581,3713 582,3713 582,3713 582,3712 585,3709 586,3709 586,3709 586,3696 587,3695 603,3695 604,3694 1989,3694 1991,3692 1991,3691 1992,3690 2021,3690 2021,3691 2021,3692 2024,3694 3429,3694 3429,3695 3429,3696 3431,3697 3432,3698 3433,3698 3433,3699 3433,3737 3434,3737 3581,3737 3581,3738 3581,3763 3580,3764 3567,3764 3566,3765 3566,3824 3565,3825 3565,3826 3565,3826 3564,3826 3562,3828 3562,3829 3561,3830 3560,3830 3558,3832 3558,3833 3557,3834 3552,3834 3550,3836 3550,3837 3549,3838 3493,3838 3492,3839 3492,3892 3492,3892"/><TextEquiv index="1"><Unicode>éprouve pas moins ſeul dans ma Cellule.</Unicode></TextEquiv></TextLine><TextLine id="r0_l018"><Coords points="1429,4083 1426,4081 1426,4080 1426,4079 783,4079 781,4078 781,4077 780,4075 771,4075 769,4074 769,4073 768,4071 767,4071 765,4070 765,4069 764,4067 763,4067 761,4066 761,4041 761,4040 549,4040 548,4040 548,4039 546,4036 545,4036 544,4036 544,4035 542,4032 541,4032 540,4032 540,4014 541,4013 542,4013 542,4013 544,4011 544,4010 545,4009 551,4009 551,4009 551,3895 558,3888 2091,3888 2091,3888 2091,3887 2093,3885 2094,3885 2095,3884 2097,3884 2098,3885 2099,3885 2099,3886 2099,3887 2100,3887 2102,3889 2103,3889 2103,3890 2103,3891 2105,3892 2106,3892 2107,3894 2107,3896 2108,3896 3475,3896 3476,3895 3476,3894 3477,3893 3478,3893 3479,3892 3498,3892 3500,3895 3500,3935 3501,3935 3938,3935 3938,3936 3938,3939 3938,3939 3501,3939 3500,3940 3500,3947 3501,3947 3561,3947 3562,3949 3562,3950 3564,3951 3569,3951 3569,3952 3569,3953 3570,3954 3570,3997 3571,3997 3572,3997 3573,3999 3573,4008 3572,4009 3571,4009 3570,4010 3570,4015 3568,4017 3567,4017 3566,4018 3566,4019 3564,4021 3563,4021 3562,4022 3562,4027 3561,4028 3560,4028 3559,4029 3551,4029 3550,4030 3550,4031 3549,4032 3416,4032 3414,4034 3414,4035 3413,4036 2995,4036 2994,4037 2994,4051 2993,4052 2983,4052 2982,4053 2982,4063 2982,4063 2981,4063 2980,4064 2970,4064 2969,4063 2968,4063 2967,4063 2967,4062 2965,4059 2964,4059 2963,4059 2963,4057 2963,4056 1458,4056 1457,4057 1457,4079 1457,4079 1456,4079 1453,4082 1453,4083 1453,4083"/><TextEquiv index="1"><Unicode>Je grave le portrait de toutes les Beautés</Unicode></TextEquiv></TextLine><TextLine id="r0_l019"><Coords points="2953,4281 2952,4280 2649,4280 2648,4279 751,4279 750,4279 750,4224 750,4223 573,4223 571,4222 571,4221 570,4219 561,4219 559,4218 559,4217 558,4216 558,4215 557,4215 555,4214 555,4213 554,4211 553,4211 551,4210 551,4209 551,4208 550,4207 549,4207 547,4206 547,4205 546,4203 545,4203 544,4203 544,4202 543,4200 542,4200 540,4199 540,4178 542,4176 543,4176 543,4176 543,4171 546,4168 547,4168 547,4168 547,4159 549,4157 550,4157 551,4156 551,4155 553,4153 554,4153 555,4152 555,4152 555,4151 557,4149 558,4149 559,4148 559,4147 561,4145 566,4145 567,4144 567,4143 569,4141 574,4141 575,4140 575,4139 577,4137 621,4137 621,4137 621,4093 623,4091 624,4091 625,4090 625,4089 627,4087 632,4087 633,4086 633,4085 635,4083 1134,4083 1135,4085 1135,4086 1136,4086 1137,4087 1138,4087 1139,4089 1139,4091 1140,4091 3171,4091 3173,4089 3173,4088 3174,4087 3184,4087 3184,4088 3184,4089 3187,4091 3421,4091 3422,4093 3422,4137 3423,4137 3486,4137 3488,4140 3488,4141 3489,4141 3560,4141 3562,4144 3562,4145 3563,4145 3568,4145 3570,4148 3570,4217 3569,4218 3569,4219 3569,4219 3564,4219 3554,4229 3554,4230 3554,4230 3553,4230 3552,4231 3497,4231 3496,4232 3496,4249 3495,4250 3038,4250 3037,4251 3037,4253 3036,4254 2979,4254 2978,4255 2978,4273 2978,4273 2977,4273 2976,4274 2974,4276 2974,4277 2974,4277 2961,4277 2959,4279 2959,4280 2958,4281"/><TextEquiv index="1"><Unicode>chères à mon ame; &amp; je compoſe des</Unicode></TextEquiv></TextLine><TextLine id="r0_l020"><Coords points="444,4474 443,4474 443,4473 444,4472 449,4472 450,4471 450,4470 452,4468 536,4468 536,4468 536,4376 537,4375 538,4375 539,4374 547,4374 547,4374 547,4291 549,4289 550,4289 552,4287 552,4286 553,4285 605,4285 606,4284 606,4283 608,4281 671,4281 672,4280 672,4279 674,4277 2102,4277 2103,4279 2103,4280 2104,4280 2664,4280 2665,4281 3265,4281 3266,4283 3266,4284 3267,4284 3268,4285 3269,4285 3270,4287 3270,4288 3272,4289 3273,4289 3274,4291 3274,4332 3275,4332 3580,4332 3585,4338 3585,4347 3585,4347 3578,4347 3577,4348 3577,4425 3577,4425 3576,4425 3573,4428 3573,4436 3572,4437 3571,4437 3570,4438 3570,4439 3569,4440 3570,4440 3917,4440 3918,4441 3919,4441 3920,4443 3918,4445 3563,4445 3562,4446 3562,4447 3560,4449 3555,4449 3554,4450 3554,4451 3553,4452 3549,4452 3545,4456 2271,4456 2270,4457 2270,4468 2270,4468 1775,4468 1771,4472 463,4472 462,4473 462,4474 462,4474"/><TextEquiv index="1"><Unicode>Elégies moitié pieuſes, moitié tendres,</Unicode></TextEquiv></TextLine><TextLine id="r0_l021"><Coords points="2470,4666 2469,4666 2469,4665 2468,4664 2467,4662 2466,4662 2465,4662 2465,4621 2465,4620 2378,4620 2375,4618 2375,4617 2375,4616 1012,4616 1010,4618 1010,4631 1010,4631 1009,4631 1006,4634 1006,4642 1005,4643 1004,4643 1003,4644 1003,4645 1001,4647 1000,4647 999,4648 999,4649 997,4651 996,4651 995,4652 995,4653 993,4655 986,4655 985,4654 984,4654 983,4654 983,4649 982,4647 981,4647 979,4646 979,4613 979,4612 678,4612 676,4611 676,4610 675,4608 569,4608 567,4607 567,4606 566,4604 561,4604 559,4603 559,4602 558,4600 557,4600 555,4599 555,4594 554,4592 553,4592 551,4591 551,4586 551,4585 550,4585 547,4583 547,4578 547,4577 545,4577 544,4577 544,4489 544,4488 433,4488 431,4487 431,4485 433,4483 434,4483 435,4482 435,4481 436,4480 437,4480 439,4478 439,4477 440,4476 441,4476 443,4474 602,4474 604,4472 617,4472 617,4473 617,4474 620,4476 2032,4476 2033,4475 2033,4474 2035,4472 2044,4472 2045,4474 2045,4475 2047,4476 3258,4476 3258,4477 3258,4478 3260,4479 3468,4479 3469,4480 3476,4480 3476,4481 3476,4486 3479,4488 3480,4488 3480,4489 3480,4494 3482,4495 3483,4495 3484,4497 3484,4502 3486,4503 3487,4503 3488,4505 3488,4510 3490,4511 3491,4511 3492,4513 3492,4530 3493,4530 3541,4530 3542,4532 3542,4533 3544,4534 3572,4534 3573,4536 3573,4540 3576,4542 3577,4542 3577,4543 3577,4592 3578,4592 3771,4592 3772,4594 3772,4595 3771,4596 3770,4596 3769,4597 3578,4597 3577,4598 3577,4604 3578,4604 3798,4604 3799,4606 3799,4607 3798,4608 3578,4608 3577,4609 3577,4619 3576,4620 3555,4620 3554,4621 3554,4622 3552,4624 3326,4624 3324,4626 3324,4627 3324,4627 3189,4627 3188,4628 3188,4662 3187,4663 3186,4663 3185,4664 3184,4665 3184,4666 3184,4666"/><TextEquiv index="1"><Unicode>dont je t'enverrai des copies, le plutôt</Unicode></TextEquiv></TextLine><TextLine id="r0_l022"><Coords points="3337,4867 3336,4867 3336,4862 3336,4861 600,4861 598,4860 598,4859 597,4857 596,4857 594,4856 594,4807 594,4806 580,4806 579,4806 579,4805 577,4802 572,4802 571,4802 571,4801 570,4799 566,4799 565,4798 564,4798 563,4798 563,4797 554,4787 553,4787 552,4787 552,4786 551,4785 551,4780 551,4779 230,4779 229,4779 229,4778 228,4777 228,4774 231,4771 232,4771 232,4771 232,4770 235,4767 551,4767 551,4767 551,4754 553,4752 554,4752 555,4751 555,4742 557,4740 558,4740 559,4739 559,4738 560,4737 561,4737 563,4735 563,4734 564,4733 565,4733 567,4731 567,4730 568,4729 569,4729 571,4727 571,4726 572,4725 581,4725 583,4723 583,4722 584,4721 706,4721 707,4720 707,4719 709,4717 878,4717 878,4717 878,4695 879,4694 880,4694 882,4692 882,4688 892,4678 1543,4678 1543,4678 1543,4672 1545,4670 1546,4670 1546,4670 1547,4669 1547,4668 1549,4666 1717,4666 1718,4668 1718,4669 1720,4670 2596,4670 2597,4672 2597,4673 2599,4674 2600,4674 2601,4676 2601,4677 2602,4678 2603,4678 2604,4678 2605,4680 2605,4681 2606,4682 2607,4682 2608,4682 2609,4684 2609,4689 2611,4690 2612,4690 2613,4692 2613,4693 2614,4693 2615,4693 2617,4696 2617,4701 2618,4701 2619,4701 2620,4703 2620,4704 2621,4705 2621,4717 2622,4717 3091,4717 3091,4718 3091,4719 3094,4721 3258,4721 3258,4722 3258,4723 3260,4724 3384,4724 3385,4725 3549,4725 3550,4727 3550,4728 3551,4728 3556,4728 3558,4731 3558,4732 3559,4732 3568,4732 3570,4735 3570,4736 3571,4736 3576,4736 3577,4738 3577,4739 3579,4740 3580,4740 3581,4742 3581,4743 3583,4744 3584,4744 3585,4746 3585,4794 3585,4794 3584,4794 3581,4797 3581,4802 3581,4802 3580,4802 3577,4805 3577,4837 3576,4838 3575,4838 3574,4839 3573,4840 3573,4841 3573,4841 3353,4841 3352,4842 3352,4867 3352,4867"/><TextEquiv index="1"><Unicode>que je pourrai. Je me promène, avec une</Unicode></TextEquiv></TextLine><TextLine id="r0_l023"><Coords points="663,5056 662,5056 662,5006 662,5005 589,5005 586,5003 586,4999 582,4995 582,4991 581,4989 580,4989 579,4989 579,4988 578,4987 578,4983 577,4981 576,4981 575,4981 575,4972 574,4970 573,4970 571,4969 571,4964 570,4962 569,4962 567,4961 567,4952 566,4950 565,4950 563,4949 563,4948 563,4947 562,4947 559,4945 559,4944 559,4943 558,4943 555,4941 555,4940 555,4939 554,4939 551,4937 551,4921 553,4919 554,4919 554,4919 556,4917 556,4916 557,4915 734,4915 734,4915 734,4913 734,4912 535,4912 534,4911 533,4911 532,4911 532,4909 534,4907 734,4907 734,4907 734,4871 744,4861 1911,4861 1913,4859 1913,4858 1914,4857 2946,4857 2947,4859 2947,4863 2950,4865 2951,4865 2951,4866 2951,4867 2952,4867 3352,4867 3353,4868 3354,4868 3356,4871 3356,4872 3357,4872 3358,4872 3359,4874 3359,4875 3360,4876 3360,4880 3361,4880 3362,4880 3364,4883 3364,4884 3365,4884 3366,4884 3367,4886 3367,4891 3369,4892 3370,4892 3371,4894 3371,4899 3372,4899 3373,4899 3374,4900 3375,4900 3375,4901 3375,4919 3376,4919 3421,4919 3422,4921 3422,4923 3423,4923 3565,4923 3565,4924 3565,4925 3568,4927 3580,4927 3581,4929 3581,5000 3583,5001 3588,5001 3589,5003 3589,5004 3590,5004 3591,5004 3593,5007 3593,5008 3594,5008 3595,5008 3597,5011 3597,5012 3598,5012 3599,5012 3601,5015 3601,5019 3600,5020 3599,5020 3597,5022 3597,5023 3596,5024 3591,5024 3589,5023 3589,5022 3588,5020 3587,5020 3585,5019 3585,5018 3585,5017 3584,5017 3581,5015 3581,5014 3581,5013 3483,5013 3480,5011 3480,5010 3480,5009 2046,5009 2045,5010 2045,5011 2043,5013 2042,5013 2041,5014 2041,5019 2040,5020 2039,5020 2037,5022 2037,5023 2036,5024 2035,5024 2033,5026 2033,5027 2032,5028 2031,5028 2029,5030 2029,5031 2028,5032 1105,5032 1104,5033 1104,5034 1103,5035 1103,5036 1103,5036 918,5036 917,5037 917,5051 917,5051 916,5051 915,5052 914,5052 913,5053 913,5054 912,5055 675,5055 674,5056"/><TextEquiv index="1"><Unicode>volupté douloureuſe, tantôt ſous les voûtes</Unicode></TextEquiv></TextLine><TextLine id="r0_l024"><Coords points="3305,5262 3304,5261 3303,5261 3301,5260 3301,5259 3301,5258 3277,5258 3276,5257 3275,5257 3274,5257 3274,5256 3272,5253 3271,5253 3270,5253 3270,5200 3270,5199 2820,5199 2819,5200 2819,5249 2819,5249 2818,5249 2817,5250 2813,5250 2811,5252 2811,5253 2811,5253 2810,5253 2809,5254 2730,5254 2729,5255 2729,5257 2729,5257 2710,5257 2709,5257 2709,5196 2709,5195 2594,5195 2593,5196 2593,5206 2592,5207 2591,5207 2589,5209 2589,5214 2588,5215 2587,5215 2586,5216 2586,5217 2584,5219 2583,5219 2582,5220 2582,5221 2580,5223 2579,5223 2578,5224 2578,5225 2577,5226 2576,5226 2574,5228 2574,5229 2573,5230 2564,5230 2563,5231 2563,5232 2562,5233 2562,5234 2562,5234 2560,5234 2558,5233 2558,5232 2557,5230 2556,5230 2554,5229 2554,5228 2554,5227 2553,5227 2550,5225 2550,5200 2550,5199 2187,5199 2183,5195 1970,5195 1907,5195 1905,5197 1905,5198 1904,5199 1902,5199 1901,5199 1901,5198 1900,5197 1900,5196 1900,5195 1498,5195 1497,5195 1497,5194 1495,5191 1301,5191 1300,5192 1299,5192 1298,5193 1298,5194 1297,5195 1242,5195 1240,5197 1240,5198 1239,5199 1218,5199 1217,5199 1217,5198 1215,5195 1042,5195 857,5195 855,5197 855,5198 854,5199 743,5199 742,5200 742,5245 741,5246 740,5246 738,5248 738,5249 737,5250 728,5250 726,5252 726,5253 725,5254 706,5254 705,5253 553,5253 551,5252 551,5251 551,5250 550,5250 547,5248 547,5232 547,5231 535,5231 534,5230 533,5230 532,5230 532,5228 534,5226 551,5226 551,5226 551,5186 554,5183 555,5183 555,5183 555,5107 555,5106 468,5106 466,5105 466,5104 466,5103 465,5102 464,5102 462,5101 462,5099 463,5098 516,5098 516,5098 516,5085 523,5078 524,5078 524,5078 524,5077 526,5075 527,5075 528,5074 578,5074 579,5073 579,5072 580,5071 581,5071 583,5069 583,5068 584,5067 585,5067 587,5065 587,5064 588,5063 589,5063 590,5062 590,5061 591,5060 592,5059 593,5059 594,5058 594,5057 596,5055 601,5055 602,5054 602,5053 604,5051 624,5051 625,5053 625,5054 627,5055 632,5055 633,5056 676,5056 676,5057 676,5110 677,5110 878,5110 878,5110 878,5065 880,5063 885,5063 886,5062 886,5061 888,5059 904,5059 905,5061 905,5110 906,5110 1138,5110 1138,5110 1138,5067 1139,5066 1139,5065 1145,5059 1153,5059 1154,5058 1154,5057 1156,5055 1169,5055 1169,5056 1169,5057 1170,5058 1170,5094 1171,5094 1172,5094 1174,5097 1174,5106 1175,5106 1301,5106 1302,5107 1473,5107 1473,5107 1473,5061 1475,5059 1484,5059 1485,5058 1485,5057 1487,5055 1495,5055 1497,5058 1497,5059 1498,5059 1503,5059 1504,5061 1504,5077 1507,5079 1508,5079 1508,5080 1508,5110 1509,5110 1749,5110 1749,5110 1749,5065 1751,5063 1896,5063 1897,5062 1897,5061 1899,5059 1900,5059 1901,5061 1901,5062 1903,5063 1908,5063 1909,5065 1909,5109 1910,5109 2189,5109 2189,5109 2189,5096 2191,5094 2192,5094 2193,5093 2193,5084 2195,5082 2196,5082 2196,5082 2197,5081 2197,5080 2198,5079 2199,5079 2200,5078 2200,5078 2200,5077 2202,5075 2203,5075 2204,5074 2204,5074 2204,5073 2206,5071 2211,5071 2212,5070 2212,5069 2214,5067 2219,5067 2220,5066 2220,5065 2222,5063 2304,5063 2309,5069 2309,5073 2312,5075 2313,5075 2313,5076 2313,5081 2316,5083 2317,5083 2317,5084 2317,5085 2320,5087 2321,5087 2321,5088 2321,5093 2323,5094 2324,5094 2325,5096 2325,5110 2326,5110 2464,5110 2465,5112 2465,5113 2466,5113 2467,5113 2468,5114 2472,5114 2473,5116 2473,5117 2474,5117 2475,5117 2477,5120 2477,5121 2478,5121 2479,5121 2481,5124 2481,5125 2482,5125 2483,5125 2484,5127 2484,5132 2486,5133 2487,5133 2488,5135 2488,5168 2489,5168 2725,5168 2725,5168 2725,5155 2728,5152 2729,5152 2729,5152 2729,5139 2731,5137 2732,5137 2733,5136 2733,5135 2734,5134 2735,5133 2736,5133 2737,5132 2737,5127 2739,5125 2744,5125 2745,5124 2745,5123 2746,5122 2747,5122 2749,5120 2749,5119 2750,5118 2751,5118 2752,5117 2756,5117 2757,5116 2757,5115 2758,5114 2759,5114 2760,5113 2916,5113 2916,5113 2916,5069 2918,5067 2923,5067 2924,5066 2924,5065 2926,5063 2938,5063 2947,5073 2947,5113 2948,5113 3069,5113 3070,5114 3071,5114 3071,5115 3072,5116 3072,5117 3073,5117 3546,5117 3546,5117 3546,5116 3549,5113 3552,5113 3554,5116 3554,5117 3555,5117 3560,5117 3562,5120 3562,5121 3563,5121 3576,5121 3577,5123 3577,5124 3578,5124 3579,5125 3580,5125 3581,5127 3581,5128 3582,5128 3583,5129 3584,5129 3585,5131 3585,5183 3587,5184 3588,5184 3589,5186 3589,5187 3590,5187 3591,5187 3593,5190 3593,5206 3592,5207 3591,5207 3589,5209 3589,5214 3589,5214 3588,5214 3585,5217 3585,5222 3585,5222 3584,5222 3582,5224 3581,5225 3581,5226 3581,5226 3579,5226 3578,5227 3577,5227 3576,5226 3575,5226 3573,5225 3573,5224 3573,5223 3572,5223 3569,5221 3569,5212 3569,5211 3548,5211 3546,5210 3546,5209 3545,5207 3318,5207 3317,5208 3317,5256 3315,5258 3310,5258 3309,5259 3309,5260 3308,5261 3307,5261 3306,5262"/><TextEquiv index="1"><Unicode>ſépulcrales du Monaſtère, qu'on peut</Unicode></TextEquiv></TextLine><TextLine id="r0_l025"><Coords points="3307,5452 3305,5451 3305,5449 3305,5448 1973,5448 1971,5447 1971,5446 1970,5444 732,5444 730,5443 730,5442 729,5440 720,5440 719,5440 719,5439 717,5436 716,5436 715,5436 715,5431 714,5429 713,5429 711,5428 711,5395 711,5394 566,5394 565,5393 564,5393 563,5393 563,5392 561,5389 560,5389 559,5389 559,5313 559,5312 199,5312 197,5311 197,5310 194,5307 194,5301 195,5300 553,5300 553,5300 553,5254 554,5253 998,5253 999,5252 999,5251 1000,5250 1807,5250 1808,5252 1808,5253 1809,5253 3166,5253 3167,5254 3168,5254 3169,5256 3169,5257 3170,5257 3171,5257 3173,5260 3173,5261 3174,5261 3175,5261 3177,5264 3177,5265 3178,5265 3343,5265 3344,5267 3344,5269 3345,5269 3424,5269 3426,5272 3426,5316 3427,5316 3514,5316 3515,5318 3515,5319 3516,5319 3517,5319 3519,5322 3519,5351 3520,5351 3565,5351 3565,5352 3565,5353 3568,5355 3584,5355 3585,5357 3585,5358 3586,5358 3587,5358 3589,5361 3589,5377 3588,5378 3587,5378 3585,5380 3585,5381 3584,5382 3528,5382 3527,5383 3527,5396 3525,5398 3524,5398 3523,5399 3523,5400 3522,5401 3396,5401 3395,5402 3395,5415 3394,5416 3394,5417 3394,5417 3345,5417 3344,5418 3344,5451 3343,5452"/><TextEquiv index="1"><Unicode>regarder comme le grand tombeau de plu-</Unicode></TextEquiv></TextLine><TextLine id="r0_l026"><Coords points="3124,5654 3122,5653 3122,5648 3122,5647 2468,5647 2467,5647 2467,5609 2467,5608 1756,5608 1752,5604 667,5604 666,5603 665,5603 664,5603 664,5602 662,5599 661,5599 660,5599 660,5593 660,5592 557,5592 555,5591 555,5590 557,5588 559,5588 559,5588 559,5535 560,5534 561,5534 563,5532 563,5516 565,5514 570,5514 571,5513 571,5512 573,5510 574,5510 575,5509 575,5504 576,5503 577,5503 578,5502 578,5494 579,5493 579,5492 580,5491 581,5491 582,5490 582,5482 585,5479 586,5479 586,5479 586,5474 589,5471 590,5471 590,5471 590,5470 593,5467 594,5467 594,5467 594,5466 597,5463 598,5463 598,5463 598,5462 604,5456 1056,5456 1057,5455 1057,5454 1059,5452 1208,5452 1208,5452 1208,5451 1211,5448 1212,5448 1212,5448 1212,5447 1215,5444 1460,5444 1462,5447 1462,5448 1463,5448 1464,5448 1465,5450 1465,5487 1466,5487 2869,5487 2869,5487 2869,5458 2871,5456 2872,5456 2873,5455 2873,5454 2875,5452 2896,5452 2896,5453 2896,5454 2899,5456 3479,5456 3480,5458 3480,5459 3482,5460 3487,5460 3488,5462 3488,5471 3489,5471 3490,5471 3492,5474 3492,5479 3493,5479 3494,5479 3496,5482 3496,5486 3502,5491 3503,5491 3503,5492 3503,5506 3504,5506 3548,5506 3549,5507 3550,5507 3550,5508 3550,5509 3552,5510 3572,5510 3573,5512 3573,5513 3575,5514 3580,5514 3581,5516 3581,5517 3583,5518 3584,5518 3585,5520 3585,5521 3587,5522 3588,5522 3589,5524 3589,5599 3588,5600 3575,5600 3573,5602 3573,5603 3572,5604 3573,5604 3771,5604 3772,5606 3772,5618 3771,5619 3762,5619 3760,5621 3760,5622 3759,5623 3751,5623 3747,5627 3442,5627 3441,5628 3441,5638 3440,5639 3151,5639 3150,5640 3150,5654 3150,5654"/><TextEquiv index="1"><Unicode>ſieurs Solitaires morts au monde, tantôt</Unicode></TextEquiv></TextLine><TextLine id="r0_l027"><Coords points="2984,5845 2982,5844 2982,5843 2981,5841 2965,5841 2963,5840 2963,5791 2963,5790 2839,5790 2838,5791 2838,5805 2837,5806 2836,5806 2835,5807 2835,5808 2833,5810 2832,5810 2831,5811 2831,5812 2829,5814 2828,5814 2827,5815 2827,5816 2825,5818 2824,5818 2823,5819 2823,5820 2822,5821 2821,5821 2820,5822 2812,5822 2811,5823 2811,5824 2810,5825 2797,5825 2796,5825 2796,5824 2795,5823 2795,5795 2795,5794 2708,5794 2706,5793 2706,5792 2705,5790 2575,5790 2574,5791 2574,5836 2573,5837 2572,5837 2570,5839 2570,5840 2569,5841 2533,5841 2531,5840 2531,5839 2530,5837 2529,5837 2527,5836 2527,5788 2527,5787 2482,5787 2481,5788 2481,5844 2481,5844 2473,5844 2472,5844 2472,5788 2472,5787 2389,5787 2386,5790 2369,5790 2368,5791 2368,5804 2367,5805 2367,5806 2367,5806 2361,5806 2360,5807 2360,5828 2359,5829 2350,5829 2348,5828 2348,5788 2348,5787 2297,5787 2296,5786 2117,5786 2116,5787 2114,5787 2113,5786 2112,5786 2111,5786 2111,5785 2110,5783 2076,5783 2075,5784 2075,5838 2075,5838 2070,5838 2069,5837 1981,5837 1978,5835 1978,5834 1978,5833 1953,5833 1951,5832 1951,5831 1950,5829 1945,5829 1944,5829 1944,5784 1944,5783 1830,5783 1829,5782 1828,5782 1827,5782 1827,5781 1826,5779 1696,5779 1695,5780 1695,5805 1694,5806 1693,5806 1691,5808 1691,5809 1690,5810 1689,5810 1687,5812 1687,5817 1687,5817 1686,5817 1683,5820 1683,5821 1683,5821 1682,5821 1681,5822 1677,5822 1675,5824 1675,5825 1675,5825 1670,5825 1667,5828 1667,5829 1667,5829 1626,5829 1625,5829 1625,5828 1623,5825 1622,5825 1621,5825 1621,5820 1619,5817 1618,5817 1617,5817 1617,5816 1615,5813 1614,5813 1613,5813 1613,5776 1613,5775 1490,5775 1489,5776 1489,5824 1488,5825 1463,5825 1461,5824 1461,5823 1460,5821 1459,5821 1458,5821 1458,5820 1457,5819 1457,5772 1457,5771 1292,5771 1290,5773 1290,5774 1289,5775 1184,5775 1181,5773 1181,5772 1181,5771 1032,5771 1030,5773 1030,5774 1029,5775 1028,5775 1027,5775 1026,5774 1026,5773 1025,5771 872,5771 870,5773 870,5774 869,5775 866,5775 865,5776 865,5830 865,5830 853,5830 852,5830 852,5776 852,5775 693,5775 691,5777 691,5778 690,5779 600,5779 598,5778 598,5777 597,5775 589,5775 586,5773 586,5772 586,5771 577,5771 575,5770 575,5762 570,5756 566,5756 565,5755 564,5755 563,5755 563,5753 565,5751 566,5751 567,5750 567,5734 569,5732 570,5732 571,5731 571,5726 573,5724 574,5724 575,5723 575,5718 577,5716 578,5716 579,5715 579,5714 580,5713 581,5713 582,5712 586,5712 586,5712 586,5711 588,5709 589,5709 590,5708 590,5707 592,5705 593,5705 594,5704 594,5703 596,5701 601,5701 602,5700 602,5699 604,5697 609,5697 609,5697 609,5650 610,5649 610,5648 612,5646 613,5646 614,5645 614,5644 615,5643 616,5643 617,5642 621,5642 621,5642 621,5641 623,5639 648,5639 649,5641 649,5646 650,5646 651,5646 651,5647 652,5648 652,5649 653,5650 653,5689 654,5689 890,5689 890,5689 890,5663 891,5662 956,5662 956,5662 956,5644 957,5643 958,5643 960,5641 960,5640 961,5639 966,5639 968,5637 968,5636 969,5635 978,5635 979,5634 979,5633 981,5631 982,5631 984,5634 984,5635 985,5635 986,5635 987,5637 987,5689 988,5689 1048,5689 1049,5691 1049,5692 1051,5693 1188,5693 1189,5692 1189,5691 1191,5689 1472,5689 1473,5691 1473,5692 1475,5693 1663,5693 1663,5694 1663,5695 1666,5697 1818,5697 1819,5696 1819,5695 1821,5693 2037,5693 2037,5693 2037,5652 2038,5651 2039,5651 2041,5649 2041,5648 2042,5647 2043,5647 2044,5646 2063,5646 2064,5648 2064,5693 2065,5693 2154,5693 2154,5693 2154,5691 2156,5689 2164,5689 2166,5692 2166,5693 2167,5693 2168,5693 2169,5695 2169,5701 2170,5701 2274,5701 2274,5701 2274,5664 2276,5662 2281,5662 2282,5664 2282,5701 2283,5701 2434,5701 2434,5701 2434,5699 2436,5697 2437,5697 2437,5697 2437,5696 2438,5695 2438,5691 2440,5689 2441,5689 2441,5689 2441,5677 2442,5676 2442,5675 2443,5674 2444,5674 2445,5673 2445,5669 2446,5668 2446,5667 2447,5666 2448,5666 2450,5664 2450,5663 2451,5662 2452,5662 2453,5661 2453,5660 2454,5659 2455,5658 2456,5658 2457,5657 2457,5656 2458,5655 2459,5654 2460,5654 2461,5653 2461,5652 2462,5651 2463,5651 2465,5649 2465,5648 2466,5647 2500,5647 2500,5648 2500,5653 2503,5655 2504,5655 2504,5656 2504,5705 2505,5705 2643,5705 2643,5705 2643,5704 2646,5701 2651,5701 2651,5702 2651,5703 2654,5705 2729,5705 2729,5706 2729,5707 2730,5707 2732,5709 2733,5709 2733,5710 2733,5711 2736,5713 2737,5713 2737,5714 2737,5715 2740,5717 2741,5717 2741,5718 2741,5719 2744,5721 2745,5721 2745,5722 2745,5728 2746,5728 2767,5728 2768,5730 2768,5734 2771,5736 2772,5736 2772,5737 2772,5751 2773,5751 2794,5751 2795,5752 2924,5752 2924,5752 2924,5738 2926,5736 2927,5736 2928,5735 2928,5730 2930,5728 2931,5728 2932,5727 2932,5722 2934,5720 2935,5720 2935,5720 2935,5719 2938,5716 2939,5716 2939,5716 2939,5715 2942,5712 2947,5712 2947,5712 2947,5711 2949,5709 2957,5709 2959,5707 2959,5706 2960,5705 3118,5705 3118,5705 3118,5660 3120,5658 3121,5658 3122,5657 3122,5654 3123,5653 3124,5654 3149,5654 3149,5655 3149,5660 3152,5662 3153,5662 3153,5663 3153,5709 3154,5709 3506,5709 3507,5708 3507,5707 3509,5705 3514,5705 3515,5707 3515,5708 3516,5708 3517,5708 3518,5709 3573,5709 3573,5710 3573,5711 3575,5712 3579,5712 3580,5713 3581,5713 3581,5714 3581,5715 3583,5716 3587,5716 3593,5723 3593,5763 3594,5763 3596,5763 3597,5765 3597,5778 3599,5779 3600,5779 3601,5781 3601,5797 3600,5798 3599,5798 3596,5801 3596,5802 3596,5802 3595,5802 3593,5804 3593,5813 3593,5813 3592,5813 3591,5814 3587,5814 3585,5816 3585,5817 3585,5817 3582,5817 3581,5817 3581,5807 3581,5806 3544,5806 3543,5806 3543,5805 3541,5802 3540,5802 3539,5802 3539,5801 3537,5798 3407,5798 3406,5799 3406,5817 3405,5818 3306,5818 3305,5819 3305,5821 3305,5821 3304,5821 3303,5822 3300,5822 3299,5821 3298,5821 3297,5821 3297,5791 3297,5790 3264,5790 3262,5789 3262,5788 3262,5787 3231,5787 3100,5787 3099,5788 3099,5789 3098,5790 3014,5790 3013,5791 3013,5840 3012,5841 3011,5841 3010,5842 3010,5843 3008,5845"/><TextEquiv index="1"><Unicode>dans la campagne pittoreſque, qui nous</Unicode></TextEquiv></TextLine><TextLine id="r0_l028"><Coords points="3567,6043 3566,6043 3566,6041 3566,6040 2755,6040 2754,6040 2754,6036 2754,6035 2704,6035 2702,6034 2702,6033 2702,6032 2697,6032 2694,6030 2694,6029 2694,6028 1647,6028 1646,6028 1646,6023 1646,6022 1070,6022 1069,6022 1069,5974 1069,5973 604,5973 602,5972 602,5971 601,5969 596,5969 594,5968 594,5967 594,5966 593,5966 590,5964 590,5963 590,5962 589,5962 586,5960 586,5959 586,5958 585,5958 582,5956 582,5955 582,5954 581,5954 578,5952 578,5936 577,5934 576,5934 575,5934 575,5924 576,5923 577,5923 578,5922 578,5914 579,5913 579,5912 580,5911 581,5911 582,5910 582,5902 585,5899 586,5899 586,5899 586,5898 589,5895 590,5895 590,5895 590,5894 593,5891 594,5891 594,5891 594,5890 598,5886 598,5885 599,5884 612,5884 614,5882 614,5881 614,5880 549,5880 547,5879 547,5875 548,5874 548,5873 549,5872 839,5872 839,5872 839,5847 842,5844 843,5844 843,5844 843,5835 845,5833 850,5833 851,5832 851,5831 852,5830 1435,5830 1436,5829 1452,5829 1454,5832 1454,5833 1455,5833 1915,5833 1919,5837 2069,5837 2070,5838 2076,5838 2076,5839 2076,5844 2077,5844 2482,5844 2483,5845 2484,5845 2484,5846 2484,5849 2485,5849 3297,5849 3297,5850 3297,5851 3298,5852 3300,5853 3301,5853 3301,5854 3301,5895 3302,5895 3595,5895 3597,5898 3597,5899 3598,5899 3599,5899 3601,5902 3601,5938 3602,5938 3603,5938 3605,5941 3605,6002 3604,6003 3604,6004 3604,6004 3603,6004 3601,6006 3601,6038 3600,6039 3595,6039 3593,6041 3593,6042 3592,6043"/><TextEquiv index="1"><Unicode>environne. D'un côté, ces longs corridors,</Unicode></TextEquiv></TextLine><TextLine id="r0_l029"><Coords points="3038,6240 3037,6240 3037,6212 3037,6211 3002,6211 3001,6210 2999,6210 2998,6210 2998,6184 2998,6183 2898,6183 2897,6183 2897,6182 2896,6180 2715,6180 2714,6181 2714,6182 2713,6183 2711,6183 2710,6183 2710,6182 2709,6181 2709,6180 2709,6179 2637,6179 2636,6180 2636,6190 2635,6191 2633,6191 2632,6192 2632,6217 2631,6218 2622,6218 2621,6218 2621,6217 2620,6215 2616,6215 2615,6214 2614,6214 2613,6214 2613,6180 2613,6179 2400,6179 2399,6179 2399,6178 2397,6175 2393,6175 2390,6172 2184,6172 2183,6171 2182,6171 2181,6171 2181,6170 2180,6168 1980,6168 1979,6169 1979,6170 1977,6172 1965,6172 1963,6174 1963,6175 1963,6175 1961,6175 1959,6174 1959,6173 1959,6172 1766,6172 1765,6173 1765,6217 1764,6218 1763,6218 1761,6220 1761,6221 1760,6222 1724,6222 1722,6221 1722,6220 1721,6218 1720,6218 1718,6217 1718,6169 1718,6168 1592,6168 1590,6167 1590,6166 1589,6164 1230,6164 1228,6166 1228,6167 1228,6167 1227,6167 1226,6168 1210,6168 1209,6169 1209,6197 1203,6203 1201,6202 1201,6201 1200,6199 1199,6199 1197,6198 1197,6165 1197,6164 904,6164 901,6162 901,6161 901,6160 868,6160 713,6160 709,6164 705,6164 703,6166 703,6167 703,6167 702,6167 701,6168 690,6168 687,6166 687,6165 687,6164 620,6164 617,6162 617,6161 617,6160 600,6160 598,6159 598,6158 597,6156 596,6156 594,6155 594,6154 593,6152 592,6152 590,6151 590,6150 589,6149 589,6148 588,6148 586,6147 586,6142 585,6140 584,6140 582,6139 582,6114 582,6113 522,6113 520,6112 520,6107 521,6106 522,6106 523,6105 528,6105 528,6105 528,6099 529,6098 530,6098 531,6097 590,6097 590,6097 590,6096 592,6094 593,6094 594,6093 594,6092 596,6090 597,6090 597,6090 598,6089 598,6088 600,6086 601,6086 602,6085 602,6084 604,6082 605,6082 606,6081 606,6080 608,6078 613,6078 613,6078 613,6077 616,6074 780,6074 780,6075 780,6076 783,6078 1053,6078 1053,6078 1053,6049 1055,6047 1056,6047 1057,6046 1057,6033 1058,6032 1059,6032 1061,6030 1061,6029 1062,6028 1063,6028 1065,6026 1065,6025 1066,6024 1067,6024 1069,6022 1085,6022 1088,6026 1088,6030 1096,6038 1096,6042 1098,6043 1099,6043 1100,6045 1100,6050 1102,6051 1103,6051 1103,6052 1103,6053 1104,6054 1104,6070 1105,6070 1149,6070 1150,6072 1150,6073 1152,6074 1231,6074 1232,6076 1232,6077 1234,6078 1585,6078 1586,6077 1586,6076 1588,6074 1636,6074 1636,6074 1636,6034 1639,6031 1640,6031 1640,6031 1640,6030 1642,6028 1659,6028 1660,6030 1660,6035 1661,6035 1662,6035 1664,6038 1664,6082 1665,6082 1846,6082 1846,6083 1846,6084 1847,6085 1847,6086 1848,6086 2099,6086 2099,6086 2099,6065 2102,6062 2103,6062 2103,6062 2103,6053 2105,6051 2110,6051 2111,6050 2111,6049 2113,6047 2122,6047 2122,6047 2122,6046 2125,6043 2133,6043 2134,6045 2134,6046 2136,6047 2145,6047 2146,6049 2146,6050 2148,6051 2149,6051 2150,6053 2150,6054 2152,6055 2153,6055 2154,6057 2154,6058 2156,6059 2157,6059 2158,6061 2158,6078 2159,6078 2219,6078 2220,6080 2220,6086 2221,6086 2468,6086 2469,6085 2469,6084 2471,6082 2476,6082 2476,6083 2476,6084 2478,6085 2479,6086 2480,6086 2480,6087 2480,6088 2481,6089 2481,6090 2482,6090 2694,6090 2694,6090 2694,6088 2696,6086 2745,6086 2745,6086 2745,6045 2747,6043 2752,6043 2753,6042 2753,6041 2754,6040 2760,6040 2761,6042 2761,6043 2762,6043 2872,6043 2873,6045 2873,6046 2875,6047 2876,6047 2877,6049 2877,6094 2878,6094 3066,6094 3068,6092 3068,6091 3069,6090 3075,6090 3075,6091 3075,6092 3076,6093 3076,6097 3077,6097 3464,6097 3464,6097 3464,6050 3465,6049 3465,6048 3466,6047 3467,6047 3469,6045 3469,6044 3470,6043 3491,6043 3491,6044 3491,6045 3494,6047 3495,6047 3495,6048 3495,6049 3496,6050 3496,6058 3498,6059 3499,6059 3499,6060 3499,6061 3500,6062 3500,6094 3501,6094 3557,6094 3558,6096 3558,6097 3559,6097 3567,6097 3568,6098 3569,6098 3569,6099 3569,6100 3572,6102 3573,6102 3573,6103 3573,6104 3575,6105 3576,6105 3577,6107 3577,6108 3579,6109 3584,6109 3585,6111 3585,6116 3587,6117 3588,6117 3589,6119 3589,6136 3589,6136 3588,6136 3587,6137 3586,6137 3585,6138 3585,6171 3585,6171 3584,6171 3583,6172 3581,6174 3581,6175 3581,6175 3576,6175 3573,6178 3573,6179 3573,6179 3572,6179 3569,6182 3569,6183 3569,6183 3568,6183 3565,6186 3565,6187 3565,6187 3547,6187 3546,6188 3546,6206 3545,6207 3540,6207 3538,6209 3538,6210 3538,6210 3537,6210 3536,6211 3533,6211 3531,6210 3531,6184 3531,6183 3333,6183 3332,6184 3332,6206 3332,6206 3331,6206 3328,6209 3328,6210 3328,6210 3327,6210 3325,6212 3325,6216 3324,6217 3324,6218 3324,6218 3319,6218 3316,6221 3316,6222 3316,6222 3315,6222 3313,6224 3313,6225 3312,6226 3311,6226 3309,6228 3309,6229 3308,6230 3303,6230 3301,6232 3301,6233 3300,6234 3296,6234 3289,6228 3289,6219 3289,6218 3248,6218 3247,6218 3247,6216 3246,6214 3182,6214 3181,6214 3181,6213 3180,6211 3057,6211 3056,6212 3056,6240 3056,6240"/><TextEquiv index="1"><Unicode>ces voûtes antiques &amp; retentiſſantes; de</Unicode></TextEquiv></TextLine><TextLine id="r0_l030"><Coords points="3507,6436 3506,6435 3504,6435 3503,6435 3503,6379 3503,6378 3462,6378 3461,6379 3461,6407 3460,6408 3460,6409 3460,6409 3455,6409 3453,6408 3453,6371 3453,6370 3283,6370 3282,6371 3282,6376 3280,6378 3279,6378 3278,6379 3278,6380 3276,6382 3275,6382 3274,6383 3274,6388 3273,6389 3272,6389 3270,6391 3270,6392 3269,6393 3268,6393 3266,6395 3266,6396 3265,6397 3260,6397 3259,6398 3259,6399 3257,6401 3252,6401 3251,6402 3251,6403 3249,6405 3206,6405 3204,6404 3204,6379 3204,6378 3042,6378 3041,6379 3041,6384 3040,6385 3003,6385 3002,6386 3002,6404 3001,6405 3000,6405 2996,6401 2941,6401 2939,6400 2939,6379 2939,6378 2777,6378 2776,6379 2776,6381 2776,6381 2775,6381 2774,6382 2763,6382 2760,6380 2760,6379 2760,6378 2619,6378 2616,6376 2616,6375 2616,6374 2358,6374 2356,6376 2356,6381 2356,6381 2355,6381 2352,6384 2352,6388 2350,6390 2349,6390 2348,6391 2348,6396 2347,6397 2342,6397 2341,6398 2341,6399 2340,6400 2340,6404 2339,6405 2338,6405 2337,6406 2337,6407 2335,6409 2327,6409 2323,6413 2316,6413 2308,6405 2307,6405 2306,6405 2306,6404 2305,6403 2305,6375 2305,6374 2230,6374 2228,6373 2228,6372 2227,6370 2038,6370 2037,6371 2037,6396 2036,6397 2035,6397 2033,6399 2033,6400 2033,6400 2032,6401 2031,6401 2029,6403 2029,6408 2028,6409 2023,6409 2022,6410 2022,6411 2020,6413 2019,6413 2018,6414 2018,6415 2016,6417 2011,6417 2010,6418 2010,6419 2009,6420 2008,6420 2007,6421 2000,6421 1998,6423 1998,6424 1998,6424 1976,6424 1975,6424 1975,6423 1974,6421 1967,6421 1966,6420 1965,6420 1963,6419 1963,6418 1963,6417 1962,6417 1959,6415 1959,6410 1959,6409 1958,6409 1955,6407 1955,6406 1955,6405 1954,6405 1951,6403 1951,6371 1951,6370 1849,6370 1842,6364 1842,6363 1842,6362 1765,6362 1764,6363 1764,6422 1764,6422 1743,6422 1742,6422 1742,6363 1742,6362 1575,6362 1574,6363 1574,6377 1573,6378 1569,6378 1566,6376 1566,6363 1566,6362 1303,6362 1302,6363 1302,6385 1302,6385 1300,6385 1299,6386 1121,6386 1119,6388 1119,6389 1119,6389 1114,6389 1111,6392 1111,6393 1111,6393 1098,6393 1092,6388 1092,6363 1092,6362 1004,6362 1003,6362 1003,6361 1001,6358 702,6358 616,6358 613,6361 613,6362 613,6362 600,6362 598,6361 598,6360 597,6358 592,6358 590,6357 590,6356 589,6355 589,6354 588,6354 586,6353 586,6349 589,6346 590,6346 590,6346 590,6232 592,6230 593,6230 593,6230 594,6229 594,6228 596,6226 597,6226 597,6226 598,6225 598,6224 600,6222 609,6222 609,6222 609,6221 612,6218 620,6218 622,6221 622,6222 623,6222 624,6222 625,6224 625,6226 626,6226 659,6226 660,6228 660,6229 662,6230 667,6230 668,6232 668,6237 669,6237 670,6237 672,6240 672,6269 673,6269 865,6269 866,6268 866,6267 868,6265 877,6265 878,6267 878,6269 879,6269 1021,6269 1022,6271 1022,6272 1024,6273 1029,6273 1030,6275 1030,6276 1031,6276 1035,6276 1036,6277 1037,6277 1037,6278 1037,6279 1039,6280 1040,6280 1041,6282 1041,6287 1043,6288 1044,6288 1045,6290 1045,6302 1048,6304 1049,6304 1049,6305 1049,6331 1050,6331 1232,6331 1232,6331 1232,6309 1233,6308 1234,6308 1236,6306 1236,6294 1238,6292 1239,6292 1240,6291 1240,6290 1242,6288 1243,6288 1243,6288 1243,6287 1246,6284 1247,6284 1247,6284 1247,6283 1250,6280 1251,6280 1251,6280 1251,6279 1254,6276 1259,6276 1259,6276 1259,6275 1260,6274 1261,6273 1262,6273 1263,6272 1274,6272 1275,6271 1275,6270 1276,6269 1282,6269 1282,6270 1282,6271 1284,6272 1337,6272 1338,6273 1356,6273 1356,6274 1356,6275 1358,6276 1842,6276 1842,6276 1842,6275 1844,6273 1846,6273 1847,6275 1847,6276 1849,6277 1850,6277 1850,6278 1850,6283 1852,6284 2169,6284 2169,6284 2169,6283 2172,6280 2187,6280 2189,6283 2189,6284 2190,6284 2261,6284 2263,6287 2263,6295 2265,6296 2266,6296 2266,6297 2266,6298 2267,6299 2267,6335 2268,6335 2449,6335 2449,6335 2449,6330 2450,6329 2450,6328 2451,6327 2452,6327 2453,6326 2453,6314 2456,6311 2457,6311 2457,6311 2457,6302 2459,6300 2460,6300 2461,6299 2461,6298 2462,6297 2463,6296 2464,6296 2465,6295 2465,6294 2467,6292 2472,6292 2472,6292 2472,6291 2475,6288 2484,6288 2484,6288 2484,6286 2486,6284 2635,6284 2636,6286 2636,6287 2638,6288 2647,6288 2647,6289 2647,6290 2650,6292 2896,6292 2896,6292 2896,6249 2897,6248 2897,6247 2899,6245 2900,6245 2900,6245 2900,6244 2903,6241 2904,6241 2904,6241 2904,6240 2906,6238 2911,6238 2912,6237 2912,6236 2914,6234 2919,6234 2920,6236 2920,6237 2921,6237 2922,6237 2923,6238 2974,6238 2974,6239 2974,6240 2975,6240 3056,6240 3056,6241 3056,6288 3057,6288 3117,6288 3118,6290 3118,6291 3120,6292 3187,6292 3189,6295 3189,6296 3190,6296 3195,6296 3196,6298 3196,6303 3197,6303 3198,6303 3200,6306 3200,6308 3201,6308 3381,6308 3395,6294 3395,6293 3396,6292 3401,6292 3402,6291 3402,6290 3404,6288 3557,6288 3558,6287 3558,6286 3560,6284 3564,6284 3566,6287 3566,6288 3567,6288 3568,6288 3570,6291 3570,6292 3571,6292 3576,6292 3577,6294 3577,6295 3579,6296 3580,6296 3581,6298 3581,6299 3583,6300 3584,6300 3585,6302 3585,6307 3586,6307 3587,6307 3588,6308 3589,6308 3589,6309 3589,6353 3588,6354 3587,6354 3585,6356 3585,6365 3584,6366 3575,6366 3574,6367 3574,6368 3572,6370 3560,6370 3554,6376 3554,6377 3554,6377 3553,6377 3552,6378 3524,6378 3523,6379 3523,6436 3523,6436"/><TextEquiv index="1"><Unicode>l'autre, ces montagnes, ces vallées, ces</Unicode></TextEquiv></TextLine><TextLine id="r0_l031"><Coords points="3443,6650 3441,6649 3441,6643 3441,6642 3330,6642 3328,6641 3328,6640 3327,6638 2260,6638 2259,6638 2259,6632 2259,6631 1196,6631 1193,6629 1193,6628 1193,6627 1172,6627 1170,6626 1170,6600 1170,6599 1163,6599 1162,6599 1162,6585 1162,6584 740,6584 738,6583 738,6582 737,6580 728,6580 727,6580 727,6579 725,6576 724,6576 723,6576 723,6573 723,6572 623,6572 621,6571 621,6570 620,6568 607,6568 606,6568 606,6546 606,6545 580,6545 579,6545 579,6544 577,6541 576,6541 575,6541 575,6538 576,6537 578,6537 578,6537 578,6525 579,6524 579,6523 580,6522 581,6522 582,6521 594,6521 594,6521 594,6473 596,6471 601,6471 602,6470 602,6469 604,6467 605,6467 606,6466 606,6465 608,6463 609,6463 610,6462 610,6461 612,6459 613,6459 613,6459 613,6458 616,6455 1601,6455 1601,6455 1601,6431 1608,6424 1609,6424 1609,6424 1609,6423 1612,6420 1620,6420 1621,6419 1621,6418 1622,6417 1624,6417 1625,6419 1625,6420 1626,6420 1627,6420 1629,6422 1765,6422 1765,6423 1765,6424 1766,6424 3370,6424 3371,6426 3371,6427 3373,6428 3471,6428 3472,6430 3472,6431 3474,6432 3475,6432 3476,6434 3476,6435 3477,6435 3506,6435 3507,6436 3523,6436 3523,6437 3523,6439 3525,6440 3526,6440 3527,6442 3527,6475 3528,6475 3600,6475 3601,6477 3601,6576 3602,6576 3604,6576 3604,6577 3604,6578 3605,6579 3605,6580 3606,6580 3888,6580 3888,6581 3888,6582 3889,6582 3891,6584 3892,6584 3892,6585 3892,6587 3891,6588 3890,6588 3888,6590 3888,6599 3888,6599 3602,6599 3601,6600 3601,6609 3600,6610 3600,6611 3600,6611 3599,6611 3592,6618 3592,6619 3592,6619 3462,6619 3461,6620 3461,6627 3462,6627 3923,6627 3924,6629 3924,6634 3925,6634 3926,6634 3927,6636 3927,6642 3927,6642 3462,6642 3461,6643 3461,6648 3460,6649 3460,6650 3460,6650"/><TextEquiv index="1"><Unicode>torrens, ces lointains, cette vaſte ſoli-</Unicode></TextEquiv></TextLine></TextRegion></Page></PcGts>