4266 8573
2303 775 3020 981 .
602 1004 4129 1428 uui ſiaae l' neeeae iiilars, ſae
848 1410 4121 1634 decine & la Chirurgie, aſſez même pour
960 1604 4117 1831 exercer. Cette étude a toujours été un de
775 1824 4113 2039 mes goûts les plus conſtans, & j'ai vu
654 2013 4113 2246 beaucoup de malades. Celle-ci ne l'étoit
952 2234 4157 2647 t ueioru date loi dioi
964 2637 4113 2853 mes ſoins, &, ſous peu de jours, elle fut
964 2828 4109 3058 ſur pied. Quant à ſon enfant, je vins à
964 3043 4097 3259 bout de l'emporter ſous mon manteau,
964 3244 4093 3457 ſans qu'on s'en apperçût au Couvent. Je
972 3449 4202 3663 le remis aux parens d'une de mes con-
972 3630 4089 3867 quêtes, c'eſt-à-dire d'une jeune Payſanné
976 3851 4089 4065 qui paroiſſoit aſſez bien diſpoſée en ma
976 4061 4189 4271 faveur. Ces bonnes gens reçurent volon-
976 4262 4201 4476 tiers l'enfant, accompagné d'une bourſe
976 4463 4097 4682 de vingt-cinq louis. On le baptiſa. Je fus
739 4672 4093 4875 le parrein; tout le monde s'imagina que
860 4857 4093 5078 j'en étois le père. Je fis tout ce que jé
972 5070 4081 5304 pus pour détruire cette fauſſe opinion.
1177 5271 4198 5483 Je continuai mes ſoins à la mère. Les
980 5477 4081 5682 Chartreux apprirent qu'elle étoit malade.
614 5665 4077 5882 Dom Prieur la viſita, ſans ſe douter de
976 5861 4214 6087 ſa maladie. Il eſt toujours dans l'erreur
844 6079 4069 6293 ſur ſon ſexe. „Ce jeune-homme eſt d'une
868 6284 4073 6506 “foible conſtitution, me diſoit-il; croyez-
968 6485 4069 6699 “vous qu'il vive long-temps?“ -- „Je
775 6682 4069 6920 “n'y vois, répondis-je, aucun obſtacle,
