4266 8038
1578 764 2462 969 .
423 1012 3320 1207 “& je crois que, ſous peu de jours,
151 1198 3324 1399 “vous l'allez voir bien guéri de l'enflure
151 1394 2106 1585 “qui nous inquiétoit.“
606 1570 3328 1777 En effet, on vit bientôt reparoître le
431 1767 3342 1965 prétendujeune - homme, bien portant &
409 1953 3588 2151 dégagé du trop d'ampleur qui avoit, ci-
427 2136 3357 2338 devant, déformé ſa taille. On apprit qu'il
438 2326 3354 2524 me devoit ſa guériſon, & que j'avois ſu
178 2516 3361 2713 lui rendre la ſanté, ſans faire la ponc-
431 2702 3369 2859 tion. Les bons Chartreux me vantèrent
427 2892 3480 3084 beaucoup, comme un très-habile homme,
431 3078 3383 3262 & nous remontrèrent qu'il falloit tous les
390 3260 3387 3443 deux rendre grace au ciel; & le petit Luzi
449 3443 3391 3634 ſuſpendit, dans une Chapelle, un ex-voto,
468 3625 3387 3830 où il étoit repréſenté avec les ſignes de la
438 3796 1045 4001 groſſeſſe.
636 4001 3391 4196 Il fallut ſonger à quitter le ſaint Mo-
427 4191 3387 4386 naſtère où je m'étois beaucoup édifié, &
453 4374 3391 4569 où j'avois prolongé mon ſéjour, pour ſoi-
304 4560 3391 4750 gner le prétendu jeune-homme. Je quit-
431 4742 3394 4933 tai, avec attendriſſement, Dom Prieur
461 4932 3395 5122 & ſes pieux Solitaires, & je ſortis de
219 5118 2545 5316 chez eux, avec une femme.
662 5304 3741 5507 Je voulois pourtant ſavoir comment
207 5479 3391 5695 celle-ci s'étoit trouvée dans le voiſinage
211 5664 3395 5871 des Chartreux, comment elle étoit dans
226 5850 3395 6071 l'état où je l'avois vue. La petite per-
293 6033 3402 6257 ſonne me juroit qu'elle avoit parfaite-
464 6228 3398 6472 ment ignoré ſon véritable ſexe, juſqu'au
2166 6444 2836 6652 Gii
1649 7862 2956 7969 L-
