4266 8157
1621 705 2364 889 i
432 914 3374 1137 examiner, ni de nous faire examiner,
120 1124 3374 1333 pour ſavoir, entre les deux petits ſau-
417 1313 3374 1519 vages, quel étoit le mâle, & quelle étoit
424 1503 3388 1709 la femelle. On nous jetta des habits des
132 1693 3453 1887 deux ſexes. Comme j'étois la plus grande,
128 1887 3453 2089 je m'emparai des habits du ſexe le plus
413 2073 3551 2279 avantageux, & l'on ſuppoſa que j'étois
413 2263 3396 2469 le garçon; les autres hardes furent pour
132 2461 3385 2666 ma petite ſœur, ou plutôt peut-être pour
417 2643 3399 2857 mon petit frère; car, puiſque je ſuis
132 2841 3392 3044 fille, il doit être garçon. Il y a de la
402 3035 3399 3224 différence de ſexe entre nous deux. Je
136 3217 3400 3415 me le rappelle bien. Je n'y faiſois pas
409 3407 3396 3601 réflexion dans ce temps - là; mais nous
139 3597 3400 3791 n'étions pas exactement conformés l'un
189 3798 1785 3989 comme l'autre.
500 3969 3411 4179 “Me voilà donc garçon, & mon frère
413 4174 3388 4371 fille. Madame Agnus ſe chargea de lui,
147 4364 3400 4558 & Madame du Roſaire voulut bien me
417 4558 3400 4749 prendre chez elle. Je devois avoir en-
417 4744 3407 4941 viron huit ans quand j'y entrai. J'y fus
428 4938 3407 5133 élevée dans la plus grande innocence,
432 5128 3415 5327 ſous l'habit de votre ſexe; &, n'ayant
428 5322 3753 5524 aucune occaſion de connoître le mien,
436 5516 3415 5714 je reſtai dans une erreur, qui dure-
443 5697 3415 5902 roit encore, ſans le fatal accident dont
451 5899 3780 6090 vous m'avez ſi heureuſement tirée; mais
443 6093 3403 6286 vous me demanderez comment, avec
234 6268 3415 6480 une ſi grande innocence, je me trouvois
2461 6479 2834 6661 iij
