4266 8300
1442 586 2234 821 i.
485 846 3520 1058 mêlé dans ſa liqueur, & qu'il ait eu
232 1048 3535 1254 l'indignité d'abuſer de moi, dans le mal-
170 1238 3524 1453 heureux état où il m'avoit plongée. Voilà
469 1441 3535 1643 tout ce que je puis imaginer pour expli-
496 1631 3539 1844 quer l'accident dont vous m'avez déli-
477 1829 3539 2042 vrée, moi, qui, encore un coup, n'avois
492 2031 3543 2237 aucun ſoupçon de rien, & qui, de bonne
485 2229 3644 2428 foi, me croyois homme. Elevée dans une
129 2420 3613 2630 maiſon pieuſe, je crus me ſentir de la
473 2614 3609 2832 vocation pour l'Ordre des Chartreux. Je
174 2820 3869 3027 m'y préſentai; mais je n'y pus être reçue,
112 3010 3551 3213 à raiſon de ma foibleſſe. Vous ſavez le
493 3212 3691 3409 reſte. L'accroiſſement que ma taille ac-
481 3395 3726 3604 quéroit, chaque jour, du côté de l'épaiſ-
473 3596 3563 3796 ſeur, m'inquiétoit ſans doute; mais je
488 3791 3706 3992 n'en voyois pas la vraie cauſe. Jugez ſi
477 3989 3570 4193 j'avois été reçue dans le Couvent, &
477 4184 3854 4382 que je m'y fuſſe trouvée en travail d'en-
201 4370 3566 4581 fant, quel ſcandale! Que je ſuis heu-
477 4561 3566 4772 reuſe de vous avoir rencontré! Vous
481 4771 3566 4977 m'avez ſauvé la honte de voir ma turpi-
485 4968 3570 5172 tude dévoilée aux yeux des hommes les
434 5163 3574 5372 plus ſaints; mais qu'allez-vous faire de
508 5350 3776 5574 moi? Il faut que j'aille d'abord à Gre-
500 5556 3746 5768 noble, voir mon frère qui, de ſon côté,
201 5753 3582 5964 a été élevé dans une auſſi grande inno-
512 5964 3574 6143 cence que moi. Il ſe croit fille, comme
531 6154 3578 6360 je me croyois garçon. Il eſt dans une
504 6333 3582 6558 Penſion où l'on élève de jeunes Calvi-
2759 6556 3135 6699 iv
