4266 8136
2098 601 2660 832 .
744 812 3891 1048 niſtes. On n'a pas voulu le recevoir dans
962 1036 3895 1254 un Couvent, je ne ſais pourquoi. Il faut
943 1228 3996 1449 le tirer de là, & lui apprendre ce qu'il
963 1435 1689 1562 eſt.“
955 1824 1345 1971 .
2169 2165 2892 2300 Suite.
688 2546 4007 2759 et fut le récit de la belle Luzi. Je
962 2752 4075 2945 conclus qu'il falloit, en effet, rejoindre
962 2943 4082 3134 ſon frère à Grenoble. Nous arrivâmes
875 3130 4082 3319 bientôt dans cette ville. Nous nous ren-
969 3310 4071 3506 dîmes à la Penſion où il étoit élevé. Je
928 3501 3962 3698 m'apperçus de ſa virilité dès le premier
962 3688 3902 3888 coup-d'œil. Déjà ma renommée m'avoit
954 3887 3899 4080 précédé dans cette maiſon. On y avoit
932 4056 3906 4270 dit que j'avois guéri un jeune - homme
932 4269 3914 4457 de l'hydropiſie, ſans lui faire la ponc-
962 4453 3917 4644 tion. „Il faut que vous nous rendiez le
932 4636 4067 4831 “même ſervice, me dit la maîtreſſe de
954 4827 4022 5020 “Penſion. J'ai pluſieurs de mes Demoi-
951 5015 3899 5211 “ſelles qui ſont attaquées de la même
943 5206 3906 5403 “maladie; leur taille épaiſſit chaque
951 5393 3895 5581 “jour; en vérité ſi je n'étois auſſi sûre
954 5588 3899 5782 “qu'aucun homme ne peut s'introduire
958 5772 4150 5966 “ici, je ſerois tentée de croire.... mais
962 5962 3899 6163 “cela ne ſe peut pas. Il n'entre jamais,
962 6157 4067 6360 “dans cette retraite, l'ombre d'un in-
