4266 8254
110 875 3325 1097 “dividu du ſexe qu'il nous faut fuir.
71 1075 3467 1272 “Je n'ai pas même un Jardinier; au-
45 1264 3340 1463 “cune de mes Penſionnaires ne ſort, &
358 1459 3322 1659 “preſque toutes ſont attaquées de cette
362 1651 3344 1850 “difformité qui m'inquiète. Il n'y a
358 1846 3340 2046 “guères que la petite Sophie Luzi, dont
362 2040 3551 2238 “la taille n'épaiſſit point.“ Je voyois
247 2228 3341 2432 une bonne raiſon pour cela. „Madame,
159 2428 3337 2618 “lui dis-je, il ne faut pas vous tromper.
347 2614 3344 2790 “Il ſe commet, chez vous, du déſordre,
339 2805 3333 3008 “& cependant perſonne n'eſt coupable.
-5 3000 3352 3191 “Vous avez ici un homme, qui ſe croit
-9 3191 3344 3387 “femme. Sa ſœur, que vous voyez,
-3 3383 3341 3574 “qui paroît un garçon, m'a tout appris.
-4 3570 3348 3763 “Son frère eſt chez vous ſous l'habit
343 3761 3689 3952 “de Penſionnaire. Elle vient pour le
347 3956 3363 4151 “tirer d'erreur, & prévenir les incon-
-6 4148 3344 4349 “véniens, qui commencent à naître,
-6 4338 3064 4507 “chez vous, de cette erreur.“
202 4526 3356 4719 La maîtreſſe fut confondue. Elle fit
358 4713 3452 4912 venir Mademoiſelle, ou plutôt Monſieur
362 4906 3356 5116 Sophie Luzi. „Qui êtes-vous, Monſieur,
370 5099 3612 5295 “lui dit - elle?“ -- „Monſieur, ré-
362 5286 3371 5491 “pondit-il tout étonné! vous ne m'avez
366 5485 3367 5684 “jamais donné ce nom. Il eſt vrai que
366 5675 3447 5921 “je le mérite peut-être. Oui, cela me
370 5864 3612 6063 “paroît clair, à préſent que j'y penſe.
374 6055 3371 6258 “Je ne ſuis pas, en effet, conformé
381 6254 3379 6464 “comme vos Demoiſelles. Ah, bon
2443 6452 2856 6623 v
