4266 8469
2261 620 2930 809 n
952 845 4234 1061 le fameux ſecret. Elles en rirent toutes
631 1060 4234 1288 les deux. Chacune garda ſon protégé, &
944 1266 3282 1501 je fus comblé de remercîmens.
733 1600 4235 1846 i
1745 2049 3402 2269 Le même au même.
3382 2433 3754 2590 Paris.
804 2818 4234 3056 erès avoir quitté mes deux ſujets
943 3037 4234 3249 métamorphoſés, je viens encore de paſſer
944 3241 4234 3441 par Lyon, mon cher ami, ſans t'y pou-
939 3437 4234 3647 voir embraſſer. J'apprends que, relevé
947 3637 4234 3851 de ta maladie dangereuſe, tu t'es
935 3841 4234 4047 retiré à la campagne, pour hâter ta con-
939 4040 4234 4248 valeſcence, & le parfait retour de ta
675 4242 4234 4450 ſanté. Je voulois te rejoindre & chercher
935 4446 4234 4657 des nouvelles de ma mère; mais j'ai
939 4650 4234 4856 entendu dire qu'on ſongeoit à m'arrêter,
601 4842 4234 5057 pour mon parricide. Ce n'étoit peut-être
936 5042 4234 5248 qu'une fauſſe alarme; mais il a fallu dé-
585 5240 4234 5450 camper ſur - le - champ. J'ai pourſuivi ma
927 5442 4234 5661 route vers Paris. J'allois entrer dans cette
611 5646 4234 5856 capitale, quand j'ai vu venir à moi quel-
919 5839 4234 6059 qu'un que je connoiſſois. C'étoit l'amant
916 6051 4234 6255 de la belle Fatime. Je lui ai tendu les
592 6256 4047 6444 bras; mais le cruel m'a offert la conte-
881 6452 4059 6692 nance & la figure la plus menaçante:
