4266 8485
1378 540 2221 789 e
39 781 3384 1003 „Deſcendez de voiture, m'a - t - il dit,
39 985 3372 1196 “& venez me donner ſatisfaction ſur-
276 1190 3376 1391 “le-champ.“ Je lui ai demandé pour-
31 1386 3420 1599 quoi? „Fatime eſt enceinte, m'a-t-il dit,
31 1587 3376 1800 “& c'eſt à vous qu'elle doit cet odieux
31 1791 3380 2000 “ſervice. C'étoit le plus ſenſible outrage
272 1991 3368 2197 “qu'on pût me faire; & je prétends
276 2188 3384 2397 “abſolument me venger.“ Je ſuis deſ-
39 2391 3396 2606 cendu de voiture. J'ai fait, à ce forcené,
39 2593 3380 2807 les repréſentations les plus raiſonnables,
268 2797 3556 3007 & les plus modérées. Il n'a voulu rien
259 2994 3640 3204 entendre. J'ai vu mon honneur forcé de
252 3196 3380 3402 lui répondre. Nous nous ſommes retirés
264 3391 3520 3615 à l'écart, dans un lieu où les paſſans ne
264 3600 3392 3809 devoient pas nous troubler. Là, je me
264 3800 3403 4010 ſuis mis en devoir de lui donner ſatis-
259 3953 3388 4213 faction. Je l'ai pourtant ménagé, n'ayant
151 4201 3392 4404 aucun deſſein de le tuer. Bientôt j'ai fait
59 4394 3720 4611 couler ſon ſang, par une bleſſure qui lui
52 4604 3392 4808 a traverſé le bras. Je lui ai demandé s'il
51 4803 3404 5005 étoit content. J'ai reçu une réponſe né-
248 5005 3700 5413 lne j jé e uleoé e e poouſſires le
55 5400 3384 5613 combat, & bientôt de lui clouer, par
276 5605 3865 5821 une nouvelle bleſſure, le bras contre les
292 5804 3484 6021 côtes. Il n'a point encore été content.
284 5998 3592 6223 Une troiſième bleſſure n'a pu réuſſir
75 6214 3420 6431 encore à le ſatisfaire. Enfin, la quatrième
75 6400 3640 6628 a produit l'effet que je deſirois. Le ſang
