4266 8497
2305 588 3074 785 n
1028 828 4118 1048 forte & ne reparoît plus. Quelquefois, avec
1040 1036 4110 1258 cet argent emprunté, il va ſemer, en
1040 1241 4106 1460 quelque facon, de la graine pour faire
956 1444 4098 1652 de nouvelles dupes. Un ſac de mille francs
1048 1644 4094 1856 lui ſert pour en emprunter dix mille
992 1848 4090 2061 Quand il a ce ſac, il va le mettre en
1039 2052 4074 2261 dépôt chez un ami; il le reprend, au
1036 2256 4090 2462 bout de quelques jours, & le porte chez
1048 2457 4074 2663 un autre, puis chez un troiſième, puis
1040 2660 4070 2865 chez ſix, chez dix autres. Voilà dix per
1043 2857 4066 3066 ſonnes qui ſont ſes dépoſitaires, & qu
1044 3061 4126 3267 voient ſouvent des ſacs d'argent, qui font
984 3261 4122 3465 cenſés lui appartenir. Il s'établit ainſila
1044 3461 4130 3668 réputation d'un homme opulent. Il vient
1039 3661 4118 3872 un moment où il a beſoin, pour vingr-
1024 3865 4054 4075 quatre heures, d'un ſac de mille fran
1032 4065 4118 4276 On en a vu tant d'autres qu'il étoit venu
1044 4273 4114 4483 apporter. On ne fait aucune difficultéde
1024 4474 4142 4685 lui prêter une bagatelle, une misèrede
1040 4678 4142 4887 cette eſpèce. Il joue le même mancge
1040 4878 4150 5107 dans vingt maiſons, & on ne le revoit
1029 5079 1717 5287 plus.
1032 5274 4182 5494 Je connois un de ces poliſſons qui
1040 5474 4182 5699 affecte le plus grand flegme, quand il
1047 5686 4046 5899 paroît dans un cercle. On le prendroit
1039 5875 4194 6095 pour un Philoſophe indifférent à l'égard
1039 6071 4054 6303 des hommes, ſur le compte deſquelsi
1040 6279 4058 6503 eſt détrompé. Pendant qu'il joue ce rôle
1040 6487 4066 6691 glacial, il examine, en ſecret, tous les
