4266 8327
2482 8 4243 124 -
1480 613 2082 839 e).
241 886 3325 1045 “décrédite abſolument.“ -- „Je ne
240 1083 3375 1289 “dois pas avoir l'air libertin.“ --„Ni
244 1281 3312 1491 “l'air, ni la réalité, ne ſont pas ſi dan-
122 1483 3320 1685 “gereux que vous croyez. Vous ne ſa-
244 1681 3419 1883 “vez pas tout le mérite qu'il y a, mon
50 1880 3419 2074 “cher, a être un peu libertin.“ -- „On
51 2078 3340 2276 “m'a toujours bien défendu de l'être.“
249 2276 3511 2450 -- „Mon cher enfant, vous avez encore
181 2477 3324 2671 “le cathéchiſme du Collège, la morale
50 2670 3339 2865 “de l'enfance. Il faut vous enſeigner
50 2872 3332 3073 “celle des hommes.“ -- „Ah! Mon-
58 3070 3336 3266 “ſieur, les hommes doivent-ils être li-
256 3264 3347 3462 “bertins, comme ceux que je vois qui
256 3461 3557 3664 “vous environnent? Voulez-vous que je
66 3652 3344 3846 “donne dans tous les degrés de la dé-
269 3851 3341 4048 “bauche, que je tombe dans les excès
268 4047 3442 4251 “des femmes, du vin, du jeu, enfin
276 4246 3352 4444 “dans la crapule, & que je précipite
34 4444 3352 4644 “ainſi ma ruine?“ -- „Mon pauvre
280 4634 3359 4840 “garçon, vous me faites rire. Vous crai-
39 4838 3359 5042 “gnez donc bien les femmes, le vin &
38 5037 3415 5241 “le jeu! Il en faut cependant pour égayer
288 5235 3363 5429 “les peines de la vie.“ -- „Il ne faut
292 5429 3708 5635 “pas d'excès ſur - tout.“ -- „Un peu
43 5623 3367 5833 “d'excès ne nuit pas. Les femmes, par
288 5821 3688 6028 “exemple..“ -- „Ah! Monſieur, les
236 6011 3561 6231 “femmes, ſi on n'en voyoit que d'hon-
46 6215 3383 6423 “nêtes; mais deſcendre juſqu'aux proſ-
34 6419 3379 6629 “tituées...“ -- „Ce n'eſt pas un ſi mau-
