4266 8757
2247 626 2845 854 .
932 903 4191 1127 “vais parti. Un Sage de l'antiquité,
928 1114 4150 1343 “l'auſtère Caton, le conſeilloit; voyant
928 1330 4146 1543 “ſortir un jeune-homme d'un lieu pu-
915 1541 4170 1759 “blic: „Courage, mon ami, lui dit-
920 1749 4162 1969 “il, tant que tu fréquenteras ces lieux-
932 1956 4129 2169 “là, tu laiſſeras, en paix, nos femmes
919 2169 4125 2380 “& nos filles.“ Mon ami, point de
915 2379 4117 2586 “préjugés! gardez-vous de donner, à
924 2586 4121 2798 “corps perdu, dans ce qu'on appelle
911 2794 4112 3003 “les honnêtes - femmes. Outre que,
915 2999 4112 3210 “réellement, elles coûtent bien plus
878 3208 4112 3412 “cher que les autres, elles vous fon
911 3411 4112 3625 “perdre beaucoup de temps. Il faut leur
911 3623 4112 3835 “faite la cour en règle. On s'amourache
903 3830 4129 4046 “d'elles; elles vous abſorbent, on eſt
907 4042 4125 4249 “aux petits ſoins, on joue l'humble rôle
891 4249 4104 4465 “d'adorateur. Les ſyrènes vous prêtent
890 4456 4171 4671 “leur ame fémelle-, & vous devenez
903 4668 4121 4879 “petit comme elles. On a plus de liberté
907 4861 4092 5087 “avec les Filles. On les prend pour le
894 5082 4092 5290 “beſoin du moment, on les quitte ſans
890 5290 4096 5499 “plus ſonger à elles, & l'on eſt tout
683 5493 4146 5714 “entier à ſes affaires, aux grandes-choſes
621 5704 4079 5908 “qui conviennent au ſexe mâle. Oui,
515 5907 4162 6128 “les Filles forment mieux un jeune-
878 6119 4183 6343 “homme. Il acquiert, avec elles, plus
534 6330 4204 6555 “d'aiſance, plus de liberté, plus de
866 6542 4079 6762 “cette confiance martiale qui annonce
866 6749 4079 6986 “un homme.“ -- „Vous m'étonne,
3922 8599 4200 8720 -
