4266 7822
1354 582 1949 755 r.
-15 794 3134 981 “hommes en travail, & que vous ap-
-10 973 3387 1175 “prenez à les connoître, & à tirer parti
-14 1157 3142 1345 “d'eux.“ -- „Vous m'étonnez toujours
-7 1339 3141 1541 “de plus en plus. Je ne ſais que vous
-13 1523 3141 1720 “répondre; mais je ſens très-bien qu'en
-12 1709 3478 1904 “fréquentant les coquins, je perdrois
-12 1892 3145 2087 “ma probité.“ -- „Vous voilà toujours
-11 2076 3273 2271 “avec vos petites idées de province. La
-12 2260 3325 2473 “probité n'eſt qu'un nom. Je ne hais point
-11 2442 3478 2640 “tant les coquins; ils ſont ſouples, ils
-11 2628 3306 2820 “ſavent ſe prêter aux circonſtances; ils
-10 2808 3185 3000 “ont le liant de la Société, ils ſont
-10 2991 3152 3175 “vraiment ce qu'il faut être dans le
-10 3174 3160 3359 “monde. Les honnêtes - gens, ou ceux
-8 3354 3149 3542 “du moins qu'on appelle ainſi, ont une
-9 3540 3145 3725 “roideur de mauvaiſe grace, qui rebute
-8 3724 3350 3908 “tout le monde. Ils ont une petite vue
-8 3907 3145 4094 “étroite, qui va toujours en avant, ſans
-8 4086 3145 4280 “s'appercevoir des obſtacles qui ſe ren-
-7 4269 3149 4455 “contrent ſur la route. Ce ſont vraî-
-2 4452 3145 4639 “ment des machines, ou tout au plus
-6 4632 3178 4823 “des hibous, faits pour aller vivre dans
135 4819 3141 5011 “le déſert. Ne vous entichez pas de
-6 5004 3393 5191 “cette manie, mon cher ami. Soyez un
-4 5185 3145 5381 “aimable ſcélérat, on s'intéreſſera d'a-
-5 5364 3153 5562 “vantage à vous. Il ne faut pas qu'on
-4 5544 3445 5754 “ſoit parfait pour plaire. La perfection
-4 5726 3295 5933 “eſt fade & ennuyeuſe, injurieuſe même
160 5912 3174 6148 “à tout le monde; on aime les gens
372 6097 1443 6242 Tome IV.
2409 6111 2853 6249 I
