4266 8302
1179 792 4211 999 “quand on a quelque choſe à leur par-
1183 995 4211 1195 “donner; & le plus grand tort vis-à-vis
1171 1191 4211 1386 “des hommes, eſt de n'avoir aucun tort
964 1386 3703 1593 “qu'ils puiſſent vous reprocher.“
1245 1581 4250 1784 Je voyois le jeune - homme ébranlé
1156 1980 4250 2186 ſouffrir plus long-temps le triomphe du
1163 1784 4188 1988 par ces malheureux ſophiſmes. Je ne pus
1159 2177 4250 2383 vil ſcélérat, ſur l'innocence & l'ingénuité.
1155 2371 4250 2582 Je parus tout-à-coup, je fondis ſur le
1050 2567 4250 2778 traître. Je le ſaiſis au collet. „Mallieu-
1159 2765 4207 2975 “reux! m'écriai-je, c'eſt donc ainſi que
1163 2960 4211 3162 “tu abuſes tes crédules victimes! C'eſt
1136 3161 4191 3368 “ainſi que tu oſes renverſer les notions
1163 3348 4188 3564 “éternelles du juſte & de l'injuſte, &
1046 3554 4180 3763 “prêcher la ſcélérateſſe à front découvert
1167 3754 4172 3961 “u preſcris à un malheureux jeune-
1156 3951 4160 4157 “homme, qui te donne ſa confiance,
1163 4149 4160 4356 “de ſe plonger dans le libertinage, dans
944 4301 4184 4555 “l'ivrognérie, & dans l'horrible paſſio
890 4517 4187 4754 “du jeu. Tu veux qu'il aille ſe dégrader
835 4736 4156 4947 “avec des proſtituées, & ruiner ſa ſanté
1148 4920 4156 5156 “& ſa fortune; qu'il perde ſa raiſon
1151 5115 4149 5326 “ſon honneur dans les tavernes, &
1140 5325 4149 5532 “qu'enfin il jette tout ſon avoir dans
1136 5520 4153 5736 “les tripots de jeu, pour qu'il en ſorte
1132 5722 4176 5935 “la rage dans le ſein. Tu veux qu'après
1034 5911 4161 6134 “cela il devienne un ſcélérat, ce qui
1120 6106 4195 6329 “ne peut manquer à la ſuite de tous
1109 6301 4192 6533 “ces indignes déportemens. Miſérable!
