4266 7873
1573 616 2375 821 m
328 833 3512 1033 “tu aimes que les jeunes gens ſe livrent
395 1022 3232 1228 “aux Impures dont tu es le ſouteneur &
65 1205 3338 1411 “l'aſſocié, qu'ils s'enivrent pour t'offrir,
148 1392 3236 1602 “en cet état, de plus faciles dupes,
55 1579 3254 1784 “qu'ils jouent enfin pour que leur for-
160 1762 3232 1935 “tune tombe entre les mains des eſcrocs,
149 1953 3342 2162 “avec leſquels tu partages. Malheureux!
142 2133 3239 2345 “tu vantes les coquins, & tu fais ainſi
146 2322 3243 2532 “ton apologie. „Les coquins ſont ſou-
156 2510 3250 2708 “ples, dis-tu; “oui, les monſtres vous
219 2697 3489 2887 “flattent, tant qu'ils y trouvent leur
398 2880 3254 3071 “compte; mais ils vous mettent le pied
159 3063 3258 3247 “ſur la gorge, dès qu'ils peuvent vous
384 3243 3379 3434 “ſurprendre. L'honnête-homme eſt ſo-
164 3415 3324 3621 “lide comme un roc, & l'on peut tou-
160 3613 3258 3808 “jours compter ſur lui. Je ſuis donc
175 3800 3342 3995 “heureux, moi, de m'être livré à toi?
178 3982 3258 4175 “Tu as fait, de moi, avec ta déteſtable
171 4167 3265 4356 “morale, un des êtres les plus infor-
168 4350 3261 4541 “tunés qui ſoient ſur la terre; moi,
175 4532 3261 4720 “qui aurois été ſi heureux, ſi je n'avois
175 4716 3265 4912 “pas eu le malheur de te connoître!
310 4907 3269 5097 “Mon père & ma mère ont été enfer-
179 5086 3584 5278 “niés. Ma ſœur infortunée a péri; ſon
399 5270 3346 5465 “amant a eu le ſein percé par ma main
431 5449 3280 5640 “déplorable. Celle qui m'avoit été deſ-
402 5633 3280 5839 “tinée pour épouſe a ſouffert les plus
402 5816 3280 6018 “horribles malheurs; celle que j'adorois
197 5992 3305 6202 “a ſubi une mort infâme, & ma mère....
2440 6201 2818 6385 i
