4266 8910
627 852 4266 1092 “ô ciel!......... tout ce qui m'a envi-
828 1079 4266 1302 “ronné a été empoiſonné par l'influence
531 1289 4267 1508 “de mon malheur & de ma mauvaiſe
874 1498 4267 1722 “conduite; & c'eſt à toi, à ta doctrine
857 1707 4268 1944 “exécrable, que je dois tant d'infortunes,
589 1917 4268 2135 “& d'opprobres. Ah, miſérable! tu por-
719 2128 4268 2357 “teras la peine de tant d'attrocités, &
475 2340 4269 2563 “je te verrai périr du dernier ſupplice,
522 2545 4269 2768 “avec ta complice, auſſi abominable
531 2762 4270 2983 “que toi. Oui, bon jeune - homme,
539 2972 4270 3186 “vous le verrez un jour ſur la roue ou
841 3177 4271 3394 “dans le bûcher. Ne vous laiſſez pas
598 3386 4271 3608 “ſéduire par ſes horribles principes. Ne
782 3600 4272 3813 “vous livrez pas aux Proſtituées, au
828 3809 4272 4030 “vin & au jeu, pour être, dès votre
878 4023 4273 4236 “jeuneſſe, infecté d'une lèpre impure,
527 4236 4273 4450 “abruti dans la crapule, miné de dettes
820 4439 4273 4660 “& de remords; pour ne pas vous
518 4648 4274 4869 “ronger les poings comme les joueurs;
669 4860 4274 5078 “pour ne pas vous étrangler comme
606 5065 4275 5292 “eux; pour ne pas traîner, au tombeau
522 5271 4275 5498 “anticipé, votre cadavre ſouillé d'ul-
539 5467 4276 5706 “cères; pour ne pas devenir enfin, dans
518 5684 4276 5918 “la fange, le rebut & le mépris du
631 5895 4277 6125 “genre humain. N'écoutez pas ce
543 6103 4277 6326 “vil ſcélérat; il vous traiteroit d'imbé-
518 6308 4278 6542 “cille, & riroit de vous, en mangeant
836 6517 4278 6749 “votre dépouille, avec ſes indignes
467 6720 4278 6988 “complices, tandis que vous gémiriez
3936 8591 4283 8835 L
