4266 8061
163 870 3669 1075 “à leur porte, en mendiant humble-
429 1071 3368 1311 “ment un pain dont vous ne ſeriez plus
414 1261 3600 1477 “digne. N'écoutez pas un homme auſſi
425 1451 3368 1651 “vil que celui-là, &, pour l'apprécier,
166 1643 3376 1836 “voyez comme je le traite.“ Alors j'ai
417 1832 3365 2015 caſſé ma canne ſur le dos du miſérable.
102 2022 3372 2216 Le jeune - homme battoit des mains, &
402 2212 3365 2402 me remercioit, tandis que le patient
85 2402 3467 2602 recevoit, en ſilence, la juſte correction
406 2592 2950 2789 que je daignois lui adminiſtrer.
528 2783 3387 2973 J'ai renvoyé Laure à la campagne,
387 2969 3357 3148 avec tous mes enfans. Je veux abſolu-
73 3159 3357 3346 ment l'y aller rejoindre, & vivre dans
204 3345 3361 3537 l'obſcurité auprès d'elle, juſqu'à ce que
391 3528 3361 3727 mes affaires ſoient rétablies. Son père eſt
391 3723 3368 3920 retourné en Amérique; ſans cela, il ne
383 3912 2961 4114 nous laiſſeroit pas ſi tranquilles.
75 4263 3330 4463 i
1729 4652 2414 4860 Suite.
402 4934 619 5037 L
394 5032 3338 5252 'en eſt fait, mon ami, je n'ai plus
383 5243 3600 5437 rien. Je ſuis abſolument ruiné. Je n'ai
60 5431 3334 5827 louo s inlaiilennmau , e je étoi
375 5802 3334 6017 obligé de conſerver encore une vie
368 5987 3517 6211 affreuſe, que j'abhorre, pour ſoutenir
2357 6208 2730 6396 H iij
2696 7867 2916 7971 L
259 7949 1087 8039 -------
