4266 8141
1509 618 2100 833 r
33 817 3352 1067 J'ai gagné pendant quelque temps; mais
18 1051 3348 1257 la chance a tourné. Il paroît que des gens
14 1239 3582 1451 adroits s'étoient rendus maîtres du ſort,
10 1431 3428 1648 & le dirigeoient à leur gré, d'abord d'une
352 1627 3692 1839 manière favorable, pour m'allécher, en-
126 1821 3344 2035 ſuite d'une manière tout-à-fait contraire,
95 2033 1506 2230 pour me ruiner.
452 2194 3559 2422 Je n'ai pas tardé à voir le fond de
-1 2403 3590 2607 ma bourſe. J'ai continué de jouer ſur
-4 2603 3625 2806 ma parole, qu'on a acceptée avec beau-
-8 2791 3432 2996 coup de politeſſe, me faiſant ſentir, du
-7 2987 3356 3184 ton le plus flatteur, qu'on s'y fioit beau-
-2 3178 3344 3374 coup. J'ai continué d'aller à la dérive &
-2 3371 3348 3563 de perdre. Je voulois me raccrocher. On
-8 3559 3352 3761 me ſoutenoit toujours qu'il ne falloit
141 3751 3451 3948 qu'un coup pour me rétablir, que j'étois
-11 3947 3352 4135 dans une veine de bonheur, & qu'in-
-2 4139 3459 4336 failliblement je devois finir par gagner.
0 4327 3532 4531 Je me ſuis laiſſé engeoler, de cette in-
-8 4526 3363 4724 digne manière. J'ai perdu tout ce que
37 4711 3359 4911 j'avois, & quatre-vingt mille francs ſur
37 4909 3352 5111 ma parole. On ne m'a donné que deux
341 5103 3363 5299 jours pour les payer, parce que les per-
0 5299 3621 5495 ſonnes, qui me les ont gagnés, partent
41 5494 3352 5695 ſous deux jours. Je crois que tous ces
317 5682 3359 5906 honnêtes - gens - là s'entendent enſemble.
41 5875 2092 6086 C'eſt un coupe-gorge.
325 6063 3356 6282 Je me ſuis enfui en grinçant des
-11 6253 3348 6476 dents, & en me cachant le viſage, pour
2406 6474 3135 6694 Hiv
