<PcGts xmlns="http://schema.primaresearch.org/PAGE/gts/pagecontent/2017-07-15" xmlns:xsi="http://www.w3.org/2001/XMLSchema-instance" xsi:schemaLocation="http://schema.primaresearch.org/PAGE/gts/pagecontent/2017-07-15 http://schema.primaresearch.org/PAGE/gts/pagecontent/2017-07-15/pagecontent.xsd"><Metadata><Creator>User123</Creator><Created>2020-10-15T18:11:59</Created><LastChange>2020-10-15T18:11:59</LastChange></Metadata><Page imageFilename="0185.png" imageHeight="8412" imageWidth="4266"><TextRegion id="r0" type="paragraph" orientation="-0.0"><Coords points="1,1 4264,1 4264,8410 1,8410"/><TextLine id="r0_l001"><Coords points="2208,916 2208,914 2207,913 2207,910 2206,909 2206,907 2205,906 2205,903 2204,902 2204,900 2203,899 2203,896 2202,895 2202,893 2201,892 2201,889 2200,888 2200,886 2199,885 2199,883 2198,882 2198,879 2197,878 2197,876 2196,875 2196,872 2195,871 2195,869 2194,868 2194,865 2193,864 2193,862 2192,861 2192,858 2191,857 2191,855 2190,854 2190,852 2189,851 2189,848 2188,847 2188,845 2187,844 2187,841 2186,840 2186,838 2185,837 2185,834 2184,833 2184,831 2183,830 2183,827 2182,826 2182,824 2181,823 2181,820 2180,819 2180,817 2179,816 2179,814 2178,813 2178,810 2177,809 2177,807 2176,806 2176,803 2175,802 2175,800 2174,799 2174,796 2173,795 2173,793 2172,792 2172,789 2171,788 2171,786 2170,785 2170,783 2169,782 2169,779 2168,778 2168,776 2167,775 2167,772 2166,771 2166,769 2165,768 2165,765 2164,764 2164,762 2163,761 2163,758 2162,757 2162,755 2161,754 2161,752 2160,751 2160,748 2159,747 2159,745 2158,744 2158,741 2157,740 2157,738 2156,737 2156,734 2155,733 2155,731 2154,730 2154,727 2153,726 2153,724 2152,723 2152,720 2151,719 2151,717 2150,716 2150,714 2149,713 2149,710 2148,709 2148,707 2147,706 2147,703 2146,702 2146,700 2145,699 2145,696 2144,695 2144,693 2143,692 2143,689 2142,688 2142,686 2141,685 2141,683 2140,682 2140,679 2139,678 2139,676 2139,675 2115,675 2113,674 2113,673 2112,671 2111,671 2109,670 2109,661 2111,659 2112,659 2113,658 2113,657 2115,655 2141,655 2141,656 2141,658 2142,659 2142,661 2143,662 2143,665 2144,666 2144,669 2145,670 2145,672 2146,673 2146,676 2147,677 2147,679 2148,680 2148,683 2149,684 2149,685 2150,685 2371,685 2371,686 2371,687 2372,687 2765,687 2765,688 2765,689 2768,691 2769,691 2769,692 2769,693 2772,695 2773,695 2773,696 2773,697 2775,698 2897,698 2898,700 2898,709 2897,710 2896,710 2895,711 2895,712 2893,714 2892,714 2891,715 2891,716 2890,717 2890,721 2889,722 2798,722 2797,723 2797,794 2796,795 2796,796 2796,796 2795,796 2793,798 2793,814 2791,816 2790,816 2789,817 2789,826 2788,827 2787,827 2785,829 2785,838 2784,839 2783,839 2781,841 2781,846 2780,847 2779,847 2777,849 2777,854 2777,854 2776,854 2773,857 2773,858 2773,858 2772,858 2769,861 2769,862 2769,862 2768,862 2767,863 2535,863 2534,864 2534,913 2535,913 2955,913 2957,916 2957,916 2535,916 2534,917"/><TextEquiv index="1"><Unicode>S</Unicode></TextEquiv></TextLine><TextLine id="r0_l002"><Coords points="2159,1113 2158,1112 2157,1112 2156,1112 2156,1111 2155,1109 2135,1109 2132,1107 2132,1083 2132,1082 1186,1082 1185,1081 1184,1081 1183,1081 1183,1071 1183,1070 1049,1070 1048,1069 1047,1069 1046,1069 1046,1064 1048,1062 1066,1062 1066,1062 1066,1013 1068,1011 1069,1011 1069,1011 1069,1010 1070,1009 1070,1005 1072,1003 1073,1003 1073,1003 1073,998 1076,995 1081,995 1081,995 1081,994 1084,991 1085,991 1085,991 1085,990 1088,987 1089,987 1089,987 1089,986 1091,984 1119,984 1120,983 1120,982 1122,980 1138,980 1140,978 1140,977 1141,976 1249,976 1249,976 1249,935 1251,933 1252,933 1253,932 1253,931 1255,929 1925,929 1925,929 1925,923 1927,921 1932,921 1933,920 1933,919 1935,917 2507,917 2507,917 2507,904 2510,901 2514,901 2515,903 2515,917 2516,917 2948,917 2949,916 2958,916 2959,917 3538,917 3539,919 3539,920 3541,921 3585,921 3586,923 3586,924 3588,925 3589,925 3590,927 3590,929 3591,929 3991,929 3992,931 3992,932 3994,933 4003,933 4004,935 4004,940 4004,940 4003,940 4000,943 4000,1065 3999,1066 2856,1066 2855,1067 2855,1088 2854,1089 2853,1089 2852,1090 2852,1091 2850,1093 2849,1093 2848,1094 2848,1095 2846,1097 2841,1097 2840,1098 2840,1099 2838,1101 2837,1101 2836,1102 2836,1103 2834,1105 2826,1105 2824,1107 2824,1108 2824,1108 2823,1108 2822,1109 2165,1109 2164,1110 2164,1111 2162,1113"/><TextEquiv index="1"><Unicode>qu'on ne vît pas ma grimace. Je croi</Unicode></TextEquiv></TextLine><TextLine id="r0_l003"><Coords points="3966,1319 3965,1319 3965,1262 3965,1261 3782,1261 3781,1262 3781,1264 3780,1265 3779,1265 3777,1267 3777,1280 3777,1280 3776,1280 3773,1283 3773,1284 3773,1284 3772,1284 3770,1286 3770,1290 3769,1291 3769,1292 3769,1292 3768,1292 3765,1295 3765,1296 3765,1296 3764,1296 3761,1299 3761,1300 3761,1300 3556,1300 3555,1300 3555,1299 3554,1298 3554,1254 3554,1253 3349,1253 3348,1254 3348,1306 3347,1307 3347,1308 3347,1308 3224,1308 3223,1308 3223,1307 3218,1302 3218,1254 3218,1253 3154,1253 3152,1252 3152,1251 3151,1249 2901,1249 2897,1253 2740,1253 2738,1252 2738,1251 2738,1250 2554,1250 2505,1250 2503,1252 2503,1253 2503,1253 1977,1253 1976,1254 1976,1299 1974,1301 1973,1301 1972,1302 1972,1303 1971,1304 1951,1304 1948,1307 1948,1308 1948,1308 1935,1308 1933,1307 1933,1254 1933,1253 1771,1253 1769,1255 1769,1256 1768,1257 1353,1257 1351,1259 1351,1260 1350,1261 1262,1261 1261,1262 1261,1311 1260,1312 1235,1312 1234,1313 1234,1314 1232,1316 1224,1316 1222,1315 1222,1314 1221,1312 1220,1312 1218,1311 1218,1309 1218,1308 1138,1308 1136,1307 1136,1305 1136,1304 1048,1304 1046,1303 1046,1302 1048,1300 1054,1300 1054,1300 1054,1192 1055,1191 1056,1191 1057,1190 1069,1190 1070,1189 1070,1188 1071,1187 1076,1187 1078,1185 1078,1184 1079,1183 1088,1183 1089,1182 1089,1181 1091,1179 1093,1179 1093,1179 1093,1151 1094,1150 1167,1150 1167,1150 1167,1145 1168,1144 1169,1144 1170,1143 1171,1143 1171,1144 1171,1146 1178,1152 1179,1152 1179,1153 1179,1159 1180,1159 1224,1159 1225,1160 1226,1160 1226,1161 1226,1175 1227,1175 1378,1175 1378,1175 1378,1173 1380,1171 1519,1171 1519,1171 1519,1126 1521,1124 1522,1124 1523,1123 1523,1122 1525,1120 1538,1120 1538,1120 1538,1119 1541,1116 1543,1119 1543,1120 1544,1120 1549,1120 1550,1122 1550,1175 1551,1175 1745,1175 1745,1175 1745,1174 1748,1171 1753,1171 1753,1171 1753,1169 1755,1167 1756,1167 1758,1170 1758,1171 1759,1171 2074,1171 2074,1171 2074,1126 2076,1124 2092,1124 2093,1126 2093,1127 2095,1128 2096,1128 2097,1130 2097,1139 2099,1140 2100,1140 2101,1142 2101,1171 2102,1171 2414,1171 2414,1171 2414,1161 2416,1159 2417,1159 2417,1159 2417,1128 2418,1127 2418,1126 2420,1124 2432,1124 2433,1126 2433,1127 2435,1128 2436,1128 2437,1130 2437,1131 2438,1131 2439,1132 2440,1132 2441,1134 2441,1171 2442,1171 2553,1171 2554,1173 2554,1174 2556,1175 2741,1175 2742,1174 2742,1173 2744,1171 2746,1171 2746,1171 2746,1149 2747,1148 2748,1148 2753,1143 2753,1136 2754,1135 2754,1134 2756,1132 2757,1132 2757,1132 2757,1123 2760,1120 2761,1120 2761,1120 2761,1119 2764,1116 2767,1116 2768,1117 2769,1117 2769,1118 2769,1167 2770,1167 2945,1167 2945,1167 2945,1126 2946,1125 2947,1125 2949,1123 2949,1118 2950,1117 2951,1117 2952,1116 2967,1116 2968,1118 2968,1119 2969,1120 2969,1163 2970,1163 3006,1163 3008,1166 3008,1167 3009,1167 3010,1167 3012,1170 3012,1171 3013,1171 3034,1171 3035,1173 3035,1174 3037,1175 3413,1175 3414,1174 3414,1173 3416,1171 3422,1171 3422,1171 3422,1130 3424,1128 3429,1128 3429,1129 3429,1167 3430,1167 3432,1167 3434,1170 3434,1171 3435,1171 3678,1171 3680,1174 3680,1175 3681,1175 3917,1175 3918,1177 3918,1178 3920,1179 3952,1179 3954,1182 3954,1183 3955,1183 3980,1183 3980,1184 3980,1185 3983,1187 3984,1187 3984,1188 3984,1193 3987,1195 3988,1195 3988,1196 3988,1245 3989,1245 3991,1245 3992,1247 3992,1252 3994,1253 3995,1253 3996,1255 3996,1257 3996,1257 3995,1257 3994,1258 3993,1258 3992,1259 3992,1260 3991,1261 3990,1261 3988,1263 3988,1264 3987,1265 3974,1265 3973,1266 3973,1319 3973,1319"/><TextEquiv index="1"><Unicode>cependant qu'on s'en étoit apperçu; ca</Unicode></TextEquiv></TextLine><TextLine id="r0_l004"><Coords points="3904,1513 3903,1513 3903,1454 3903,1453 3716,1453 3715,1454 3715,1487 3714,1488 3713,1488 3709,1492 3702,1492 3694,1484 3693,1484 3691,1483 3691,1453 3691,1452 3654,1452 3652,1451 3652,1450 3652,1449 3427,1449 3426,1450 3426,1451 3424,1453 3423,1453 3422,1454 3422,1463 3421,1464 3420,1464 3418,1466 3418,1467 3417,1468 3416,1468 3414,1470 3414,1471 3413,1472 3413,1472 3412,1472 3410,1474 3410,1475 3409,1476 3400,1476 3398,1475 3398,1454 3398,1453 3288,1453 3287,1452 3286,1452 3285,1452 3285,1451 3284,1449 3151,1449 3148,1447 3148,1446 3148,1445 2958,1445 2957,1446 2957,1447 2955,1449 2701,1449 2699,1451 2699,1452 2699,1452 2696,1452 2695,1452 2695,1451 2694,1449 2220,1449 2218,1451 2218,1452 2218,1452 2163,1452 2162,1453 2159,1453 2158,1452 2157,1452 2156,1452 2156,1451 2155,1449 1923,1449 1921,1451 1921,1452 1921,1452 1920,1452 1919,1453 1913,1453 1912,1452 1911,1452 1910,1452 1910,1450 1910,1449 1735,1449 1734,1450 1734,1451 1732,1453 1641,1453 1640,1454 1640,1455 1639,1456 1638,1456 1637,1457 1624,1457 1623,1456 1395,1456 1394,1456 1394,1455 1393,1453 1102,1453 1101,1454 1101,1471 1100,1472 1099,1472 1097,1474 1097,1483 1096,1484 1095,1484 1093,1486 1093,1487 1093,1487 1092,1487 1089,1490 1089,1499 1089,1499 1084,1499 1081,1502 1081,1503 1081,1503 1080,1503 1077,1506 1077,1507 1077,1507 1067,1507 1066,1507 1066,1502 1064,1499 1063,1499 1062,1499 1062,1384 1064,1382 1077,1382 1077,1382 1077,1346 1078,1345 1078,1344 1079,1343 1093,1343 1093,1343 1093,1321 1094,1320 1095,1320 1096,1319 1111,1319 1113,1322 1113,1323 1114,1323 1259,1323 1260,1324 1261,1324 1261,1325 1261,1369 1263,1370 1557,1370 1558,1369 1558,1368 1559,1367 1560,1367 1561,1366 1568,1366 1570,1369 1570,1370 1571,1370 1812,1370 1812,1370 1812,1318 1814,1316 1822,1316 1824,1314 1824,1313 1825,1312 1831,1312 1831,1313 1831,1314 1834,1316 1835,1316 1835,1317 1835,1367 1836,1368 1836,1370 1837,1370 2070,1370 2070,1370 2070,1321 2071,1320 2072,1320 2074,1318 2074,1317 2075,1316 2080,1316 2082,1314 2082,1313 2083,1312 2093,1312 2093,1313 2093,1314 2096,1316 2097,1316 2097,1317 2097,1366 2098,1366 2162,1366 2164,1369 2164,1370 2165,1370 2371,1370 2371,1370 2371,1352 2372,1351 2373,1351 2374,1350 2374,1343 2375,1342 2375,1341 2376,1340 2377,1339 2378,1339 2378,1339 2378,1334 2381,1331 2382,1331 2382,1331 2382,1318 2384,1316 2385,1316 2386,1315 2386,1314 2388,1312 2511,1312 2511,1313 2511,1314 2514,1316 2519,1316 2519,1317 2519,1362 2520,1362 2626,1362 2627,1363 2628,1363 2629,1364 2629,1365 2629,1366 2630,1366 2859,1366 2859,1366 2859,1318 2861,1316 2862,1316 2863,1315 2863,1314 2865,1312 2882,1312 2882,1313 2882,1314 2883,1314 2885,1316 2886,1316 2886,1317 2886,1318 2889,1320 2890,1320 2890,1321 2890,1366 2891,1366 3148,1366 3148,1366 3148,1318 3150,1316 3151,1316 3152,1315 3152,1314 3154,1312 3163,1312 3164,1314 3164,1315 3166,1316 3167,1316 3168,1318 3168,1366 3169,1366 3302,1366 3303,1367 3304,1367 3305,1368 3305,1369 3305,1370 3306,1370 3314,1370 3315,1371 3316,1371 3316,1372 3316,1373 3317,1373 3318,1374 3319,1374 3320,1376 3320,1381 3322,1382 3323,1382 3324,1384 3324,1385 3326,1386 3327,1386 3328,1388 3328,1421 3329,1421 3523,1421 3523,1421 3523,1400 3525,1398 3526,1398 3527,1397 3527,1392 3529,1390 3530,1390 3531,1389 3531,1388 3533,1386 3534,1386 3535,1385 3535,1384 3537,1382 3538,1382 3539,1381 3539,1381 3539,1380 3541,1378 3542,1378 3543,1377 3543,1377 3543,1376 3545,1374 3554,1374 3555,1373 3555,1372 3557,1370 3566,1370 3566,1370 3566,1322 3569,1319 3570,1319 3570,1319 3570,1318 3572,1316 3593,1316 3594,1318 3594,1319 3596,1320 3597,1320 3598,1322 3598,1366 3599,1366 3808,1366 3809,1365 3809,1364 3810,1363 3820,1363 3820,1364 3820,1365 3823,1367 3824,1367 3824,1368 3824,1369 3826,1370 3842,1370 3843,1371 3937,1371 3937,1371 3937,1330 3940,1327 3941,1327 3941,1327 3941,1326 3943,1324 3944,1324 3945,1323 3965,1323 3965,1323 3965,1320 3966,1319 3973,1319 3973,1320 3973,1335 3974,1335 3979,1335 3981,1338 3981,1339 3982,1339 3983,1339 3984,1341 3984,1374 3985,1374 4034,1374 4035,1376 4035,1377 4037,1378 4038,1378 4039,1380 4039,1385 4041,1386 4042,1386 4043,1388 4043,1389 4045,1390 4046,1390 4047,1392 4047,1393 4049,1394 4050,1394 4051,1396 4051,1405 4053,1406 4054,1406 4055,1408 4055,1443 4053,1445 4052,1445 4051,1446 4051,1447 4049,1449 4048,1449 4047,1450 4047,1451 4045,1453 4040,1453 4039,1454 4039,1459 4034,1464 3981,1464 3980,1465 3980,1472 3980,1472 3979,1472 3973,1478 3973,1490 3971,1492 3970,1492 3969,1493 3969,1498 3968,1499 3967,1499 3965,1501 3965,1506 3964,1507 3963,1507 3962,1508 3961,1509 3961,1510 3960,1511 3915,1511 3914,1512 3914,1513 3914,1513"/><TextEquiv index="1"><Unicode>j'ai entendu des éclats de rire, dont je</Unicode></TextEquiv></TextLine><TextLine id="r0_l005"><Coords points="1100,1707 1099,1706 1071,1706 1069,1705 1069,1704 1069,1703 1068,1703 1066,1702 1066,1673 1066,1672 952,1672 951,1671 950,1671 948,1670 948,1669 948,1668 947,1668 944,1666 947,1663 1062,1663 1062,1663 1062,1579 1063,1578 1064,1578 1065,1577 1066,1576 1066,1575 1067,1574 1076,1574 1077,1573 1077,1572 1079,1570 1287,1570 1288,1569 1288,1568 1290,1566 1402,1566 1402,1566 1402,1536 1403,1535 1404,1535 1405,1534 1405,1533 1407,1531 1519,1531 1519,1531 1519,1521 1521,1519 1522,1519 1523,1518 1523,1517 1525,1515 1706,1515 1706,1515 1706,1514 1709,1511 1713,1511 1714,1510 1714,1509 1716,1507 1717,1507 1718,1509 1718,1510 1720,1511 1807,1511 1808,1513 1808,1518 1810,1519 1811,1519 1812,1521 1812,1562 1813,1562 1925,1562 1925,1563 1925,1564 1928,1566 1932,1566 1933,1568 1933,1570 1934,1570 2089,1570 2089,1570 2089,1545 2092,1542 2093,1542 2093,1542 2093,1529 2095,1527 2096,1527 2097,1526 2097,1525 2099,1523 2100,1523 2101,1522 2101,1517 2103,1515 2104,1515 2105,1514 2105,1513 2107,1511 2112,1511 2113,1513 2113,1514 2115,1515 2116,1515 2117,1517 2117,1522 2118,1522 2119,1523 2124,1523 2124,1524 2124,1525 2125,1526 2125,1530 2127,1531 2128,1531 2128,1532 2128,1533 2129,1534 2129,1538 2130,1538 2131,1538 2132,1540 2132,1545 2134,1546 2135,1546 2136,1548 2136,1558 2137,1558 2273,1558 2273,1558 2273,1556 2275,1554 2276,1554 2277,1556 2277,1562 2278,1562 2484,1562 2484,1562 2484,1517 2486,1515 2487,1515 2487,1515 2488,1514 2488,1513 2490,1511 2499,1511 2499,1511 2499,1510 2502,1507 2503,1507 2503,1508 2503,1509 2508,1514 2508,1562 2509,1562 2713,1562 2714,1561 2714,1553 2717,1550 2718,1550 2718,1550 2718,1541 2721,1538 2722,1538 2722,1538 2722,1533 2724,1531 2725,1531 2726,1530 2726,1525 2728,1523 2729,1523 2729,1523 2730,1522 2730,1521 2732,1519 2733,1519 2733,1519 2734,1518 2734,1517 2736,1515 2737,1515 2737,1515 2738,1514 2738,1513 2740,1511 2745,1511 2746,1510 2746,1509 2748,1507 2757,1507 2757,1507 2757,1506 2760,1503 2764,1503 2765,1505 2765,1506 2767,1507 2772,1507 2773,1509 2773,1510 2774,1511 2775,1511 2776,1511 2777,1513 2777,1527 2778,1527 2874,1527 2875,1529 2875,1530 2877,1531 2882,1531 2882,1532 2882,1533 2885,1535 2886,1535 2886,1536 2886,1537 2887,1538 2887,1558 2888,1558 3007,1558 3007,1559 3007,1560 3010,1562 3179,1562 3179,1562 3179,1522 3180,1521 3180,1520 3181,1519 3182,1519 3182,1519 3183,1518 3183,1517 3185,1515 3187,1515 3187,1516 3187,1517 3188,1518 3188,1519 3189,1519 3233,1519 3234,1521 3234,1562 3235,1562 3491,1562 3492,1561 3492,1556 3494,1554 3495,1554 3496,1553 3496,1544 3497,1543 3498,1543 3500,1541 3500,1540 3501,1539 3502,1539 3504,1537 3504,1536 3505,1535 3506,1535 3508,1533 3508,1532 3509,1531 3510,1531 3512,1529 3512,1528 3513,1527 3514,1527 3516,1525 3516,1524 3517,1523 3518,1523 3520,1521 3520,1520 3521,1519 3526,1519 3527,1518 3527,1517 3529,1515 3558,1515 3558,1515 3558,1514 3561,1511 3569,1511 3570,1513 3570,1514 3572,1515 3589,1515 3590,1517 3590,1518 3592,1519 3601,1519 3601,1520 3601,1521 3604,1523 3605,1523 3605,1524 3605,1546 3606,1546 3608,1546 3609,1548 3609,1566 3610,1566 3898,1566 3898,1566 3898,1518 3899,1517 3899,1516 3900,1515 3901,1515 3903,1513 3914,1513 3916,1515 4015,1515 4016,1517 4016,1558 4017,1558 4034,1558 4036,1561 4036,1562 4037,1562 4038,1562 4039,1564 4039,1569 4040,1569 4041,1569 4041,1570 4043,1572 4043,1573 4044,1573 4045,1573 4046,1574 4050,1574 4051,1576 4051,1577 4052,1577 4053,1577 4055,1580 4055,1643 4054,1644 4053,1644 4051,1646 4051,1651 4051,1651 4050,1651 4045,1656 4026,1656 4023,1654 4023,1653 4023,1652 3979,1652 3977,1651 3977,1649 3977,1648 3798,1648 3797,1649 3797,1697 3795,1699 3580,1699 3578,1698 3578,1649 3578,1648 3490,1648 3489,1649 3489,1706 3489,1706 3479,1706 3478,1705 3474,1705 3473,1705 3473,1649 3473,1648 3186,1648 3182,1644 2884,1644 2883,1645 2883,1658 2881,1660 2880,1660 2879,1661 2879,1666 2878,1667 2877,1667 2875,1669 2875,1686 2874,1687 2873,1687 2867,1693 2867,1694 2866,1695 2861,1695 2859,1694 2859,1693 2858,1691 2857,1691 2855,1690 2855,1645 2855,1644 2330,1644 2327,1647 2327,1648 2327,1648 2111,1648 2109,1647 2109,1646 2108,1644 1872,1644 1871,1645 1871,1646 1869,1648 1379,1648 1378,1649 1378,1655 1377,1656 1376,1656 1375,1657 1375,1658 1373,1660 1370,1658 1370,1657 1370,1656 1369,1656 1366,1654 1366,1653 1366,1652 1302,1652 1300,1651 1300,1649 1300,1648 1114,1648 1113,1649 1113,1705 1112,1706 1111,1706 1110,1707"/><TextEquiv index="1"><Unicode>pouvois bien être le ſujet. Les Coquins</Unicode></TextEquiv></TextLine><TextLine id="r0_l006"><Coords points="3513,1898 3512,1898 3512,1897 3508,1893 3508,1844 3508,1843 3400,1843 3398,1842 3398,1841 3397,1839 3209,1839 3207,1841 3207,1842 3206,1843 3204,1843 3203,1843 3203,1842 3201,1839 2666,1839 2664,1841 2664,1842 2663,1843 2654,1843 2652,1842 2652,1841 2651,1839 2326,1839 2324,1841 2324,1842 2323,1843 1420,1843 1417,1846 1417,1847 1417,1847 1403,1847 1402,1847 1402,1846 1400,1843 1192,1843 1191,1844 1191,1846 1190,1847 1087,1847 1085,1846 1085,1845 1084,1843 1079,1843 1078,1843 1078,1842 1076,1839 1075,1839 1074,1839 1074,1838 1073,1837 1073,1797 1073,1796 1071,1796 1070,1796 1070,1795 1069,1794 1069,1782 1069,1781 1064,1781 1062,1780 1062,1779 1061,1777 1060,1777 1058,1776 1058,1774 1059,1773 1096,1773 1097,1772 1097,1771 1099,1769 1104,1769 1105,1768 1105,1767 1107,1765 1331,1765 1331,1765 1331,1717 1332,1716 1332,1715 1333,1714 1334,1714 1338,1710 1349,1710 1359,1721 1359,1761 1360,1761 1557,1761 1558,1760 1558,1759 1560,1757 1561,1757 1562,1759 1562,1760 1564,1761 1667,1761 1667,1761 1667,1721 1668,1720 1668,1719 1669,1718 1820,1718 1820,1718 1820,1712 1822,1710 1901,1710 1902,1709 1902,1708 1903,1707 1904,1707 1905,1706 1909,1706 1910,1705 1910,1704 1911,1703 1912,1703 1913,1702 1923,1702 1924,1703 1925,1703 1925,1704 1925,1705 1928,1707 1929,1707 1929,1708 1929,1761 1930,1761 2069,1761 2070,1763 2070,1764 2072,1765 2234,1765 2234,1765 2234,1716 2236,1714 2237,1714 2238,1713 2238,1712 2239,1711 2240,1711 2242,1709 2242,1708 2243,1707 2244,1707 2245,1706 2256,1706 2257,1708 2257,1709 2259,1710 2260,1710 2261,1712 2261,1761 2262,1761 2448,1761 2449,1760 2449,1759 2451,1757 2511,1757 2511,1757 2511,1713 2514,1710 2515,1710 2515,1710 2515,1709 2518,1706 2529,1706 2537,1714 2538,1714 2539,1716 2539,1761 2540,1761 2804,1761 2804,1761 2804,1713 2807,1710 2808,1710 2808,1710 2808,1709 2811,1706 2818,1706 2819,1707 2820,1707 2820,1708 2820,1709 2823,1711 2824,1711 2824,1712 2824,1721 2826,1722 2827,1722 2828,1724 2828,1729 2830,1730 2831,1730 2832,1732 2832,1737 2834,1738 2835,1738 2836,1740 2836,1745 2837,1745 2838,1745 2840,1748 2840,1761 2841,1761 3007,1761 3007,1761 3007,1760 3010,1757 3136,1757 3136,1757 3136,1756 3139,1753 3143,1753 3144,1755 3144,1756 3146,1757 3155,1757 3156,1759 3156,1760 3158,1761 3308,1761 3308,1761 3308,1728 3310,1726 3379,1726 3379,1726 3379,1712 3381,1710 3382,1710 3383,1709 3383,1708 3385,1706 3472,1706 3473,1705 3478,1705 3479,1706 3491,1706 3492,1708 3492,1761 3493,1761 3628,1761 3629,1760 3629,1759 3631,1757 3639,1757 3641,1760 3641,1761 3642,1761 3934,1761 3934,1761 3934,1716 3936,1714 3937,1714 3937,1714 3937,1713 3940,1710 3941,1710 3941,1710 3941,1709 3944,1706 3945,1708 3945,1709 3947,1710 3987,1710 3988,1712 3988,1713 3990,1714 3991,1714 3992,1716 3992,1745 3993,1745 4029,1745 4030,1746 4031,1746 4031,1747 4031,1768 4033,1769 4038,1769 4039,1771 4039,1772 4041,1773 4042,1773 4043,1775 4043,1776 4045,1777 4046,1777 4047,1779 4047,1784 4048,1784 4049,1784 4051,1787 4051,1838 4050,1839 4049,1839 4047,1841 4047,1846 4047,1846 4046,1847 4045,1847 4043,1849 4043,1850 4042,1851 4037,1851 4036,1852 4036,1853 4034,1855 3947,1855 3945,1857 3945,1858 3944,1859 3932,1859 3929,1857 3929,1856 3929,1855 3924,1855 3922,1854 3922,1853 3922,1852 3921,1851 3920,1851 3918,1850 3918,1844 3918,1843 3548,1843 3547,1844 3547,1893 3546,1894 3545,1894 3544,1895 3543,1896 3543,1897 3542,1898"/><TextEquiv index="1"><Unicode>avoient raiſon de rire à mes dépens. Je</Unicode></TextEquiv></TextLine><TextLine id="r0_l007"><Coords points="1622,2097 1621,2097 1621,2096 1619,2093 1618,2093 1617,2093 1617,2092 1616,2091 1616,2040 1616,2039 1310,2039 1306,2043 1135,2043 1134,2042 1071,2042 1069,2041 1069,2040 1069,2039 1068,2039 1066,2038 1066,1985 1066,1984 1060,1984 1058,1983 1058,1974 1060,1972 1061,1972 1062,1971 1062,1970 1064,1968 1065,1968 1066,1967 1066,1966 1068,1964 1077,1964 1077,1964 1077,1963 1080,1960 1159,1960 1159,1960 1159,1947 1161,1945 1162,1945 1163,1944 1163,1916 1166,1913 1167,1913 1167,1913 1167,1912 1169,1910 1237,1910 1237,1910 1237,1909 1238,1908 1238,1907 1239,1906 1240,1906 1242,1904 1242,1903 1243,1902 1249,1902 1249,1903 1249,1904 1251,1905 1433,1905 1433,1905 1433,1904 1435,1902 1444,1902 1445,1904 1445,1905 1447,1906 1448,1906 1448,1907 1448,1908 1451,1910 1452,1910 1452,1911 1452,1912 1453,1913 1453,1960 1454,1960 1636,1960 1636,1960 1636,1959 1639,1956 1866,1956 1866,1956 1866,1914 1867,1913 1867,1911 1868,1910 1870,1910 1871,1909 1872,1910 1874,1910 1874,1911 1874,1912 1875,1913 1875,1917 1876,1917 1936,1917 1937,1919 1937,1953 1938,1953 1968,1953 1968,1954 1968,1955 1970,1956 2190,1956 2191,1955 2191,1954 2192,1953 2194,1953 2197,1956 2535,1956 2535,1956 2535,1927 2537,1925 2597,1925 2597,1925 2597,1908 2599,1906 2608,1906 2609,1905 2609,1904 2611,1902 2624,1902 2625,1904 2625,1952 2626,1952 2804,1952 2804,1952 2804,1932 2807,1929 2808,1929 2808,1929 2808,1924 2811,1921 2812,1921 2812,1921 2812,1912 2815,1909 2816,1909 2816,1909 2816,1908 2818,1906 2827,1906 2827,1906 2827,1905 2830,1902 3046,1902 3047,1904 3047,1956 3048,1956 3398,1956 3398,1956 3398,1908 3400,1906 3405,1906 3406,1905 3406,1904 3408,1902 3464,1902 3465,1904 3465,1905 3467,1906 3468,1906 3469,1908 3469,1956 3470,1956 3943,1956 3944,1957 3945,1957 3945,1958 3945,1959 3947,1960 4041,1960 4042,1961 4043,1961 4043,1962 4043,1963 4050,1969 4051,1969 4051,1970 4051,2026 4053,2027 4054,2027 4055,2029 4055,2042 4056,2042 4057,2042 4059,2045 4059,2049 4058,2050 4057,2050 4055,2052 4055,2057 4054,2058 4053,2058 4051,2060 4051,2073 4051,2073 4050,2073 4047,2076 4047,2080 4034,2093 4029,2093 4027,2092 4027,2048 4027,2047 3992,2047 3991,2046 3990,2046 3988,2045 3988,2044 3988,2043 3675,2043 3674,2042 3673,2042 3672,2042 3672,2041 3671,2039 3561,2039 3558,2037 3558,2036 3558,2035 3373,2035 3369,2039 2685,2039 2683,2041 2683,2042 2683,2042 2681,2042 2679,2041 2679,2040 2679,2039 2360,2039 2359,2040 2359,2089 2359,2089 2358,2089 2354,2093 2318,2093 2316,2092 2316,2043 2316,2042 2065,2042 2064,2043 2014,2043 2011,2041 2011,2040 2011,2039 1665,2039 1664,2040 1664,2095 1663,2096 1663,2097 1663,2097"/><TextEquiv index="1"><Unicode>n'étois pourtant pas le ſeul malheureux;</Unicode></TextEquiv></TextLine><TextLine id="r0_l008"><Coords points="1473,2295 1472,2295 1472,2235 1472,2234 1275,2234 1272,2237 1272,2238 1272,2238 1263,2238 1261,2237 1261,2236 1260,2234 1064,2234 1062,2233 1062,2165 1063,2164 1064,2164 1065,2163 1066,2162 1066,2161 1067,2160 1072,2160 1074,2158 1074,2157 1075,2156 1296,2156 1296,2156 1296,2111 1298,2109 1299,2109 1300,2108 1300,2103 1302,2101 1315,2101 1315,2102 1315,2103 1318,2105 1495,2105 1495,2105 1495,2104 1498,2101 1502,2101 1504,2099 1504,2098 1505,2097 1514,2097 1515,2099 1515,2156 1516,2156 1714,2156 1714,2156 1714,2154 1716,2152 1886,2152 1886,2152 1886,2107 1888,2105 1905,2105 1906,2107 1906,2156 1907,2156 2214,2156 2214,2156 2214,2107 2216,2105 2217,2105 2219,2103 2219,2102 2220,2101 2241,2101 2242,2103 2242,2156 2243,2156 2295,2156 2297,2154 2297,2153 2298,2152 2382,2152 2382,2153 2382,2154 2385,2156 2425,2156 2425,2156 2425,2127 2428,2124 2432,2124 2433,2126 2433,2156 2434,2156 2611,2156 2612,2155 2613,2155 2613,2155 2613,2154 2615,2152 2670,2152 2672,2150 2672,2149 2673,2148 2678,2148 2682,2152 2890,2152 2890,2153 2890,2154 2893,2156 3031,2156 3031,2156 3031,2119 3033,2117 3045,2117 3047,2115 3047,2114 3048,2113 3053,2113 3055,2111 3055,2110 3056,2109 3070,2109 3070,2110 3070,2124 3071,2124 3273,2124 3273,2124 3273,2123 3276,2120 3277,2120 3277,2120 3277,2115 3279,2113 3280,2113 3281,2112 3281,2111 3282,2110 3283,2109 3284,2109 3285,2108 3285,2103 3287,2101 3288,2101 3289,2100 3289,2099 3291,2097 3312,2097 3312,2097 3312,2096 3315,2093 3323,2093 3324,2095 3324,2096 3326,2097 3327,2097 3328,2099 3328,2100 3329,2100 3500,2100 3500,2100 3500,2099 3502,2097 3515,2097 3515,2097 3515,2096 3518,2093 3520,2096 3520,2097 3521,2097 3522,2097 3523,2099 3523,2152 3524,2152 3934,2152 3934,2152 3934,2137 3935,2136 4012,2136 4012,2136 4012,2134 4014,2132 4022,2132 4023,2134 4023,2150 4030,2156 4046,2156 4047,2158 4047,2159 4049,2160 4050,2160 4051,2162 4051,2214 4052,2214 4053,2214 4055,2217 4055,2236 4054,2237 4054,2238 4054,2238 4049,2238 4047,2240 4047,2241 4046,2242 4041,2242 4039,2244 4039,2245 4038,2246 3907,2246 3906,2247 3906,2288 3905,2289 3874,2289 3873,2288 3872,2288 3871,2288 3871,2239 3871,2238 3696,2238 3695,2239 3695,2261 3695,2261 3694,2261 3691,2264 3691,2272 3690,2273 3685,2273 3684,2274 3684,2275 3674,2285 3670,2285 3666,2289 3639,2289 3637,2288 3637,2287 3636,2285 3627,2285 3625,2284 3625,2283 3624,2281 3623,2281 3621,2280 3621,2279 3620,2277 3619,2277 3617,2276 3617,2235 3617,2234 3361,2234 3359,2236 3359,2237 3358,2238 3354,2238 3351,2236 3351,2235 3351,2234 3338,2234 3336,2233 3336,2232 3335,2230 3266,2230 3146,2230 3145,2231 3145,2232 3143,2234 3138,2234 3137,2235 3137,2236 3135,2238 3127,2238 3125,2237 3125,2236 3124,2234 2888,2234 2887,2235 2887,2236 2885,2238 2810,2238 2809,2238 2809,2237 2807,2234 2314,2234 2312,2236 2312,2237 2311,2238 2291,2238 2288,2236 2288,2235 2288,2234 2076,2234 2073,2237 2073,2238 2073,2238 2049,2238 2045,2234 1853,2234 1851,2236 1851,2237 1850,2238 1758,2238 1757,2239 1757,2288 1756,2289 1721,2289 1717,2285 1716,2285 1714,2284 1714,2239 1714,2238 1545,2238 1541,2234 1477,2234 1476,2235 1476,2295 1476,2295"/><TextEquiv index="1"><Unicode>mais la peine des autres ne ſoulage par</Unicode></TextEquiv></TextLine><TextLine id="r0_l009"><Coords points="3904,2484 3902,2483 3902,2430 3902,2429 3713,2429 3711,2431 3711,2432 3710,2433 3638,2433 3637,2433 3637,2432 3635,2429 3311,2429 3308,2432 3308,2433 3308,2433 3224,2433 3223,2434 3223,2482 3222,2483 3222,2484 3222,2484 3178,2484 3172,2479 3172,2478 3171,2477 3171,2430 3171,2429 2971,2429 2968,2432 2968,2433 2968,2433 2958,2433 2957,2433 2957,2432 2955,2429 2369,2429 2367,2431 2367,2432 2366,2433 2353,2433 2352,2434 2352,2435 2351,2436 2351,2437 2351,2437 2349,2437 2347,2436 2347,2435 2346,2433 2016,2433 2015,2434 2015,2436 2014,2437 2001,2437 2000,2438 2000,2443 1999,2444 1999,2445 1999,2445 1978,2445 1976,2444 1976,2443 1975,2441 1970,2441 1968,2440 1968,2434 1968,2433 1548,2433 1547,2434 1547,2435 1545,2437 1532,2437 1531,2437 1531,2436 1529,2433 1063,2433 1062,2433 1062,2432 1060,2429 1059,2429 1058,2429 1058,2423 1059,2422 1060,2422 1061,2421 1062,2420 1062,2419 1063,2418 1064,2418 1065,2417 1066,2417 1066,2417 1066,2306 1068,2304 1069,2304 1069,2304 1069,2303 1072,2300 1073,2300 1073,2300 1073,2299 1076,2296 1089,2296 1089,2296 1089,2295 1092,2292 1099,2292 1101,2295 1101,2351 1102,2351 1386,2351 1386,2351 1386,2349 1388,2347 1460,2347 1460,2347 1460,2303 1463,2300 1464,2300 1464,2300 1464,2299 1467,2296 1471,2296 1472,2295 1477,2295 1478,2296 1482,2296 1484,2299 1484,2308 1485,2308 1486,2308 1488,2311 1488,2351 1489,2351 1984,2351 1984,2351 1984,2302 1986,2300 1987,2300 1988,2299 1988,2298 1990,2296 1992,2299 1992,2300 1993,2300 2072,2300 2074,2303 2074,2304 2075,2304 2076,2304 2078,2307 2078,2308 2079,2308 2080,2308 2086,2315 2086,2347 2087,2347 2287,2347 2291,2351 2543,2351 2543,2351 2543,2302 2545,2300 2546,2300 2546,2300 2546,2299 2549,2296 2701,2296 2703,2298 2883,2298 2885,2296 2890,2296 2890,2296 2890,2295 2893,2292 2904,2292 2910,2299 2910,2347 2911,2347 3198,2347 3199,2346 3199,2345 3201,2343 3453,2343 3453,2343 3453,2294 3454,2293 3455,2293 3456,2292 3482,2292 3483,2293 3484,2293 3484,2294 3484,2347 3485,2347 3710,2347 3711,2349 3711,2350 3713,2351 3902,2351 3902,2351 3902,2350 3905,2347 3953,2347 3953,2347 3953,2345 3954,2344 3955,2344 3956,2343 4027,2343 4027,2343 4027,2303 4030,2300 4031,2300 4031,2300 4031,2299 4034,2296 4039,2296 4039,2296 4039,2287 4041,2285 4046,2285 4047,2287 4047,2288 4048,2288 4049,2288 4051,2291 4051,2292 4052,2292 4053,2292 4055,2295 4055,2304 4056,2304 4057,2304 4059,2307 4059,2350 4061,2351 4062,2351 4062,2352 4062,2369 4063,2370 4063,2373 4061,2375 4060,2375 4059,2376 4059,2396 4058,2397 4058,2398 4058,2398 4057,2398 4055,2400 4055,2428 4054,2429 4053,2429 4051,2431 4051,2432 4050,2433 4049,2433 4047,2435 4047,2436 4047,2436 4046,2437 4045,2437 4043,2439 4043,2440 4042,2441 3950,2441 3949,2442 3949,2475 3944,2480 3936,2480 3933,2483 3933,2484 3933,2484"/><TextEquiv index="1"><Unicode>la mienne. J'entendois les perdans qui</Unicode></TextEquiv></TextLine><TextLine id="r0_l010"><Coords points="2166,2688 2165,2688 2165,2630 2165,2629 2110,2629 2109,2630 2109,2631 2107,2633 2100,2633 2099,2632 1962,2632 1960,2631 1960,2630 1960,2629 1653,2629 1652,2630 1652,2631 1650,2633 1647,2633 1646,2632 1645,2632 1644,2632 1644,2631 1643,2629 1157,2629 1156,2630 1156,2631 1155,2632 1154,2632 1153,2633 1147,2633 1146,2632 1145,2632 1144,2632 1144,2631 1143,2629 1139,2629 1138,2628 1094,2628 1093,2628 1093,2627 1092,2625 1064,2625 1062,2624 1062,2603 1062,2602 1050,2602 1049,2601 1048,2601 1046,2600 1046,2599 1048,2597 1070,2597 1070,2597 1070,2506 1069,2504 1068,2504 1066,2503 1066,2501 1068,2499 1069,2499 1070,2498 1070,2497 1071,2496 1076,2496 1077,2495 1077,2494 1079,2492 1096,2492 1097,2494 1097,2495 1098,2495 1099,2495 1101,2498 1101,2542 1102,2542 1165,2542 1166,2543 1167,2543 1167,2544 1167,2545 1169,2546 1585,2546 1585,2546 1585,2545 1587,2543 1588,2543 1589,2542 1726,2542 1726,2542 1726,2498 1728,2496 1900,2496 1904,2492 1912,2492 1914,2490 1914,2489 1915,2488 1932,2488 1933,2490 1933,2491 1935,2492 2186,2492 2187,2491 2188,2491 2189,2492 2191,2492 2191,2493 2191,2546 2192,2546 2246,2546 2246,2546 2246,2544 2247,2543 2261,2543 2262,2542 2378,2542 2378,2542 2378,2530 2379,2529 2379,2528 2380,2527 2381,2527 2382,2526 2382,2518 2385,2515 2386,2515 2386,2515 2386,2510 2389,2507 2390,2507 2390,2507 2390,2502 2392,2500 2396,2500 2397,2499 2398,2499 2398,2499 2398,2498 2401,2495 2402,2495 2402,2495 2402,2494 2404,2492 2424,2492 2426,2490 2426,2489 2427,2488 2432,2488 2441,2498 2441,2546 2442,2546 2640,2546 2640,2546 2640,2498 2642,2496 2643,2496 2643,2496 2644,2495 2644,2494 2646,2492 2842,2492 2844,2490 2844,2489 2845,2488 2858,2488 2859,2487 2859,2486 2861,2484 2866,2484 2867,2486 2867,2487 2869,2488 3085,2488 3086,2490 3086,2491 3087,2492 3088,2492 3089,2492 3089,2493 3089,2494 3092,2496 3093,2496 3093,2497 3093,2498 3094,2499 3094,2542 3095,2542 3372,2542 3373,2543 3374,2543 3375,2545 3375,2546 3376,2546 3601,2546 3601,2546 3601,2498 3603,2496 3620,2496 3621,2495 3621,2493 3622,2492 3760,2492 3762,2490 3762,2489 3763,2488 3776,2488 3777,2487 3777,2486 3779,2484 3784,2484 3785,2486 3785,2487 3787,2488 3796,2488 3797,2490 3797,2491 3799,2492 3800,2492 3800,2493 3801,2494 3801,2495 3803,2496 3804,2496 3805,2498 3805,2542 3806,2542 4023,2542 4023,2542 4023,2533 4025,2531 4031,2531 4031,2532 4031,2570 4032,2570 4054,2570 4055,2572 4055,2573 4057,2574 4058,2574 4059,2576 4059,2589 4060,2589 4061,2589 4063,2592 4063,2636 4064,2636 4065,2636 4067,2639 4067,2676 4066,2677 4066,2683 4066,2683 4060,2683 4059,2683 4059,2682 4058,2681 4058,2630 4058,2629 3634,2629 3633,2630 3633,2631 3631,2633 3620,2633 3619,2632 3436,2632 3435,2633 3431,2633 3430,2634 3430,2635 3429,2636 3427,2636 3425,2635 3425,2634 3425,2633 3424,2633 3422,2632 3422,2630 3422,2629 3358,2629 3355,2627 3355,2626 3355,2625 3166,2625 3162,2629 3143,2629 3140,2627 3140,2626 3140,2625 2775,2625 2773,2627 2773,2628 2773,2628 2772,2628 2771,2629 2756,2629 2754,2628 2754,2627 2753,2625 2606,2625 2605,2626 2605,2685 2605,2685 2602,2685 2601,2685 2601,2626 2601,2625 2505,2625 2504,2626 2504,2627 2502,2629 2168,2629 2167,2630 2167,2688 2167,2688"/><TextEquiv index="1"><Unicode>les maudiſſoient ſur l'eſcalier en deſcen-</Unicode></TextEquiv></TextLine><TextLine id="r0_l011"><Coords points="3993,2885 3992,2885 3992,2880 3992,2879 3323,2879 3320,2877 3320,2876 3320,2875 3315,2875 3312,2873 3312,2872 3312,2871 3307,2871 3304,2869 3304,2868 3304,2867 3303,2867 3301,2866 3301,2865 3300,2864 3300,2852 3300,2851 1571,2851 1570,2852 1570,2854 1569,2855 1563,2855 1562,2855 1562,2845 1562,2844 974,2844 972,2843 972,2841 974,2839 1562,2839 1562,2839 1562,2829 1562,2828 1361,2828 1358,2826 1358,2825 1358,2824 1130,2824 1128,2823 1128,2822 1127,2820 1087,2820 1085,2819 1085,2818 1084,2816 1083,2816 1081,2815 1081,2814 1080,2812 1079,2812 1078,2812 1078,2811 1076,2808 1075,2808 1074,2808 1074,2807 1072,2804 1071,2804 1070,2804 1070,2803 1069,2802 1069,2777 1070,2776 1070,2775 1072,2773 1073,2773 1073,2773 1073,2764 1076,2761 1077,2761 1077,2761 1077,2760 1080,2757 1081,2757 1081,2757 1081,2756 1083,2754 1084,2754 1085,2753 1093,2753 1093,2753 1093,2752 1095,2750 1099,2750 1103,2746 1120,2746 1120,2746 1120,2698 1121,2697 1121,2696 1122,2695 1123,2695 1125,2693 1125,2692 1126,2691 1127,2691 1128,2690 1128,2689 1130,2687 2600,2687 2602,2685 2605,2685 2607,2687 3952,2687 3953,2689 3953,2690 3955,2691 3956,2691 3957,2693 3957,2695 3958,2695 4058,2695 4058,2696 4058,2697 4061,2699 4062,2699 4062,2700 4062,2722 4063,2722 4065,2722 4066,2724 4066,2725 4067,2726 4067,2747 4066,2748 4066,2749 4065,2750 4064,2750 4063,2751 4063,2806 4062,2807 4062,2808 4062,2808 4061,2808 4059,2810 4059,2834 4057,2836 4056,2836 4055,2837 4055,2842 4053,2844 4052,2844 4051,2845 4051,2846 4049,2848 4048,2848 4047,2849 4047,2850 4046,2851 4045,2851 4043,2853 4043,2854 4042,2855 4041,2855 4039,2857 4039,2858 4038,2859 4005,2859 4004,2860 4004,2885 4004,2885"/><TextEquiv index="1"><Unicode>dant. Ils donnoient, à tous ces gens titrés,</Unicode></TextEquiv></TextLine><TextLine id="r0_l012"><Coords points="3329,3076 3328,3076 3328,3017 3328,3016 3255,3016 3254,3017 3254,3069 3253,3070 3252,3070 3250,3072 3250,3073 3249,3074 3244,3074 3242,3073 3242,3072 3241,3070 3220,3070 3219,3070 3219,3069 3217,3066 3216,3066 3215,3066 3215,3064 3214,3063 3214,3013 3214,3012 3025,3012 3023,3014 3023,3015 3023,3015 3022,3015 3019,3018 3019,3019 3019,3019 3009,3019 3008,3019 3008,3018 3006,3015 3005,3015 3004,3015 3004,3014 3003,3012 2833,3012 2832,3013 2832,3022 2831,3023 2830,3023 2828,3025 2828,3030 2827,3031 2826,3031 2824,3033 2824,3038 2823,3039 2822,3039 2820,3041 2820,3042 2819,3043 2810,3043 2808,3045 2808,3046 2807,3047 2802,3047 2801,3048 2801,3049 2799,3051 2796,3051 2795,3050 2794,3050 2793,3050 2793,3028 2793,3027 2669,3027 2668,3027 2668,3026 2662,3019 2611,3019 2609,3018 2609,3017 2609,3016 2608,3016 2607,3015 2252,3015 2249,3018 2249,3019 2249,3019 1849,3019 1848,3020 1848,3021 1847,3022 1847,3023 1847,3023 1845,3023 1843,3022 1843,3021 1842,3019 1387,3019 1386,3020 1386,3038 1385,3039 1380,3039 1378,3038 1378,3020 1378,3019 1087,3019 1085,3018 1085,3017 1084,3015 1079,3015 1077,3014 1077,3013 1076,3011 1075,3011 1073,3010 1073,3009 1073,3008 1068,3008 1066,3007 1066,3002 1065,3000 1064,3000 1062,2999 1062,2966 1063,2965 1064,2965 1064,2965 1066,2963 1066,2962 1067,2961 1068,2961 1070,2959 1070,2958 1071,2957 1080,2957 1081,2956 1081,2955 1083,2953 1085,2953 1085,2953 1085,2916 1087,2914 1088,2914 1089,2913 1089,2912 1091,2910 1092,2910 1093,2909 1093,2908 1095,2906 1096,2906 1097,2905 1097,2904 1099,2902 1131,2902 1132,2904 1132,2905 1133,2905 1134,2906 1135,2906 1136,2908 1136,2909 1138,2910 1139,2910 1140,2912 1140,2933 1141,2933 1193,2933 1195,2936 1195,2937 1196,2937 1197,2937 1199,2939 1371,2939 1371,2939 1371,2938 1372,2937 1621,2937 1621,2937 1621,2892 1623,2890 1624,2890 1624,2890 1624,2889 1627,2886 1697,2886 1699,2889 1699,2890 1700,2890 1713,2890 1714,2892 1714,2893 1716,2894 1721,2894 1722,2896 1722,2897 1724,2898 1729,2898 1730,2900 1730,2901 1732,2902 1733,2902 1734,2904 1734,2905 1736,2906 1741,2906 1741,2907 1741,2908 1742,2909 1742,2913 1744,2914 1745,2914 1745,2915 1745,2916 1746,2917 1746,2921 1748,2922 1749,2922 1749,2923 1749,2924 1752,2926 1753,2926 1753,2927 1753,2928 1755,2929 1756,2929 1757,2931 1757,2941 1758,2941 2006,2941 2010,2937 2327,2937 2328,2936 2328,2935 2330,2933 2378,2933 2378,2933 2378,2917 2379,2916 2379,2915 2380,2914 2381,2914 2382,2913 2382,2905 2383,2904 2383,2903 2384,2902 2385,2902 2386,2901 2386,2893 2389,2890 2390,2890 2390,2890 2390,2889 2393,2886 2396,2886 2397,2887 2398,2887 2398,2888 2398,2889 2401,2891 2402,2891 2402,2892 2402,2893 2405,2895 2406,2895 2406,2896 2406,2905 2408,2906 2409,2906 2410,2908 2410,2909 2412,2910 2413,2910 2413,2911 2413,2912 2416,2914 2417,2914 2417,2915 2417,2916 2420,2918 2421,2918 2421,2919 2421,2920 2422,2921 2422,2933 2423,2933 2694,2933 2695,2935 2695,2936 2697,2937 2705,2937 2711,2944 2711,2992 2712,2992 2933,2992 2933,2992 2933,2893 2936,2890 2937,2890 2937,2890 2937,2889 2940,2886 2941,2886 2941,2886 2941,2885 2944,2882 2959,2882 2961,2885 2961,2933 2962,2933 3096,2933 3098,2936 3098,2937 3099,2937 3304,2937 3304,2937 3304,2889 3307,2886 3312,2886 3312,2886 3312,2885 3315,2882 3318,2882 3319,2883 3323,2883 3327,2887 3328,2887 3328,2888 3328,2893 3331,2895 3332,2895 3332,2896 3332,2937 3333,2937 3516,2937 3516,2937 3516,2934 3517,2933 3676,2933 3676,2933 3676,2896 3678,2894 3683,2894 3683,2894 3683,2893 3686,2890 3691,2890 3691,2890 3691,2889 3694,2886 3697,2886 3698,2887 3699,2887 3699,2888 3699,2889 3702,2891 3703,2891 3703,2892 3703,2941 3704,2941 3909,2941 3910,2940 3910,2939 3912,2937 3988,2937 3988,2937 3988,2893 3991,2890 3992,2890 3992,2890 3992,2886 3993,2885 4004,2885 4005,2886 4010,2886 4012,2889 4012,2894 4013,2894 4014,2894 4016,2897 4016,2956 4018,2957 4019,2957 4019,2958 4019,2959 4022,2961 4023,2961 4023,2962 4023,2963 4025,2964 4056,2964 4057,2965 4058,2965 4059,2967 4059,3011 4060,3011 4096,3011 4098,3014 4098,3015 4099,3015 4100,3015 4102,3018 4102,3021 4101,3022 4101,3023 4101,3023 4100,3023 4098,3025 4098,3026 4097,3027 4095,3027 4094,3027 4094,3020 4094,3019 4021,3019 4020,3020 4020,3045 4018,3047 4005,3047 4004,3048 4004,3062 4004,3062 3998,3062 3997,3063 3997,3064 3996,3065 3996,3066 3996,3066 3994,3066 3992,3065 3992,3020 3992,3019 3741,3019 3737,3023 3729,3023 3726,3026 3726,3027 3726,3027 3705,3027 3703,3026 3703,3025 3702,3023 3462,3023 3461,3023 3461,3022 3459,3019 3412,3019 3410,3018 3410,3017 3410,3016 3337,3016 3336,3017 3336,3076 3336,3076"/><TextEquiv index="1"><Unicode>&amp; aux Dames mêmes, les plus abomi-</Unicode></TextEquiv></TextLine><TextLine id="r0_l013"><Coords points="2779,3309 2778,3309 2778,3204 2778,3203 2626,3203 2625,3204 2625,3205 2619,3211 2615,3211 2613,3213 2613,3214 2613,3214 2612,3214 2611,3215 2553,3215 2550,3213 2550,3212 2550,3211 2279,3211 2277,3213 2277,3214 2277,3214 2276,3214 2275,3215 2064,3215 2062,3214 2062,3213 2061,3211 1883,3211 1882,3212 1882,3265 1881,3266 1675,3266 1674,3265 1673,3265 1671,3264 1671,3212 1671,3211 1411,3211 1410,3212 1410,3213 1408,3215 1072,3215 1069,3213 1069,3212 1069,3211 1060,3211 1058,3210 1058,3209 1057,3208 1057,3207 1056,3207 1054,3206 1054,3197 1056,3195 1057,3195 1058,3194 1058,3193 1060,3191 1062,3191 1062,3191 1062,3142 1064,3140 1069,3140 1070,3139 1070,3138 1072,3136 1233,3136 1233,3136 1233,3090 1234,3089 1234,3087 1235,3086 1236,3086 1238,3084 1238,3083 1239,3082 1244,3082 1246,3080 1246,3079 1247,3078 1350,3078 1351,3080 1351,3081 1352,3081 1353,3082 1354,3082 1355,3084 1355,3128 1356,3128 1410,3128 1411,3129 1413,3129 1413,3130 1413,3131 1415,3132 1726,3132 1726,3132 1726,3130 1727,3129 1729,3129 1730,3131 1730,3132 1731,3132 1894,3132 1894,3132 1894,3087 1895,3086 1896,3086 1900,3082 1955,3082 1957,3080 1957,3079 1958,3078 2049,3078 2053,3082 2065,3082 2066,3084 2066,3085 2068,3086 2069,3086 2070,3088 2070,3132 2071,3132 2253,3132 2254,3131 2254,3130 2255,3129 2260,3129 2261,3128 2261,3127 2263,3125 2269,3125 2269,3126 2269,3129 2270,3129 2308,3129 2308,3129 2308,3084 2310,3082 2311,3082 2312,3081 2312,3080 2314,3078 2323,3078 2324,3080 2324,3081 2325,3081 2326,3082 2327,3082 2328,3084 2328,3129 2329,3129 2553,3129 2554,3128 2554,3127 2556,3125 2561,3125 2565,3129 2577,3129 2578,3131 2578,3132 2580,3133 2581,3133 2582,3135 2582,3136 2583,3136 2584,3136 2586,3139 2586,3179 2587,3179 2660,3179 2660,3179 2660,3107 2662,3105 2784,3105 2785,3104 2785,3103 2787,3101 2788,3101 2788,3101 2789,3100 2789,3099 2791,3097 2796,3097 2797,3096 2797,3095 2798,3094 2799,3094 2800,3093 2800,3093 2800,3092 2802,3090 2803,3090 2804,3089 2804,3089 2804,3088 2806,3086 2815,3086 2816,3085 2816,3084 2818,3082 2823,3082 2823,3082 2823,3081 2824,3080 2824,3079 2825,3078 2827,3078 2828,3080 2828,3081 2830,3082 3131,3082 3137,3076 3137,3075 3138,3074 3143,3074 3144,3073 3144,3072 3145,3071 3146,3070 3147,3070 3149,3073 3149,3074 3150,3074 3202,3074 3204,3076 3336,3076 3338,3078 3339,3078 3340,3080 3340,3085 3342,3086 3343,3086 3344,3088 3344,3129 3345,3129 3402,3129 3402,3130 3402,3131 3405,3133 3410,3133 3410,3134 3410,3136 3411,3136 3562,3136 3562,3136 3562,3100 3565,3097 3574,3097 3574,3097 3574,3096 3580,3090 3581,3090 3582,3089 3591,3089 3592,3090 3593,3090 3594,3092 3594,3093 3595,3093 3596,3093 3598,3096 3598,3136 3599,3136 3801,3136 3801,3136 3801,3119 3803,3117 3804,3117 3804,3117 3804,3116 3805,3115 3805,3107 3807,3105 3808,3105 3808,3105 3808,3101 3809,3100 3809,3099 3811,3097 3812,3097 3812,3097 3812,3096 3815,3093 3816,3093 3816,3093 3816,3088 3818,3086 3819,3086 3819,3086 3820,3085 3820,3084 3822,3082 3827,3082 3828,3081 3828,3080 3830,3078 3944,3078 3949,3084 3949,3129 3950,3129 4019,3129 4019,3129 4019,3116 4020,3115 4020,3114 4021,3113 4031,3113 4031,3114 4031,3125 4032,3125 4046,3125 4047,3127 4047,3128 4048,3128 4049,3129 4050,3129 4051,3131 4051,3132 4052,3132 4053,3132 4055,3135 4055,3148 4056,3148 4057,3148 4059,3151 4059,3155 4063,3159 4063,3207 4064,3207 4097,3207 4098,3209 4098,3280 4097,3281 4092,3281 4090,3280 4090,3279 4090,3278 4089,3278 4088,3277 4087,3277 4086,3277 4086,3223 4086,3222 4049,3222 4048,3223 4025,3223 4024,3224 4024,3240 4016,3248 4016,3249 4016,3249 4015,3250 4014,3250 4011,3248 4011,3247 4011,3246 4010,3246 4008,3245 4008,3244 4007,3242 4006,3242 4004,3241 4004,3225 4002,3222 4001,3222 4000,3222 4000,3220 4000,3219 3595,3219 3594,3220 3594,3244 3593,3245 3593,3246 3593,3246 3592,3246 3590,3248 3590,3256 3588,3258 3587,3258 3586,3259 3586,3260 3584,3262 3576,3262 3574,3264 3574,3265 3574,3265 3573,3265 3572,3266 3566,3266 3565,3265 3564,3265 3562,3264 3562,3259 3562,3258 3557,3258 3554,3256 3554,3255 3554,3254 3553,3254 3551,3253 3551,3224 3551,3223 3362,3223 3359,3221 3359,3220 3359,3219 3358,3219 3355,3217 3355,3216 3355,3215 3264,3215 3261,3213 3261,3212 3261,3211 2978,3211 2977,3212 2977,3213 2975,3215 2943,3215 2941,3217 2941,3218 2941,3218 2940,3218 2939,3219 2907,3219 2906,3220 2906,3241 2905,3242 2900,3242 2898,3244 2898,3245 2897,3246 2892,3246 2890,3248 2890,3249 2889,3250 2888,3250 2887,3251 2887,3252 2885,3254 2873,3254 2871,3253 2871,3252 2870,3250 2857,3250 2855,3249 2855,3248 2854,3246 2842,3246 2839,3244 2839,3243 2839,3242 2838,3242 2835,3240 2835,3239 2835,3238 2830,3238 2828,3237 2828,3236 2827,3234 2826,3234 2824,3233 2824,3232 2823,3230 2818,3230 2816,3229 2816,3228 2816,3227 2815,3228 2815,3309 2815,3309"/><TextEquiv index="1"><Unicode>nables qualifications. Qu'allois - je faire</Unicode></TextEquiv></TextLine><TextLine id="r0_l014"><Coords points="1442,3466 1441,3466 1441,3411 1441,3410 1087,3410 1085,3409 1085,3408 1084,3406 1071,3406 1070,3406 1070,3405 1064,3398 1060,3398 1054,3393 1054,3381 1053,3379 1052,3379 1050,3378 1050,3373 1049,3371 1048,3371 1046,3370 1046,3353 1046,3352 1042,3352 1041,3351 1040,3351 1038,3350 1038,3330 1040,3328 1093,3328 1093,3328 1093,3279 1095,3277 1120,3277 1120,3277 1120,3276 1123,3273 2054,3273 2054,3273 2054,3272 2057,3269 2061,3269 2062,3271 2062,3272 2064,3273 2108,3273 2109,3275 2109,3276 2111,3277 2112,3277 2113,3279 2113,3281 2114,3281 2366,3281 2367,3283 2367,3284 2368,3284 2369,3285 2370,3285 2370,3286 2370,3287 2373,3289 2374,3289 2374,3290 2374,3291 2377,3293 2378,3293 2378,3294 2378,3295 2381,3297 2382,3297 2382,3298 2382,3303 2385,3305 2386,3305 2386,3306 2386,3311 2388,3312 2389,3312 2390,3314 2390,3336 2391,3336 2401,3336 2404,3339 2408,3339 2410,3342 2410,3359 2411,3359 2554,3359 2554,3360 2554,3363 2555,3363 2733,3363 2733,3364 2733,3367 2733,3367 2376,3367 2375,3368 2375,3404 2374,3405 2374,3406 2374,3406 2373,3406 2370,3409 2370,3410 2370,3410 1942,3410 1941,3411 1941,3436 1939,3438 1938,3438 1937,3439 1937,3440 1935,3442 1934,3442 1933,3443 1933,3444 1932,3445 1931,3445 1929,3447 1929,3452 1928,3453 1927,3453 1926,3454 1925,3455 1925,3456 1924,3457 1919,3457 1918,3458 1918,3459 1916,3461 1457,3461 1456,3462 1456,3466 1456,3466"/><TextEquiv index="1"><Unicode>dans cette galère?</Unicode></TextEquiv></TextLine><TextLine id="r0_l015"><Coords points="1740,3665 1739,3665 1739,3607 1739,3606 1437,3606 1436,3605 1263,3605 1261,3604 1261,3603 1261,3602 1260,3602 1257,3600 1257,3556 1257,3555 1173,3555 1171,3554 1171,3552 1172,3551 1173,3551 1174,3550 1261,3550 1261,3550 1261,3482 1263,3480 1268,3480 1269,3479 1269,3478 1270,3477 1271,3477 1272,3476 1441,3476 1441,3476 1441,3467 1442,3466 1824,3466 1825,3465 4106,3465 4106,3465 4106,3453 4107,3452 4109,3452 4109,3453 4109,3625 4110,3625 4113,3625 4113,3626 4113,3640 4112,3641 4111,3641 4109,3643 4109,3644 4109,3644 4108,3644 4107,3645 2860,3645 2859,3646 2859,3656 2859,3656 2858,3656 2855,3659 2855,3660 2855,3660 1757,3660 1756,3661 1756,3665 1756,3665"/><TextEquiv index="1"><Unicode>Hélas! la galère me pourſuivoit. Tant</Unicode></TextEquiv></TextLine><TextLine id="r0_l016"><Coords points="4106,3864 4105,3863 4103,3863 4101,3862 4101,3747 4101,3746 4064,3746 4063,3747 4063,3807 4061,3809 4060,3809 4059,3810 4059,3811 4058,3812 4057,3812 4056,3813 3960,3813 3957,3811 3957,3810 3957,3809 3948,3809 3945,3807 3945,3806 3945,3805 3944,3805 3941,3803 3941,3802 3941,3801 3940,3801 3937,3799 3937,3798 3937,3797 3936,3797 3933,3795 3933,3794 3933,3793 3892,3793 3891,3794 3891,3862 3891,3862 3880,3862 3879,3862 3879,3794 3879,3793 3795,3793 3793,3795 3793,3796 3792,3797 3791,3797 3789,3799 3789,3800 3788,3801 3779,3801 3777,3803 3777,3804 3776,3805 3552,3805 3551,3806 3551,3807 3549,3809 3307,3809 3304,3807 3304,3806 3304,3805 2942,3805 2941,3806 2941,3816 2941,3816 2940,3816 2925,3831 2925,3832 2925,3832 2916,3832 2914,3834 2914,3835 2913,3836 2904,3836 2902,3838 2902,3839 2901,3840 2896,3840 2895,3840 2895,3839 2895,3838 2893,3836 2892,3836 2890,3835 2890,3802 2890,3801 2724,3801 2722,3803 2722,3816 2722,3816 2721,3816 2719,3818 2719,3826 2718,3827 2718,3828 2718,3828 2717,3828 2711,3834 2711,3842 2709,3844 2708,3844 2707,3845 2707,3846 2705,3848 2694,3848 2693,3847 2692,3847 2691,3847 2691,3846 2689,3843 2688,3843 2687,3843 2687,3818 2687,3817 2551,3817 2550,3818 2550,3851 2549,3852 2548,3852 2547,3853 2546,3854 2546,3855 2546,3855 2545,3855 2544,3856 2530,3856 2525,3851 2524,3851 2523,3851 2523,3806 2523,3805 2385,3805 2382,3803 2382,3802 2382,3801 2320,3801 2319,3802 2319,3860 2319,3860 2311,3860 2310,3860 2310,3802 2310,3801 2243,3801 2242,3802 2242,3850 2240,3852 2232,3852 2228,3856 2210,3856 2209,3855 2208,3855 2207,3855 2207,3854 2205,3851 2204,3851 2203,3851 2203,3849 2202,3848 2202,3802 2202,3801 1888,3801 1886,3803 1886,3804 1885,3805 1884,3804 1883,3804 1882,3804 1882,3803 1881,3801 1477,3801 1476,3802 1476,3819 1474,3821 1473,3821 1472,3822 1472,3831 1471,3832 1470,3832 1468,3834 1468,3835 1467,3836 1466,3836 1464,3838 1464,3839 1463,3840 1462,3840 1460,3842 1460,3847 1459,3848 1451,3848 1449,3847 1449,3846 1448,3844 1447,3844 1445,3843 1445,3842 1444,3841 1444,3790 1444,3789 1322,3789 1310,3801 1306,3801 1304,3803 1304,3804 1304,3804 1303,3804 1302,3805 1153,3805 1152,3806 1152,3846 1150,3848 1149,3848 1148,3849 1148,3850 1146,3852 1141,3852 1140,3853 1140,3854 1139,3855 1138,3855 1137,3856 1124,3856 1123,3855 1122,3855 1121,3854 1120,3854 1120,3853 1120,3852 1108,3852 1107,3851 1106,3851 1105,3851 1105,3813 1105,3812 1086,3812 1085,3812 1085,3798 1085,3797 1080,3797 1069,3787 1069,3786 1069,3785 1060,3785 1058,3784 1058,3756 1060,3754 1061,3754 1062,3753 1062,3748 1064,3746 1065,3746 1066,3745 1066,3740 1068,3738 1069,3738 1069,3738 1069,3737 1072,3734 1077,3734 1077,3734 1077,3733 1080,3730 1081,3730 1081,3730 1081,3729 1084,3726 1089,3726 1089,3726 1089,3725 1091,3723 1092,3723 1093,3722 1100,3722 1101,3721 1101,3720 1102,3719 1139,3719 1140,3718 1141,3718 1142,3719 1291,3719 1292,3718 1292,3717 1294,3715 1303,3715 1304,3717 1304,3718 1305,3718 1306,3718 1308,3721 1308,3722 1309,3722 1310,3722 1312,3725 1312,3726 1313,3726 1452,3726 1452,3726 1452,3725 1454,3723 1455,3723 1456,3722 1456,3682 1458,3680 1459,3680 1460,3679 1473,3679 1474,3680 1475,3680 1476,3682 1476,3683 1477,3683 1478,3683 1480,3686 1480,3719 1481,3719 1671,3719 1671,3720 1671,3721 1673,3722 1734,3722 1734,3722 1734,3670 1739,3665 1757,3665 1758,3667 1758,3668 1759,3668 1760,3668 1765,3674 1765,3722 1766,3722 1964,3722 1964,3722 1964,3721 1966,3719 2027,3719 2027,3719 2027,3674 2033,3668 2050,3668 2050,3669 2050,3674 2053,3676 2054,3676 2054,3677 2054,3719 2055,3719 2189,3719 2190,3718 2250,3718 2251,3719 2253,3719 2253,3720 2253,3721 2255,3722 2394,3722 2394,3722 2394,3721 2396,3719 2405,3719 2406,3721 2406,3722 2407,3722 2788,3722 2789,3721 2789,3720 2790,3719 2795,3719 2797,3717 2797,3716 2798,3715 2801,3715 2801,3715 2801,3704 2802,3703 2803,3703 2804,3702 2804,3694 2807,3691 2808,3691 2808,3691 2808,3686 2811,3683 2812,3683 2812,3683 2812,3678 2814,3676 2823,3676 2824,3678 2824,3679 2825,3679 2826,3679 2828,3682 2828,3726 2829,3726 2830,3726 2832,3729 2832,3738 2833,3738 2834,3738 2840,3745 2840,3773 2841,3773 2916,3773 2918,3776 2918,3777 2919,3777 2928,3777 2929,3779 2929,3783 2930,3784 2930,3785 2931,3785 2932,3785 2933,3786 2934,3788 2934,3789 2935,3789 3054,3789 3054,3789 3054,3764 3057,3761 3070,3761 3070,3761 3070,3725 3076,3719 3080,3719 3082,3717 3082,3716 3083,3715 3093,3715 3093,3716 3093,3717 3094,3718 3094,3722 3095,3722 3253,3722 3254,3721 3254,3720 3255,3719 3257,3719 3258,3718 3300,3718 3300,3718 3300,3695 3301,3694 3301,3693 3303,3691 3351,3691 3351,3691 3351,3690 3354,3687 3453,3687 3453,3687 3453,3677 3454,3676 3455,3676 3459,3672 3503,3672 3504,3674 3504,3675 3506,3676 3527,3676 3527,3677 3527,3678 3528,3678 3530,3680 3531,3680 3531,3681 3531,3682 3538,3688 3539,3688 3539,3689 3539,3694 3541,3695 3542,3695 3543,3697 3543,3702 3545,3703 3546,3703 3547,3705 3547,3718 3548,3718 3594,3718 3595,3719 3707,3719 3707,3719 3707,3674 3710,3671 3711,3671 3711,3671 3711,3670 3713,3668 3726,3668 3726,3669 3726,3670 3727,3671 3729,3672 3730,3672 3730,3673 3730,3674 3733,3676 3734,3676 3734,3677 3734,3715 3735,3715 3777,3715 3777,3716 3777,3717 3780,3719 3796,3719 3797,3721 3797,3722 3798,3722 3799,3722 3801,3725 3801,3734 3802,3734 3941,3734 3941,3734 3941,3729 3944,3726 3949,3726 3949,3726 3949,3725 3951,3723 3952,3723 3953,3722 4019,3722 4019,3722 4019,3706 4020,3705 4020,3704 4021,3703 4062,3703 4062,3703 4062,3682 4064,3680 4066,3680 4067,3682 4067,3695 4068,3695 4073,3695 4074,3697 4074,3722 4075,3722 4109,3722 4109,3722 4109,3713 4111,3711 4113,3711 4113,3712 4113,3713 4114,3714 4114,3744 4113,3745 4113,3746 4113,3746 4111,3746 4110,3747 4110,3857 4109,3858 4109,3859 4108,3860 4108,3864 4108,3864"/><TextEquiv index="1"><Unicode>que je n'avois pas payé, tout Paris en</Unicode></TextEquiv></TextLine><TextLine id="r0_l017"><Coords points="3715,4059 3714,4059 3714,4016 3714,4015 2401,4015 2398,4018 2398,4019 2398,4019 2397,4019 2394,4022 2394,4027 2394,4027 2393,4027 2390,4030 2390,4034 2381,4043 2377,4043 2375,4045 2375,4046 2374,4047 1736,4047 1733,4050 1733,4051 1733,4051 1707,4051 1706,4052 1706,4056 1706,4056 1704,4056 1703,4056 1703,4050 1702,4049 1702,4048 1702,4047 1701,4047 1699,4046 1699,4025 1699,4024 1268,4024 1267,4023 1266,4023 1265,4023 1265,4001 1265,4000 1087,4000 1085,3999 1085,3998 1084,3996 1075,3996 1074,3996 1074,3995 1072,3992 1067,3992 1066,3992 1066,3987 1064,3984 1063,3984 1062,3984 1062,3983 1060,3980 1059,3980 1058,3980 1058,3975 1056,3972 1055,3972 1054,3972 1054,3951 1056,3949 1057,3949 1058,3948 1058,3888 1059,3887 1060,3887 1061,3886 1089,3886 1089,3886 1089,3873 1091,3871 1092,3871 1093,3870 1093,3865 1095,3863 2307,3863 2310,3860 2320,3860 2320,3861 2320,3863 2321,3863 3878,3863 3879,3862 3891,3862 3892,3863 3893,3863 3894,3864 4109,3864 4110,3866 4109,3867 3896,3867 3895,3868 3895,3914 3896,3914 3933,3914 3933,3915 3933,3916 3936,3918 4058,3918 4058,3919 4058,3920 4059,3921 4061,3922 4062,3922 4062,3923 4062,3924 4063,3925 4063,3929 4065,3930 4066,3930 4066,3931 4066,3932 4067,3933 4067,3935 4066,3936 4066,3937 4066,3937 4065,3937 4062,3940 4062,3941 4062,3941 4061,3941 4059,3943 4059,4002 4053,4008 3984,4008 3983,4009 3983,4059 3983,4059"/><TextEquiv index="1"><Unicode>étoit une pour moi; mais comment acquiter</Unicode></TextEquiv></TextLine><TextLine id="r0_l018"><Coords points="2606,4256 2605,4256 2605,4196 2605,4195 2502,4195 2500,4197 2500,4198 2499,4199 2489,4199 2488,4199 2488,4196 2488,4195 2399,4195 2398,4196 2398,4256 2398,4256 2387,4256 2386,4256 2386,4196 2386,4195 2256,4195 2253,4198 2253,4199 2253,4199 2036,4199 2035,4200 2035,4222 2034,4223 2034,4255 2034,4255 2025,4255 2024,4255 2024,4224 2024,4223 1915,4223 1914,4224 1914,4225 1914,4225 1912,4227 1911,4227 1910,4228 1910,4233 1909,4234 1904,4234 1902,4236 1902,4237 1901,4238 1900,4238 1898,4240 1898,4241 1897,4242 1892,4242 1890,4244 1890,4245 1889,4246 1877,4246 1874,4249 1874,4250 1874,4250 1869,4250 1866,4248 1866,4247 1866,4246 1853,4246 1851,4245 1851,4244 1850,4242 1845,4242 1843,4241 1843,4236 1843,4235 1842,4235 1839,4233 1839,4232 1839,4231 1838,4231 1835,4229 1835,4197 1835,4196 1649,4196 1648,4197 1648,4198 1647,4199 1642,4199 1640,4198 1640,4197 1640,4196 1639,4196 1638,4195 1404,4195 1402,4197 1402,4198 1401,4199 1371,4199 1370,4200 1370,4222 1369,4223 1365,4223 1363,4222 1363,4197 1363,4196 1355,4196 1354,4195 1157,4195 1156,4196 1156,4244 1155,4245 1155,4246 1155,4246 1154,4246 1151,4249 1151,4250 1151,4250 1122,4250 1121,4250 1121,4249 1119,4246 1110,4246 1109,4246 1109,4244 1108,4243 1108,4196 1108,4195 1095,4195 1093,4194 1093,4193 1093,4192 1091,4192 1090,4193 1090,4254 1090,4254 1085,4254 1084,4255 1064,4255 1063,4255 1064,4254 1076,4254 1077,4253 1077,4185 1077,4184 1072,4184 1070,4183 1070,4178 1069,4176 1068,4176 1065,4174 1065,4173 1065,4172 1064,4172 1062,4171 1062,4142 1063,4141 1064,4141 1066,4139 1066,4130 1067,4129 1072,4129 1078,4123 1078,4122 1079,4121 1084,4121 1086,4119 1086,4118 1087,4117 1092,4117 1093,4116 1093,4115 1095,4113 1338,4113 1346,4105 1353,4105 1355,4108 1355,4109 1356,4109 1502,4109 1503,4111 1503,4112 1505,4113 1699,4113 1699,4113 1699,4060 1700,4059 1701,4059 1702,4058 1702,4057 1703,4056 1707,4056 1707,4057 1707,4058 1708,4058 1719,4058 1720,4059 1722,4059 1722,4060 1722,4061 1725,4063 1726,4063 1726,4064 1726,4109 1727,4109 1940,4109 1941,4108 1941,4107 1942,4106 1943,4106 1944,4105 1947,4105 1949,4108 1949,4109 1950,4109 2064,4109 2066,4111 2191,4111 2191,4111 2191,4068 2192,4067 2193,4067 2195,4065 2195,4064 2196,4063 2197,4063 2199,4061 2199,4060 2200,4059 2201,4059 2202,4058 2310,4058 2311,4059 2312,4059 2312,4060 2312,4061 2315,4063 2316,4063 2316,4064 2316,4109 2317,4109 2500,4109 2500,4109 2500,4107 2501,4106 2502,4106 2503,4105 2503,4093 2504,4092 2504,4091 2505,4090 2506,4090 2507,4089 2507,4085 2508,4084 2508,4083 2509,4082 2510,4082 2511,4081 2511,4073 2514,4070 2515,4070 2515,4070 2515,4069 2518,4066 2523,4066 2523,4066 2523,4065 2531,4057 2531,4056 2532,4055 2558,4055 2558,4056 2558,4057 2561,4059 2566,4059 2566,4060 2566,4113 2567,4113 2961,4113 2961,4113 2961,4076 2963,4074 2968,4074 2968,4074 2968,4073 2971,4070 3101,4070 3101,4070 3101,4069 3104,4066 3162,4066 3163,4067 3164,4067 3164,4068 3164,4113 3165,4113 3342,4113 3344,4116 3344,4117 3345,4117 3418,4117 3418,4117 3418,4072 3420,4070 3421,4070 3422,4069 3422,4068 3424,4066 3436,4066 3437,4068 3437,4069 3439,4070 3440,4070 3441,4072 3441,4073 3443,4074 3444,4074 3445,4076 3445,4081 3447,4082 3448,4082 3449,4084 3449,4117 3450,4117 3534,4117 3535,4116 3535,4115 3537,4113 3707,4113 3707,4113 3707,4064 3709,4062 3710,4062 3711,4061 3711,4060 3712,4059 3726,4059 3726,4060 3726,4061 3729,4063 3730,4063 3730,4064 3730,4069 3732,4070 3733,4070 3734,4072 3734,4109 3735,4109 3788,4109 3789,4111 3789,4112 3791,4113 3977,4113 3977,4113 3977,4060 3978,4059 3984,4059 3984,4060 3984,4113 3985,4113 4042,4113 4043,4112 4043,4111 4044,4110 4045,4110 4046,4109 4049,4109 4051,4112 4051,4113 4052,4113 4053,4113 4055,4116 4055,4120 4059,4124 4059,4139 4057,4141 4056,4141 4055,4142 4055,4190 4053,4192 4052,4192 4051,4193 4051,4198 4050,4199 4049,4199 4047,4201 4047,4206 4046,4207 4045,4207 4043,4209 4043,4210 4042,4211 3989,4211 3988,4212 3988,4238 3988,4238 3983,4238 3981,4240 3981,4241 3980,4242 3923,4242 3922,4243 3922,4249 3921,4250 3916,4250 3914,4252 3914,4253 3913,4254 3904,4254 3903,4254 3903,4253 3901,4250 3877,4250 3875,4249 3875,4248 3875,4247 3874,4247 3871,4245 3871,4239 3871,4238 3800,4238 3799,4237 3796,4237 3795,4236 3794,4236 3793,4236 3793,4200 3793,4199 3569,4199 3566,4202 3566,4203 3566,4203 3556,4203 3555,4203 3555,4202 3554,4201 3554,4200 3554,4199 3528,4199 3527,4200 3527,4246 3527,4246 3517,4246 3516,4246 3516,4245 3515,4244 3515,4200 3515,4199 3127,4199 3125,4201 3125,4202 3124,4203 3095,4203 3094,4203 3094,4202 3092,4199 2880,4199 2879,4199 2879,4198 2878,4196 2742,4196 2741,4195 2618,4195 2617,4196 2617,4256 2617,4256"/><TextEquiv index="1"><Unicode>quatre-vingt mille francs? Je n'avois pas</Unicode></TextEquiv></TextLine><TextLine id="r0_l019"><Coords points="1805,4452 1804,4452 1804,4407 1804,4406 1669,4406 1667,4405 1667,4404 1666,4402 1665,4402 1663,4401 1663,4400 1663,4399 1662,4399 1660,4398 1660,4397 1659,4395 1184,4395 1183,4396 1183,4417 1182,4418 1177,4418 1175,4417 1175,4396 1175,4395 1139,4395 1138,4394 1137,4394 1136,4394 1136,4393 1135,4391 1060,4391 1058,4390 1058,4389 1057,4388 1057,4387 1056,4387 1054,4386 1054,4263 1055,4262 1056,4262 1060,4258 1061,4258 1061,4258 1061,4257 1063,4255 1084,4255 1085,4254 1326,4254 1327,4253 1327,4252 1329,4250 1331,4250 1331,4251 1331,4252 1332,4253 1332,4254 1333,4254 3597,4254 3597,4254 3597,4237 3600,4234 3602,4236 3795,4236 3796,4237 3799,4237 3800,4238 3803,4238 3803,4239 3803,4258 3804,4258 3995,4258 3996,4260 3996,4261 3998,4262 3999,4262 4000,4264 4000,4265 4001,4265 4029,4265 4030,4266 4031,4266 4031,4267 4031,4340 4032,4340 4062,4340 4062,4341 4062,4342 4063,4343 4063,4351 4064,4351 4065,4351 4066,4353 4066,4355 4065,4356 4064,4356 4062,4358 4062,4359 4062,4359 4061,4359 4059,4361 4059,4362 4058,4363 4030,4363 4027,4366 4027,4367 4027,4367 4025,4367 4024,4368 4024,4435 4023,4436 4023,4437 4022,4438 4021,4438 4020,4439 4020,4440 4019,4441 3442,4441 3441,4442 3441,4449 3441,4449 3435,4449 3433,4448 3433,4435 3433,4434 3299,4434 3298,4433 2880,4433 2879,4433 2879,4427 2879,4426 2818,4426 2816,4425 2816,4400 2816,4399 2254,4399 2253,4400 2253,4441 2252,4442 2248,4442 2246,4441 2246,4400 2246,4399 1817,4399 1816,4400 1816,4452 1816,4452"/><TextEquiv index="1"><Unicode>le ſou. J'étois abîmé de dettes. O! ri-</Unicode></TextEquiv></TextLine><TextLine id="r0_l020"><Coords points="1631,4645 1628,4643 1628,4642 1628,4641 1619,4641 1617,4640 1617,4639 1616,4638 1616,4595 1616,4594 1154,4594 1150,4590 1091,4590 1089,4589 1089,4588 1088,4586 1083,4586 1081,4585 1081,4584 1080,4582 1079,4582 1078,4582 1078,4581 1076,4578 1071,4578 1070,4578 1070,4573 1068,4570 1067,4570 1066,4570 1066,4565 1065,4563 1064,4563 1062,4562 1062,4533 1064,4531 1065,4531 1066,4530 1066,4525 1067,4524 1068,4524 1070,4522 1070,4521 1071,4520 1076,4520 1077,4519 1077,4518 1079,4516 1080,4516 1080,4516 1081,4515 1081,4514 1083,4512 1088,4512 1089,4511 1089,4510 1091,4508 1100,4508 1101,4507 1101,4506 1103,4504 1112,4504 1112,4504 1112,4466 1112,4465 806,4465 804,4464 804,4459 806,4457 1112,4457 1113,4456 1113,4455 1115,4453 1124,4453 1124,4453 1124,4452 1127,4449 1405,4449 1405,4449 1405,4448 1408,4445 1410,4448 1410,4449 1411,4449 2859,4449 2859,4449 2859,4440 2861,4438 2866,4438 2867,4437 2880,4437 2880,4437 2880,4434 2881,4433 2885,4433 2885,4434 2885,4453 2886,4453 4003,4453 4004,4455 4004,4504 4005,4504 4050,4504 4051,4506 4051,4570 4052,4570 4057,4570 4059,4573 4059,4578 4060,4578 4061,4578 4063,4581 4063,4584 4062,4585 4062,4586 4062,4586 4061,4586 4059,4588 4059,4592 4049,4602 4048,4602 4047,4603 4047,4608 4045,4610 3985,4610 3984,4611 3984,4640 3983,4641 3936,4641 3934,4640 3934,4639 3933,4637 1649,4637 1648,4638 1648,4640 1647,4641 1638,4641 1636,4643 1636,4644 1635,4645"/><TextEquiv index="1"><Unicode>dicule point d'honneur! Ces dettes du</Unicode></TextEquiv></TextLine><TextLine id="r0_l021"><Coords points="4017,4850 4016,4849 3970,4849 3969,4849 3969,4845 3969,4844 3646,4844 3645,4844 3645,4843 3643,4840 3638,4840 3637,4840 3637,4838 3636,4836 1060,4836 1058,4835 1058,4834 1058,4833 1057,4833 1054,4831 1054,4794 1054,4793 915,4793 913,4792 913,4791 915,4789 1054,4789 1054,4789 1054,4693 1054,4692 990,4692 988,4691 988,4690 987,4689 987,4679 988,4678 988,4677 989,4676 1065,4676 1066,4675 1066,4674 1068,4672 1069,4672 1069,4672 1069,4671 1072,4668 1073,4668 1073,4668 1073,4667 1076,4664 1077,4664 1077,4664 1077,4663 1080,4660 1577,4660 1577,4660 1577,4656 1578,4655 1578,4654 1580,4652 1581,4652 1581,4652 1581,4651 1583,4649 1584,4649 1585,4648 1653,4648 1654,4649 1655,4649 1656,4651 1656,4652 1657,4652 3373,4652 3375,4655 3375,4656 3376,4656 3377,4656 3379,4659 3379,4660 3380,4660 3381,4660 3383,4663 3383,4680 3384,4680 3683,4680 3683,4681 3683,4682 3685,4683 3697,4683 3698,4684 3699,4684 3699,4685 3699,4703 3700,4703 3995,4703 3996,4705 3996,4706 3998,4707 4003,4707 4004,4709 4004,4710 4006,4711 4022,4711 4023,4713 4023,4714 4024,4715 4024,4719 4025,4719 4105,4719 4105,4720 4105,4723 4105,4723 4056,4723 4055,4724 4055,4800 4054,4801 4053,4801 4050,4804 4050,4805 4050,4805 4049,4805 4047,4807 4047,4812 4047,4812 4046,4812 4044,4814 4039,4819 4039,4820 4039,4820 4038,4820 4035,4823 4035,4824 4035,4824 4033,4824 4032,4825 4024,4825 4023,4826 4023,4850 4023,4850"/><TextEquiv index="1"><Unicode>jeu, celles qu'on devroit le moins payer,</Unicode></TextEquiv></TextLine><TextLine id="r0_l022"><Coords points="3117,5050 3117,5045 3119,5043 3120,5043 3121,5042 3121,5041 3123,5039 3132,5039 3132,5039 3132,4997 3132,4996 2872,4996 2871,4996 2871,4995 2869,4992 2865,4992 2862,4989 2624,4989 2623,4988 2622,4988 2621,4988 2621,4987 2620,4985 1060,4985 1058,4984 1058,4983 1057,4982 1057,4981 1056,4981 1054,4980 1054,4967 1056,4965 1058,4965 1058,4965 1058,4845 1059,4844 1119,4844 1121,4842 1121,4841 1122,4840 1788,4840 1788,4841 1788,4842 1791,4844 2936,4844 2938,4847 2938,4848 2939,4848 3952,4848 3953,4849 3973,4849 3974,4850 4023,4850 4023,4851 4023,4889 4024,4890 4024,4898 4025,4898 4028,4898 4029,4899 4121,4899 4121,4900 4121,4906 4122,4906 4124,4906 4125,4908 4125,4933 4124,4934 4122,4934 4121,4935 4121,4957 4121,4957 4119,4957 4117,4959 4117,4965 4117,4965 4048,4965 4047,4966 4047,4980 4046,4981 4046,5044 4046,5044 3134,5044 3133,5045 3133,5048 3133,5048 3125,5048 3124,5049 3119,5049 3118,5050"/><TextEquiv index="1"><Unicode>ſont les ſeules ſacrées. Je m'arrêtai ſur</Unicode></TextEquiv></TextLine><TextLine id="r0_l023"><Coords points="3978,5240 3977,5240 3977,5234 3977,5233 1809,5233 1808,5233 1808,5177 1808,5176 849,5176 847,5175 847,5174 847,5173 846,5173 845,5172 841,5172 839,5171 839,5170 841,5168 1058,5168 1058,5168 1058,5166 1060,5164 1061,5164 1061,5164 1062,5163 1062,5162 1064,5160 1066,5160 1066,5160 1066,5045 1068,5043 1069,5043 1069,5043 1069,5042 1072,5039 1088,5039 1089,5038 1089,5037 1091,5035 1408,5035 1410,5038 1410,5039 1411,5039 3846,5039 3848,5042 3848,5043 3849,5043 3850,5043 3851,5044 4047,5044 4047,5045 4047,5050 4049,5051 4050,5051 4051,5053 4051,5219 4052,5219 4128,5219 4129,5221 4129,5226 4128,5227 3989,5227 3988,5228 3988,5240 3988,5240"/><TextEquiv index="1"><Unicode>la Place Louis XV, &amp;, là, je méditai</Unicode></TextEquiv></TextLine><TextLine id="r0_l024"><Coords points="2455,5431 2454,5431 2454,5412 2454,5411 1766,5411 1765,5412 1765,5421 1764,5422 1752,5422 1749,5425 1749,5426 1749,5426 1314,5426 1312,5425 1312,5424 1311,5422 1302,5422 1300,5421 1300,5420 1299,5418 1298,5418 1296,5417 1296,5416 1296,5415 1295,5415 1292,5413 1292,5388 1292,5387 1259,5387 1257,5386 1257,5376 1257,5375 1056,5375 1050,5370 1050,5366 1053,5363 1054,5363 1054,5363 1054,5248 1056,5246 1057,5246 1058,5245 1058,5244 1059,5243 1060,5243 1062,5241 1062,5240 1063,5239 1064,5239 1065,5238 1073,5238 1074,5237 1074,5236 1075,5235 1808,5235 1808,5235 1808,5234 1809,5233 1816,5233 1817,5234 2641,5234 2642,5235 2847,5235 2847,5236 2847,5240 2848,5240 3988,5240 3990,5242 3994,5242 3995,5243 3996,5243 3996,5244 3996,5250 3997,5250 4011,5250 4012,5252 4012,5296 4014,5297 4018,5297 4020,5300 4020,5317 4021,5317 4058,5317 4059,5319 4059,5331 4058,5332 4057,5332 4055,5334 4055,5335 4054,5336 4053,5336 4051,5338 4051,5339 4050,5340 4033,5340 4032,5341 4032,5342 4030,5344 4005,5344 4004,5345 4004,5355 4003,5356 4002,5356 4000,5358 4000,5374 3996,5378 3996,5379 3996,5379 3952,5379 3949,5382 3949,5383 3949,5383 3451,5383 3449,5385 3449,5394 3448,5395 3447,5395 3446,5396 3445,5397 3445,5398 3444,5399 3443,5399 3441,5401 3441,5406 3441,5406 3440,5406 3437,5409 3437,5410 3437,5410 3436,5410 3435,5411 2461,5411 2460,5412 2460,5431 2460,5431"/><TextEquiv index="1"><Unicode>long-temps au clair de la Lune, me trai-</Unicode></TextEquiv></TextLine><TextLine id="r0_l025"><Coords points="3992,5630 3991,5629 3990,5629 3988,5628 3988,5603 3988,5602 1993,5602 1992,5603 1992,5628 1992,5628 1977,5628 1976,5628 1976,5599 1976,5598 1869,5598 1863,5593 1863,5572 1863,5571 1318,5571 1316,5570 1316,5569 1315,5567 1087,5567 1086,5567 1086,5566 1084,5563 1076,5563 1073,5561 1073,5560 1073,5559 1072,5559 1070,5558 1070,5554 1068,5551 1067,5551 1066,5551 1066,5503 1064,5500 1063,5500 1062,5500 1062,5499 1060,5496 1059,5496 1058,5496 1058,5490 1059,5489 1060,5489 1060,5489 1062,5487 1062,5486 1063,5485 1064,5485 1066,5483 1066,5482 1067,5481 1072,5481 1074,5479 1074,5478 1075,5477 1080,5477 1082,5475 1082,5474 1083,5473 1084,5473 1085,5472 1085,5471 1087,5469 1464,5469 1464,5469 1464,5436 1466,5434 1467,5434 1468,5433 1468,5432 1470,5430 1475,5430 1476,5429 1476,5428 1478,5426 1698,5426 1698,5427 1698,5428 1701,5430 2514,5430 2515,5432 2515,5434 2516,5434 3929,5434 3930,5436 3930,5437 3931,5438 3932,5438 3933,5438 3933,5439 3933,5440 3936,5442 3937,5442 3937,5443 3937,5444 3938,5445 3938,5473 3939,5473 4023,5473 4023,5474 4023,5489 4024,5489 4046,5489 4047,5491 4047,5492 4048,5492 4049,5492 4051,5495 4051,5512 4052,5512 4120,5512 4121,5514 4121,5519 4122,5519 4123,5519 4125,5522 4125,5523 4124,5524 4091,5524 4090,5525 4090,5597 4089,5598 3997,5598 3996,5599 3996,5629 3996,5629 3995,5629 3994,5630"/><TextEquiv index="1"><Unicode>tant de ſot, d'archibête, me donnant des</Unicode></TextEquiv></TextLine><TextLine id="r0_l026"><Coords points="2869,5825 2867,5824 2867,5823 2866,5821 2123,5821 2120,5819 2120,5818 2120,5817 1318,5817 1316,5816 1316,5815 1315,5813 1314,5813 1312,5812 1312,5811 1311,5809 1310,5809 1308,5808 1308,5803 1308,5802 1218,5802 1217,5801 1216,5801 1214,5800 1214,5763 1214,5762 1079,5762 1078,5762 1078,5761 1076,5758 1067,5758 1066,5758 1066,5757 1065,5755 1064,5754 1063,5754 1062,5754 1062,5753 1060,5750 1059,5750 1058,5750 1058,5741 1057,5739 1056,5739 1054,5738 1054,5709 1055,5708 1056,5708 1058,5706 1058,5701 1059,5700 1060,5700 1062,5698 1062,5697 1063,5696 1064,5696 1066,5694 1066,5693 1067,5692 1068,5692 1074,5686 1074,5685 1075,5684 1080,5684 1082,5682 1082,5681 1083,5680 1084,5680 1085,5679 1085,5674 1087,5672 1324,5672 1324,5672 1324,5662 1326,5660 1577,5660 1577,5660 1577,5632 1580,5629 1581,5629 1581,5629 1581,5628 1584,5625 1593,5625 1593,5625 1593,5624 1596,5621 1599,5621 1606,5628 1992,5628 1993,5629 1994,5629 1995,5631 1996,5632 1996,5633 1997,5633 3143,5633 3144,5635 3144,5636 3145,5636 3146,5637 3147,5637 3148,5639 3148,5672 3149,5672 3886,5672 3887,5674 3887,5680 3888,5680 3995,5680 3996,5682 3996,5683 3998,5684 4050,5684 4051,5686 4051,5687 4052,5687 4053,5688 4054,5688 4055,5690 4055,5695 4057,5696 4058,5696 4059,5698 4059,5699 4061,5700 4062,5700 4062,5701 4062,5702 4063,5703 4063,5715 4064,5715 4065,5715 4066,5717 4066,5718 4067,5719 4067,5724 4066,5725 4066,5726 4065,5727 4065,5727 4064,5727 4063,5728 4063,5733 4061,5735 4060,5735 4059,5736 4059,5737 4057,5739 4056,5739 4055,5740 4055,5741 4053,5743 4052,5743 4051,5744 4051,5753 4050,5754 4049,5754 4047,5756 4047,5761 4046,5762 4045,5762 4043,5764 4043,5765 4042,5766 4025,5766 4024,5767 4024,5768 4022,5770 3853,5770 3852,5771 3852,5772 3850,5774 3302,5774 3301,5775 3301,5776 3299,5778 2989,5778 2988,5779 2988,5793 2989,5793 4151,5793 4153,5796 4153,5798 4152,5799 4152,5805 4152,5805 2989,5805 2988,5806 2988,5820 2987,5821 2986,5821 2985,5822 2984,5823 2984,5824 2983,5825"/><TextEquiv index="1"><Unicode>coups de poings, me rappelant tous mes</Unicode></TextEquiv></TextLine><TextLine id="r0_l027"><Coords points="3791,6028 3789,6027 3789,6026 3788,6024 3771,6024 3770,6024 3770,6023 3769,6022 3769,5986 3769,5985 3619,5985 3617,5984 3617,5970 3617,5969 3330,5969 3328,5968 3328,5967 3328,5966 3327,5966 3326,5965 3184,5965 3100,5965 3097,5968 3097,5969 3097,5969 3080,5969 3076,5965 2854,5965 2851,5968 2851,5976 2850,5977 2849,5977 2848,5978 2848,5979 2847,5980 2847,5984 2846,5985 2845,5985 2844,5986 2844,5994 2843,5995 2843,5996 2842,5997 2841,5997 2840,5998 2840,5999 2838,6001 2837,6001 2836,6002 2836,6007 2835,6008 2834,6008 2833,6009 2832,6010 2832,6011 2831,6012 2818,6012 2816,6011 2816,5970 2816,5969 2759,5969 2757,5968 2757,5967 2756,5965 2518,5965 2515,5968 2515,5969 2515,5969 2513,5969 2511,5968 2511,5967 2510,5965 2318,5965 2316,5967 2316,5984 2315,5985 2314,5985 2313,5986 2312,5987 2312,5988 2311,5989 2310,5989 2309,5990 2308,5991 2308,5992 2307,5993 2302,5993 2300,5995 2300,5996 2299,5997 2294,5997 2293,5998 2293,5999 2292,6000 2291,6000 2290,6001 2288,6001 2287,6000 2286,6000 2285,6000 2285,5999 2283,5996 2282,5996 2281,5996 2281,5966 2281,5965 2193,5965 2191,5964 2191,5963 2191,5962 2024,5962 1985,5962 1984,5963 1984,5964 1983,5965 1962,5965 1960,5964 1960,5963 1959,5961 1958,5961 1957,5961 1957,5960 1956,5958 1606,5958 1605,5959 1605,5960 1604,5961 1603,5961 1602,5962 1597,5962 1596,5961 1560,5961 1392,5961 1391,5962 1378,5962 1377,5961 1376,5961 1374,5959 1328,5959 1203,5959 1202,5960 1202,5961 1202,5961 1201,5961 1200,5962 1069,5962 1068,5961 1067,5961 1066,5961 1066,5960 1065,5958 1061,5958 1060,5957 1059,5957 1058,5957 1058,5956 1057,5954 1056,5953 1055,5953 1054,5953 1054,5948 1053,5946 1052,5946 1050,5945 1050,5928 1050,5927 989,5927 988,5926 981,5926 980,5926 980,5924 982,5922 987,5922 987,5922 987,5909 989,5907 995,5907 995,5907 995,5890 996,5889 996,5888 997,5887 1065,5887 1066,5886 1066,5885 1068,5883 1073,5883 1073,5883 1073,5882 1076,5879 1081,5879 1081,5879 1081,5878 1084,5875 1233,5875 1234,5874 1234,5873 1235,5872 1236,5872 1238,5870 1238,5869 1239,5868 1249,5868 1249,5869 1249,5871 1250,5871 1446,5871 1447,5872 1593,5872 1593,5873 1593,5874 1595,5875 1800,5875 1800,5875 1800,5831 1803,5828 1804,5828 1804,5828 1804,5827 1806,5825 1874,5825 1874,5826 1874,5827 1875,5828 1875,5875 1876,5875 1982,5875 1986,5879 2209,5879 2211,5882 2211,5883 2212,5883 2213,5883 2215,5886 2215,5887 2216,5887 2359,5887 2359,5887 2359,5870 2365,5864 2379,5864 2380,5863 2381,5864 2553,5864 2554,5863 2556,5863 2557,5864 2558,5864 2558,5865 2558,5887 2559,5887 2753,5887 2753,5887 2753,5886 2756,5883 2980,5883 2980,5883 2980,5870 2983,5867 2990,5867 2991,5868 2992,5868 2992,5869 2992,5883 2993,5883 3077,5883 3078,5882 3078,5881 3080,5879 3164,5879 3164,5879 3164,5869 3165,5868 3234,5868 3234,5868 3234,5835 3237,5832 3245,5832 3246,5831 3246,5830 3247,5829 3248,5829 3249,5828 3255,5828 3256,5829 3257,5829 3258,5831 3258,5832 3259,5832 3260,5832 3262,5835 3262,5836 3263,5836 3299,5836 3301,5839 3301,5840 3302,5840 3303,5840 3305,5843 3305,5844 3306,5844 3311,5844 3312,5846 3312,5851 3314,5852 3315,5852 3316,5854 3316,5887 3317,5887 3440,5887 3444,5883 3514,5883 3516,5886 3516,5887 3517,5887 3663,5887 3664,5889 3664,5890 3666,5891 3866,5891 3867,5890 3867,5889 3869,5887 3886,5887 3886,5887 3886,5886 3889,5883 3933,5883 3933,5883 3933,5882 3936,5879 3980,5879 3980,5879 3980,5866 3982,5864 3983,5864 3984,5863 4000,5863 4000,5863 4000,5850 4002,5848 4023,5848 4023,5848 4023,5831 4025,5829 4026,5829 4027,5828 4027,5827 4029,5825 4046,5825 4047,5827 4047,5828 4048,5828 4049,5828 4050,5829 4148,5829 4149,5831 4149,5832 4150,5832 4151,5832 4152,5834 4152,5860 4153,5860 4156,5860 4156,5861 4156,6016 4157,6016 4159,6016 4160,6018 4160,6020 4160,6020 4040,6020 4039,6021 4039,6022 4039,6022 4021,6022 4020,6022 4020,5970 4020,5969 3998,5969 3996,5968 3996,5967 3995,5965 3946,5965 3945,5966 3945,6016 3945,6016 3806,6016 3805,6017 3805,6026 3804,6027 3804,6028 3804,6028"/><TextEquiv index="1"><Unicode>autres malheurs, ne voyant d'autre parti</Unicode></TextEquiv></TextLine><TextLine id="r0_l028"><Coords points="3601,6220 3600,6219 3599,6219 3598,6219 3598,6166 3598,6165 3373,6165 3371,6164 3371,6163 3370,6161 3246,6161 3240,6161 3238,6163 3238,6164 3238,6164 3237,6164 3236,6165 3143,6165 3140,6163 3140,6162 3140,6161 3014,6161 3013,6161 3011,6163 3011,6164 3010,6165 2905,6165 2904,6164 2782,6164 2780,6164 2779,6165 2768,6165 2765,6163 2765,6162 2765,6161 2729,6161 2726,6159 2726,6158 2726,6157 2602,6157 2601,6158 2601,6160 2600,6161 2532,6161 2531,6162 2531,6163 2529,6165 2270,6165 2269,6166 2269,6183 2268,6184 2267,6184 2265,6186 2265,6195 2264,6196 2263,6196 2261,6198 2261,6203 2260,6204 2259,6204 2257,6206 2257,6207 2256,6208 2244,6208 2242,6207 2242,6161 2242,6160 2132,6160 2131,6161 2130,6161 2128,6163 2128,6164 2127,6165 2108,6165 2107,6164 2106,6164 2105,6164 2105,6163 2104,6161 1986,6161 1984,6160 1984,6159 1983,6157 1793,6157 1792,6158 1792,6211 1791,6212 1783,6212 1781,6211 1781,6158 1781,6157 1552,6157 1550,6156 1550,6155 1549,6153 1431,6153 1429,6152 1429,6151 1428,6149 1423,6149 1422,6148 1300,6148 1299,6149 1298,6149 1296,6151 1296,6213 1296,6213 1286,6213 1285,6213 1285,6156 1285,6155 1283,6157 1157,6157 1156,6158 1156,6194 1155,6195 1155,6196 1155,6196 1150,6196 1146,6200 1142,6200 1140,6202 1140,6203 1140,6203 1139,6203 1138,6204 1126,6204 1124,6206 1124,6207 1124,6207 1123,6207 1122,6208 1106,6208 1105,6209 1105,6213 1105,6213 1102,6213 1101,6213 1101,6205 1101,6204 1091,6204 1089,6203 1089,6158 1089,6157 1080,6157 1077,6155 1077,6154 1077,6153 1068,6153 1065,6151 1065,6150 1065,6149 1060,6149 1058,6148 1058,6147 1058,6146 1057,6145 1056,6145 1054,6144 1054,6143 1053,6141 1052,6141 1050,6140 1050,6139 1049,6137 1048,6137 1046,6136 1046,6131 1046,6130 1045,6130 1042,6128 1042,6104 1044,6102 1045,6102 1046,6101 1046,6100 1048,6098 1049,6098 1050,6097 1050,6096 1052,6094 1053,6094 1054,6093 1054,6088 1055,6087 1056,6087 1057,6086 1061,6086 1062,6085 1062,6084 1063,6083 1064,6083 1066,6081 1066,6080 1067,6079 1072,6079 1074,6077 1074,6076 1075,6075 1080,6075 1081,6074 1081,6073 1083,6071 1264,6071 1265,6070 1265,6069 1267,6067 1276,6067 1277,6069 1277,6070 1279,6071 1288,6071 1288,6072 1288,6073 1291,6075 1300,6075 1300,6076 1300,6080 1301,6080 1422,6080 1424,6078 1425,6078 1425,6078 1425,6077 1427,6075 1443,6075 1445,6073 1445,6072 1446,6071 1452,6071 1452,6071 1452,6023 1453,6022 1453,6021 1454,6020 1455,6020 1457,6018 1457,6017 1458,6016 1475,6016 1476,6018 1476,6019 1478,6020 1694,6020 1695,6022 1695,6023 1697,6024 1698,6024 1699,6026 1699,6071 1700,6071 1760,6071 1764,6075 1952,6075 1953,6077 1953,6078 1955,6079 2103,6079 2104,6078 2105,6078 2105,6078 2105,6077 2107,6075 2112,6075 2113,6077 2113,6078 2115,6079 2128,6079 2128,6080 2128,6081 2131,6083 2132,6083 2132,6084 2132,6085 2134,6086 2249,6086 2249,6086 2249,6055 2250,6054 2250,6053 2252,6051 2253,6051 2253,6051 2253,6046 2254,6045 2256,6043 2261,6043 2261,6043 2261,6042 2262,6041 2263,6040 2264,6040 2265,6039 2267,6039 2268,6040 2269,6040 2269,6041 2269,6042 2272,6044 2273,6044 2273,6045 2273,6054 2275,6055 2276,6055 2277,6057 2277,6082 2278,6082 2378,6082 2378,6082 2378,6078 2379,6077 2379,6076 2380,6075 2448,6075 2449,6077 2449,6079 2450,6079 2581,6079 2582,6078 2583,6078 2584,6079 2608,6079 2609,6081 2609,6082 2610,6082 2615,6082 2617,6085 2617,6086 2618,6086 2745,6086 2746,6085 2746,6084 2747,6083 2748,6083 2749,6082 2750,6082 2750,6082 2750,6033 2751,6032 2752,6032 2754,6030 2754,6029 2755,6028 2776,6028 2777,6030 2777,6031 2778,6031 2779,6031 2781,6034 2781,6067 2782,6067 2866,6067 2867,6069 2867,6082 2868,6082 2999,6082 3000,6081 3000,6080 3001,6079 3011,6079 3011,6080 3011,6081 3012,6081 3121,6081 3121,6081 3121,6037 3122,6036 3123,6036 3125,6034 3125,6033 3126,6032 3131,6032 3133,6030 3133,6029 3134,6028 3135,6028 3137,6026 3137,6025 3138,6024 3151,6024 3152,6026 3152,6082 3153,6082 3217,6082 3219,6085 3219,6086 3220,6086 3347,6086 3347,6086 3347,6085 3349,6083 3350,6083 3351,6082 3355,6082 3355,6082 3355,6081 3356,6080 3357,6079 3358,6079 3359,6078 3410,6078 3410,6078 3410,6038 3416,6032 3425,6032 3426,6033 3547,6033 3548,6032 3549,6032 3549,6032 3551,6030 3551,6029 3552,6028 3562,6028 3562,6029 3562,6030 3565,6032 3616,6032 3625,6042 3625,6043 3626,6043 3627,6043 3629,6046 3629,6047 3630,6047 3631,6047 3633,6050 3633,6055 3634,6055 3635,6055 3637,6058 3637,6066 3639,6067 3710,6067 3711,6069 3711,6070 3713,6071 3714,6071 3715,6073 3715,6078 3717,6079 3718,6079 3718,6080 3719,6081 3719,6082 3720,6082 3867,6082 3867,6082 3867,6053 3869,6051 3870,6051 3870,6051 3871,6050 3871,6049 3872,6048 3873,6048 3875,6046 3875,6045 3876,6044 3877,6044 3879,6042 3879,6041 3880,6040 3881,6040 3882,6039 3884,6039 3885,6040 3886,6040 3887,6042 3887,6055 3888,6055 3918,6055 3918,6055 3918,6029 3919,6028 4019,6028 4019,6028 4019,6023 4020,6022 4156,6022 4156,6022 4156,6021 4157,6020 4160,6020 4160,6021 4160,6023 4162,6024 4164,6024 4164,6025 4164,6192 4165,6192 4167,6192 4168,6194 4168,6199 4167,6200 4142,6200 4141,6201 4141,6218 4141,6218 4134,6218 4133,6218 4133,6131 4133,6130 4052,6130 4051,6131 4051,6148 4050,6149 4049,6149 4047,6151 4047,6152 4046,6153 4017,6153 4016,6154 4016,6155 4014,6157 3998,6157 3996,6159 3996,6160 3995,6161 3931,6161 3930,6162 3930,6202 3928,6204 3927,6204 3926,6205 3926,6210 3925,6211 3924,6211 3923,6212 3890,6212 3889,6211 3888,6211 3887,6211 3887,6209 3886,6208 3886,6166 3886,6165 3779,6165 3777,6167 3777,6168 3777,6168 3776,6168 3775,6169 3749,6169 3745,6165 3606,6165 3605,6166 3605,6219 3605,6219 3604,6219 3603,6220"/><TextEquiv index="1"><Unicode>que d'aller me jetter dans la rivière qui</Unicode></TextEquiv></TextLine><TextLine id="r0_l029"><Coords points="3150,6422 3148,6421 3148,6420 3148,6419 2202,6419 2201,6418 2200,6418 2199,6418 2199,6410 2199,6409 1504,6409 1503,6409 1503,6361 1503,6360 1091,6360 1089,6359 1089,6358 1088,6356 1075,6356 1074,6356 1074,6355 1072,6352 1067,6352 1066,6352 1066,6351 1056,6340 1055,6340 1054,6340 1054,6335 1052,6332 1051,6332 1050,6332 1050,6327 1049,6325 1048,6325 1046,6324 1046,6300 1049,6297 1050,6297 1050,6297 1050,6288 1053,6285 1054,6285 1054,6285 1054,6284 1056,6282 1057,6282 1058,6281 1058,6276 1060,6274 1065,6274 1065,6274 1065,6273 1068,6270 1073,6270 1073,6270 1073,6250 1074,6249 1074,6248 1075,6247 1076,6247 1077,6246 1077,6245 1078,6244 1079,6243 1080,6243 1081,6242 1081,6241 1083,6239 1084,6239 1085,6238 1085,6229 1087,6227 1088,6227 1089,6226 1089,6221 1090,6220 1091,6220 1093,6218 1093,6217 1094,6216 1095,6216 1096,6215 1100,6215 1102,6213 1465,6213 1467,6211 1490,6211 1492,6214 1492,6215 1493,6215 1740,6215 1743,6218 4141,6218 4142,6219 4167,6219 4168,6221 4168,6226 4167,6227 3652,6227 3651,6228 3652,6229 3652,6235 3653,6235 3953,6235 3953,6236 3953,6270 3954,6270 3987,6270 3988,6272 3988,6294 3989,6294 4039,6294 4039,6295 4039,6296 4040,6296 4042,6298 4043,6298 4043,6299 4043,6356 4044,6356 4113,6356 4113,6357 4113,6367 4114,6367 4122,6367 4123,6368 4125,6368 4125,6369 4125,6371 4124,6372 3725,6372 3724,6373 3724,6419 3724,6419 3154,6419 3152,6421 3152,6422 3152,6422"/><TextEquiv index="1"><Unicode>étoit ſi près, &amp; dont je m'approchois tou-</Unicode></TextEquiv></TextLine><TextLine id="r0_l030"><Coords points="1048,6606 1046,6605 1046,6604 1045,6602 1044,6602 1042,6601 1042,6560 1042,6559 915,6559 913,6558 913,6557 915,6555 916,6555 917,6554 917,6553 918,6552 919,6552 920,6551 1046,6551 1046,6551 1046,6479 1048,6477 1049,6477 1050,6476 1050,6475 1052,6473 1058,6473 1058,6473 1058,6436 1060,6434 1061,6434 1062,6433 1062,6432 1064,6430 1065,6430 1065,6430 1066,6429 1066,6428 1068,6426 1084,6426 1085,6428 1085,6429 1087,6430 1088,6430 1089,6432 1089,6465 1090,6465 1303,6465 1307,6461 1314,6461 1316,6464 1316,6465 1317,6465 1499,6465 1499,6465 1499,6413 1501,6411 1502,6411 1504,6409 1508,6409 1511,6413 1511,6414 1512,6414 1694,6414 1695,6413 1695,6412 1696,6411 1702,6411 1702,6412 1702,6413 1705,6415 1714,6415 1714,6416 1714,6417 1717,6419 1718,6419 1718,6420 1718,6427 1719,6427 1900,6427 1902,6425 1902,6424 1903,6423 1904,6423 1906,6421 1906,6420 1907,6419 1908,6419 1909,6418 1913,6418 1914,6417 1914,6416 1915,6415 1920,6415 1921,6414 1921,6413 1923,6411 1940,6411 1941,6413 1941,6414 1942,6414 1943,6414 1944,6415 2085,6415 2085,6416 2085,6417 2086,6418 2086,6457 2087,6457 2197,6457 2199,6460 2199,6477 2200,6477 2336,6477 2336,6477 2336,6467 2338,6465 2346,6465 2347,6467 2347,6469 2348,6469 2522,6469 2523,6471 2523,6472 2525,6473 2526,6473 2527,6475 2527,6476 2529,6477 2538,6477 2538,6478 2538,6479 2541,6481 2546,6481 2546,6482 2546,6483 2547,6484 2547,6485 2548,6485 2793,6485 2793,6485 2793,6436 2795,6434 2796,6434 2796,6434 2796,6433 2799,6430 2968,6430 2968,6430 2968,6429 2971,6426 2972,6426 2972,6426 2972,6425 2975,6422 3025,6422 3026,6423 3027,6423 3027,6424 3027,6425 3030,6427 3031,6427 3031,6428 3031,6429 3034,6431 3035,6431 3035,6432 3035,6477 3036,6477 3226,6477 3226,6477 3226,6452 3228,6450 3229,6450 3230,6449 3230,6444 3232,6442 3233,6442 3233,6442 3234,6441 3234,6440 3236,6438 3245,6438 3246,6440 3246,6441 3247,6442 3248,6442 3249,6442 3250,6444 3250,6465 3251,6465 3252,6465 3254,6468 3254,6481 3255,6481 3483,6481 3485,6479 3485,6478 3486,6477 3499,6477 3500,6476 3500,6475 3502,6473 3656,6473 3656,6473 3656,6428 3657,6427 3658,6427 3659,6426 3663,6426 3664,6425 3664,6424 3665,6423 3666,6423 3667,6422 3718,6422 3719,6421 3719,6420 3720,6419 3795,6419 3796,6418 3808,6418 3808,6418 3808,6417 3810,6415 3812,6415 3813,6417 3813,6418 3814,6418 3920,6418 3922,6421 3922,6422 3923,6422 3924,6422 3926,6425 3926,6461 3927,6461 4002,6461 4003,6462 4004,6462 4004,6463 4004,6472 4006,6473 4010,6473 4012,6476 4012,6485 4013,6485 4042,6485 4043,6487 4043,6488 4044,6489 4045,6489 4046,6489 4047,6491 4047,6496 4048,6496 4049,6497 4050,6497 4051,6499 4051,6500 4052,6500 4057,6500 4059,6503 4059,6512 4060,6512 4104,6512 4105,6514 4105,6516 4105,6516 4104,6516 4103,6517 4060,6517 4059,6518 4059,6558 4058,6559 4053,6559 4051,6561 4051,6562 4050,6563 4037,6563 4035,6562 4035,6560 4035,6559 3814,6559 3764,6559 3761,6562 3761,6563 3761,6563 3682,6563 3679,6566 3679,6567 3679,6567 3486,6567 3484,6566 3484,6565 3483,6563 3255,6563 3254,6564 3254,6566 3253,6567 3252,6567 3250,6569 3250,6570 3249,6571 3162,6571 3160,6573 3160,6574 3159,6575 3154,6575 3152,6574 3152,6573 3151,6571 3142,6571 3141,6571 3141,6570 3139,6567 2794,6567 2793,6567 2793,6552 2793,6551 2583,6551 2582,6552 2582,6554 2581,6555 2580,6555 2578,6557 2578,6558 2577,6559 2537,6559 2535,6561 2535,6562 2534,6563 2533,6563 2531,6565 2531,6566 2530,6567 2126,6567 2125,6567 2125,6566 2123,6563 1997,6563 1996,6563 1996,6562 1994,6559 1740,6559 1738,6561 1738,6562 1737,6563 1595,6563 1593,6562 1593,6561 1592,6559 1380,6559 1379,6560 1379,6561 1377,6563 1368,6563 1367,6563 1367,6562 1365,6559 1082,6559 1081,6560 1081,6570 1080,6571 1079,6571 1078,6572 1078,6580 1077,6581 1077,6582 1076,6583 1075,6583 1074,6584 1074,6585 1072,6587 1071,6587 1070,6588 1070,6593 1069,6594 1068,6594 1066,6596 1066,6597 1065,6598 1064,6598 1062,6600 1062,6605 1061,6606"/><TextEquiv index="1"><Unicode>jours inſenſiblement. „Hélas! me diſois-</Unicode></TextEquiv></TextLine></TextRegion></Page></PcGts>