4266 7941
1316 801 2327 1006 j
40 1038 3245 1241 je, en mourant, je ne remédie à rien
55 1236 3249 1426 “Je ne ſatisfais pas à ce ridicule hon-
66 1419 3234 1615 “neur, dont je ſuis la victime. Je laiſſe,
69 1604 3352 1797 “dans la peine la plus affreuſe, ma
43 1792 3249 1988 “chère Laure, qui va être conſumée
62 1981 3223 2177 “par la maladie & la misère, & qui va
58 2162 3253 2362 “périr ſous le poids de l'une & de l'autre,
55 2335 3256 2539 “au milieu de tous mes enfans, périſ-
59 2539 2206 2730 “ſans comme elle.“
457 2713 3282 2914 J'ai paſſé une nuit affreuſe, en me
165 2909 3275 3093 creuſant vainement la cervelle, pour
162 3086 3279 3274 chercher de quoi ſatisfaire à l'immenſité
195 3271 3282 3461 de ma dette. Levrette, ma Divinité bien-
196 3452 3282 3647 faiſante, s'offroit à mon imagination;
398 3641 3286 3834 mais, eût-elle de quoi remplir mon be-
369 3826 3290 4016 ſoin d'argent, devois - je abuſer de ſa
287 4010 3268 4205 généroſité, pour l'entraîner dans ma
173 4194 3301 4384 ruine? Cependant, comme je ne voyois
250 4377 3401 4564 abſolument aucune autre reſſource, dès
165 4560 3297 4941 ute aulile, ouon oat eae
161 4928 3286 5129 bonté, la ſomme dont j'avois beſoin;
409 5112 3563 5312 mais pour que ſon eſprit, facile en expé-
169 5303 3297 5495 diens, me découvrît quelques reſſources.
413 5486 3290 5690 J'arrive chez elle, point de Levrette;
173 5671 3297 5875 on m'apprend qu'elle eſt partie, depuis
172 5859 3293 6052 vingt-quatre heures, ſans dire où elle
213 6044 3290 6241 alloit. „Ah! m'écriai-je, le ciel m'aban-
187 6229 3290 6436 “donne entièrement, puiſqu'il m'ôte
2317 6428 2754 6595 Hv
