4266 8469
2232 712 3030 997 i.
960 971 4235 1284 “félicite du fond de mon ame. Mais
1016 1220 4235 1448 “vous ſavez peut-être mon malheur. J'ai
1019 1424 4235 1649 “perdu tout ce que j'avois, & quatre-
924 1628 4234 1832 “vingt mille francs ſur ma parole.“ --
915 1806 4235 2045 „Ah! mon cher camarade, me dit-il
980 2032 4235 2242 en m'embraſſant de nouveau, je ſuis
988 2224 4235 2448 “bien-aiſe de me trouver en fonds pour
679 2432 4235 2650 “pouvoir t'obliger. Je n'ai pas reçu, en
655 2637 4235 2860 “nature, tout mon demi-million; mais,
956 2829 4235 3058 “ſi je ne puis te faire toute ta ſomme,
951 3033 4235 3248 “j'en approcherai, du moins, le plus
987 3229 4235 3450 “qu'il me ſera poſſible. Qu'eſt-ce que
971 3429 4234 3651 “cela, continua - t - il, en appercevant
955 3625 4235 3857 mes trois ſacs?“ -- „C'eſt une petite
951 3833 4235 4070 ſomme de mille écus, répondis - je,
975 4029 4235 4258 “que le Comte S. F.... m'a prêtée.“
952 4238 4235 4468 - „Il auroit pu faire mieux que cela,
923 4442 4235 4671 “reprit le Duc. Mon Intendant va venir.
943 4642 4235 4880 Il verra ce que je puis te remettre;
931 4846 4235 5064 “je compte que cela approchera beau-
935 5046 4234 5267 “coup de ta ſomme. En attendant, dé-
919 5244 1909 5443 “jeûnons.“
1143 5437 4235 5661 On nous ſervit le chocolat. Une figure
928 5650 4235 5864 de Tailleur, tout en courbettes, entra.
935 5847 4235 6066 „Ah! Monſieur Dimanche, lui dit le
891 6055 4235 6266 “petit Duc, je ſuis charmé de vous
903 6251 4235 6468 “voir. Vous venez me demander encore.
739 6459 4235 6669 “Ces gens-là ne ſont jamais contens.“
864 6649 4235 6883 -Mais, Monſeigneur, répondit le
