4266 8170
1610 676 2290 931 i
84 967 3371 1183 Tailleur, depuis trois ans que j'ai l'hon-
76 1180 3409 1367 “neur de travailler pour vous, vous ne
76 1362 3668 1552 “m'avez encore rien donné.“ -- „Je
76 1547 3382 1761 “ne puis encore rien faire pour aujour-
76 1748 3393 1953 “d'hui, reprit le Duc; mais cela ne
358 1940 3397 2149 “tardera pas. En attendant, il me vient
76 2134 3389 2341 “une idée. Tiens, mon ami, donne
69 2325 3397 2518 “lui tes énormes ſacs. Il eſt homme à
381 2516 3401 2728 “ſe contenter de cela, lui, & t'en voilà
64 2706 3394 2919 “débarraſſé.“ Le Tailleur ſe hâta de
358 2903 3741 3107 prendre reſpectueuſement les ſacs, en
60 3096 3451 3293 mettant preſqu'un genou à terre, & ſem-
53 3286 3409 3485 blant les embraſſer. Je ne ſavois ſi je devois
55 3481 3405 3684 les retenir, ou les lâcher. Pendant que
385 3671 3409 3869 je délibérois, le Tailleur s'eſquive, en
61 3867 3409 4061 nous faiſant de profondes révérences, &
57 4058 3416 4263 nous comblant de bénédictions, tandis
59 4250 3416 4447 que le Duc éclatoit de rire de ſa figure
64 4450 1108 4647 groteſque.
404 4626 3420 4834 Pour moi, je ne riois qu'à moitié.
50 4828 3752 5030 Dans le beſoin extrême que j'avois d'ar-
63 5019 3644 5413 lile patirmnues céeit ſie r plaiuts à coun
92 5408 3420 5606 nous entendons des cris; l'Intendant
385 5602 3412 5803 arrive tout échevelé, tout hors de lui:
408 5795 3714 5996 „Ah! M. le Duc, s'écrioit - il, quel
80 5988 3405 6189 “malheur!“ -- „Quoi! qu'y a-t-il,
50 6181 3409 6378 “diſoit le Duc?“ -- „Ah! mon cher
377 6377 3417 6590 maître, reprit l'Intendant, vous êtes
1856 8077 3023 8167 --
