<PcGts xmlns="http://schema.primaresearch.org/PAGE/gts/pagecontent/2017-07-15" xmlns:xsi="http://www.w3.org/2001/XMLSchema-instance" xsi:schemaLocation="http://schema.primaresearch.org/PAGE/gts/pagecontent/2017-07-15 http://schema.primaresearch.org/PAGE/gts/pagecontent/2017-07-15/pagecontent.xsd"><Metadata><Creator>User123</Creator><Created>2020-10-15T18:12:26</Created><LastChange>2020-10-15T18:12:26</LastChange></Metadata><Page imageFilename="0191.png" imageHeight="8241" imageWidth="4266"><TextRegion id="r0" type="paragraph" orientation="0.125"><Coords points="1,1 4264,1 4264,8239 1,8239"/><TextLine id="r0_l001"><Coords points="2274,690 2758,689 2759,931 2275,932"/><TextEquiv index="1"><Unicode>.</Unicode></TextEquiv></TextLine><TextLine id="r0_l002"><Coords points="1586,1158 1586,1158 1586,1143 1585,1142 1428,1143 1425,1140 1425,1108 1425,1108 1064,1108 1062,1107 1062,1101 1062,1100 1010,1100 1008,1099 1008,1097 1008,1096 782,1097 781,1096 779,1096 778,1095 778,1094 776,1092 775,1092 774,1091 774,1089 775,1089 776,1089 778,1086 778,1085 779,1085 1023,1084 1023,1084 1023,1079 1022,1077 1017,1077 1016,1077 1016,1005 1016,1004 994,1004 993,1004 993,994 994,993 1061,993 1062,992 1062,991 1064,989 1065,989 1065,989 1065,988 1068,985 1396,985 1396,984 1396,970 1397,970 1398,970 1400,967 1400,966 1401,966 1402,966 1404,963 1404,962 1405,962 1414,962 1415,960 1415,959 1417,958 2110,956 2112,954 3015,952 3016,951 3017,951 3018,950 3022,950 3023,949 3023,948 3024,947 3675,946 3675,945 3675,932 3677,931 4263,929 4263,929 4263,883 4263,882 4264,882 4265,883 4265,1130 4265,1130 4264,1130 4263,1130 4263,1129 4263,1128 2048,1133 2047,1134 2048,1142 2047,1142 2046,1142 2042,1146 1597,1147 1597,1148 1597,1158 1596,1158"/><TextEquiv index="1"><Unicode>svolé, complettement volé; on a forcé</Unicode></TextEquiv></TextLine><TextLine id="r0_l003"><Coords points="1615,1351 1615,1351 1615,1327 1614,1326 1060,1327 1059,1326 1058,1326 1058,1326 1058,1289 1057,1288 1036,1288 1035,1287 1035,1286 1034,1285 1033,1285 1031,1283 1031,1237 1036,1231 1044,1231 1046,1230 1046,1229 1047,1227 1079,1227 1081,1226 1081,1225 1082,1223 1237,1223 1238,1222 1238,1171 1247,1162 1248,1162 1249,1161 1260,1161 1261,1160 1261,1159 1262,1158 1701,1157 1703,1155 1703,1154 1703,1154 2600,1152 2601,1151 2601,1150 2601,1150 2918,1149 2919,1149 2919,1148 2920,1146 3785,1144 3786,1143 3787,1143 3788,1142 3869,1142 3870,1142 3870,1141 3871,1139 4262,1138 4263,1138 4262,1133 4263,1132 4263,1131 4264,1130 4265,1130 4265,1131 4266,1314 4265,1314 4058,1315 4058,1315 4058,1325 4056,1327 3908,1327 3908,1328 3908,1335 3907,1335 3906,1335 3906,1335 3906,1286 3905,1285 2562,1288 2562,1289 2562,1322 2560,1323 2547,1323 2547,1324 2547,1341 2545,1342 1760,1344 1760,1344 1760,1350 1759,1351"/><TextEquiv index="1"><Unicode>“la caiſſe, il n'y a plus rien.“ -- „Ah!</Unicode></TextEquiv></TextLine><TextLine id="r0_l004"><Coords points="2468,1540 2467,1539 2464,1539 2463,1539 2463,1537 2463,1536 1862,1538 1860,1536 1860,1535 1860,1535 1859,1534 1858,1534 1856,1532 1856,1522 1856,1522 1161,1523 1160,1522 1159,1522 1158,1522 1158,1516 1158,1515 1038,1515 1037,1514 1036,1514 1035,1514 1035,1481 1035,1480 1025,1480 1024,1480 1024,1479 1022,1476 1021,1476 1020,1476 1020,1474 1019,1473 1019,1439 1019,1438 1018,1438 1016,1437 1016,1432 1018,1430 1019,1430 1020,1429 1020,1428 1022,1426 1023,1426 1023,1426 1023,1425 1026,1422 1069,1422 1070,1421 1070,1420 1071,1419 1221,1419 1222,1418 1223,1418 1223,1417 1223,1416 1225,1415 1226,1415 1227,1413 1227,1412 1229,1411 1237,1411 1239,1408 1239,1407 1240,1407 1361,1407 1361,1406 1361,1366 1362,1365 1363,1365 1365,1363 1365,1362 1366,1361 1437,1361 1438,1360 1438,1354 1438,1354 1439,1354 1442,1350 2381,1348 2382,1348 2382,1347 2382,1346 3132,1345 3135,1342 3143,1342 3146,1339 3146,1338 3146,1338 3570,1337 3572,1335 3572,1334 3572,1334 3584,1334 3586,1336 3908,1335 3909,1336 3909,1337 3910,1338 3915,1338 3916,1339 3916,1340 3917,1341 3917,1345 3918,1346 3919,1346 3920,1347 3920,1353 3920,1353 3987,1353 3989,1354 3989,1355 3990,1357 3991,1357 3993,1358 3993,1375 3994,1376 4266,1375 4266,1376 4266,1533 4266,1533 4264,1533 4263,1533 4263,1518 4263,1517 2762,1521 2761,1521 2761,1538 2761,1539 2756,1539 2755,1540"/><TextEquiv index="1"><Unicode>“m'écriai-je, malheur, malheur à moi!</Unicode></TextEquiv></TextLine><TextLine id="r0_l005"><Coords points="1738,1737 1737,1735 1737,1734 1735,1733 1734,1733 1733,1731 1733,1730 1732,1730 1728,1730 1727,1729 1726,1729 1726,1728 1726,1727 1724,1726 1723,1726 1722,1724 1722,1706 1721,1706 1098,1707 1096,1705 1096,1689 1095,1688 1049,1688 1048,1687 1047,1687 1047,1687 1047,1677 1046,1676 1025,1676 1023,1674 1023,1673 1022,1672 1021,1672 1019,1670 1019,1669 1018,1668 1017,1668 1016,1667 1016,1620 1017,1618 1022,1618 1023,1618 1023,1617 1025,1614 1060,1614 1062,1613 1062,1612 1062,1611 1063,1611 1064,1610 1234,1610 1235,1609 1234,1582 1235,1581 1235,1580 1236,1580 1237,1580 1238,1578 1238,1574 1245,1568 1249,1568 1250,1566 1250,1565 1251,1565 1252,1565 1253,1564 1257,1564 1257,1563 1257,1562 1259,1561 2458,1558 2458,1558 2458,1548 2461,1545 2462,1545 2462,1545 2462,1540 2463,1539 2570,1539 2571,1538 3456,1536 3458,1534 3467,1534 3468,1535 4266,1533 4266,1534 4267,1727 4266,1727 4263,1727 4263,1727 4263,1721 4262,1720 3676,1722 3675,1720 3675,1719 3673,1718 3660,1718 3660,1717 3660,1716 3659,1715 3659,1706 3658,1706 1760,1710 1760,1710 1760,1732 1759,1733 1758,1733 1756,1735 1756,1736 1755,1737"/><TextEquiv index="1"><Unicode>“&amp; mes pauvres mille écus!...“ On parut</Unicode></TextEquiv></TextLine><TextLine id="r0_l006"><Coords points="4266,1930 4265,1929 4264,1929 4263,1929 4263,1919 4263,1918 3926,1919 3925,1919 3925,1917 3925,1916 2436,1919 2435,1920 2435,1921 2435,1921 2422,1921 2420,1923 2420,1924 2419,1925 1745,1927 1744,1927 1744,1933 1744,1934 1735,1934 1734,1933 1734,1929 1734,1929 1654,1929 1653,1929 1653,1902 1653,1901 1036,1902 1035,1902 1035,1888 1035,1887 1022,1887 1016,1882 1016,1880 1017,1879 1020,1879 1020,1879 1020,1809 1017,1806 1016,1806 1016,1806 1016,1800 1016,1799 1017,1799 1018,1799 1020,1797 1020,1796 1020,1795 1021,1795 1024,1793 1024,1792 1024,1791 1033,1791 1035,1790 1035,1789 1036,1787 1659,1786 1660,1786 1660,1778 1662,1775 1663,1775 1664,1775 1664,1770 1665,1768 1666,1768 1668,1767 1668,1762 1669,1760 1670,1760 1672,1758 1672,1757 1673,1756 1674,1756 1676,1754 1676,1753 1676,1753 1677,1753 1680,1750 1680,1749 1680,1749 1681,1749 1684,1746 1684,1745 1684,1745 1693,1745 1695,1743 1695,1742 1696,1741 2024,1740 2025,1740 2025,1739 2026,1737 2031,1737 2032,1737 2032,1736 2034,1733 2957,1731 2959,1729 3470,1728 3472,1726 3480,1726 3481,1725 3482,1725 3483,1725 3483,1724 3484,1722 3493,1722 3494,1723 3494,1724 3496,1726 3504,1726 3506,1727 3506,1728 3506,1729 4266,1727 4267,1728 4267,1930 4267,1930"/><TextEquiv index="1"><Unicode>trouver ſingulier que je ſongeaſſe à une</Unicode></TextEquiv></TextLine><TextLine id="r0_l007"><Coords points="3945,2125 3944,2124 3942,2124 3941,2123 3940,2123 3939,2122 3937,2122 3936,2121 3935,2121 3934,2120 3932,2120 3931,2119 3929,2119 3928,2118 3928,2097 3927,2096 2060,2100 2060,2101 2060,2125 2059,2125 2040,2125 2040,2125 2040,2124 2039,2123 1372,2125 1372,2124 1372,2117 1371,2117 1020,2117 1020,2117 1020,2084 1019,2083 1018,2083 1017,2082 1016,2082 1016,2082 1016,2076 1016,2075 1023,2075 1024,2075 1023,1993 1026,1990 1030,1990 1031,1989 1031,1988 1032,1987 1041,1987 1042,1986 1046,1986 1047,1985 1047,1984 1048,1983 1108,1983 1108,1983 1108,1946 1110,1944 1115,1944 1116,1943 1116,1942 1118,1940 1338,1940 1338,1939 1338,1938 1341,1936 1342,1936 1342,1935 1342,1934 1344,1933 1941,1931 1941,1931 1941,1930 1942,1929 1959,1929 1960,1931 1960,1932 1962,1933 3338,1930 3339,1929 3340,1929 3341,1928 3341,1928 3341,1927 3343,1925 3352,1925 3352,1925 3352,1924 3355,1921 3924,1920 3925,1919 3936,1919 3936,1920 3936,1930 3937,1930 4265,1929 4266,1930 4267,1930 4267,1931 4268,2071 4267,2071 4266,2071 4263,2074 3947,2075 3947,2076 3947,2125 3946,2125"/><TextEquiv index="1"><Unicode>pareille niaiſerie. „Comment donc, s'é-</Unicode></TextEquiv></TextLine><TextLine id="r0_l008"><Coords points="3027,2315 3026,2315 3026,2262 3025,2261 2141,2263 2140,2262 1650,2263 1649,2262 1358,2263 1358,2262 1358,2261 1355,2259 1235,2259 1235,2258 1235,2257 1232,2255 1224,2255 1223,2253 1223,2248 1222,2248 1022,2248 1021,2247 1020,2247 1020,2247 1020,2246 1019,2245 1018,2244 1017,2244 1016,2243 1016,2218 1015,2217 986,2217 986,2217 986,2216 985,2215 985,2210 983,2209 982,2209 981,2207 981,2206 979,2205 978,2205 978,2204 978,2203 975,2201 974,2201 974,2200 974,2199 973,2198 973,2196 974,2195 974,2194 974,2194 975,2194 977,2192 977,2191 978,2190 1226,2189 1227,2188 1227,2187 1228,2186 1233,2186 1234,2185 1234,2184 1236,2182 1244,2182 1246,2180 1246,2179 1246,2179 1247,2179 1248,2178 1356,2178 1357,2177 1357,2137 1357,2137 1358,2137 1361,2134 1361,2129 1361,2129 1362,2129 1363,2128 1367,2128 1369,2126 1369,2125 1369,2125 2477,2122 2478,2121 3290,2119 3292,2117 3638,2117 3641,2114 3641,2113 3641,2113 4262,2111 4263,2111 4263,2075 4266,2071 4267,2071 4268,2072 4268,2304 4268,2304 3046,2307 3045,2308 3045,2315 3045,2315"/><TextEquiv index="1"><Unicode>“cria le maître? il faut voir cela; il</Unicode></TextEquiv></TextLine><TextLine id="r0_l009"><Coords points="1046,2511 1045,2510 1036,2510 1035,2510 1035,2440 1035,2439 1017,2439 1016,2439 1016,2438 1014,2435 1013,2435 1012,2435 1012,2391 1013,2390 1014,2390 1016,2388 1016,2387 1017,2386 1018,2386 1020,2384 1020,2383 1021,2382 1022,2382 1023,2381 1023,2380 1025,2378 1223,2378 1223,2377 1223,2348 1225,2347 1226,2347 1227,2345 1227,2340 1228,2340 1229,2340 1231,2337 1231,2336 1232,2336 1233,2336 1235,2333 1235,2332 1236,2332 1237,2332 1239,2329 1239,2328 1240,2328 1241,2328 1242,2326 1242,2325 1244,2324 1245,2324 1246,2322 1246,2321 1248,2320 1253,2320 1254,2318 1254,2317 1255,2317 1256,2317 1257,2316 1279,2316 1281,2318 3478,2313 3479,2312 3479,2311 3481,2309 4263,2307 4263,2307 4263,2305 4264,2304 4268,2304 4268,2305 4268,2495 4268,2495 4264,2495 4263,2495 4263,2478 4263,2477 2924,2480 2923,2481 2923,2499 2921,2501 2913,2501 2911,2503 2911,2504 2911,2504 2910,2504 2909,2505 2887,2505 2884,2503 2884,2499 2884,2498 1624,2501 1622,2503 1622,2504 1622,2504 1621,2504 1620,2505 1594,2505 1591,2503 1591,2502 1591,2501 1590,2501 1588,2500 1588,2456 1588,2455 1456,2455 1455,2454 1283,2455 1280,2452 1280,2451 1280,2451 1214,2451 1211,2449 1211,2440 1211,2439 1051,2439 1050,2440 1050,2511 1050,2511"/><TextEquiv index="1"><Unicode>“faut qu'on arrête le coquin?“ Il court</Unicode></TextEquiv></TextLine><TextLine id="r0_l010"><Coords points="3479,2698 3479,2698 3479,2667 3478,2666 3380,2666 3379,2665 3379,2647 3378,2646 2836,2647 2835,2646 2244,2648 2244,2648 2244,2660 2242,2662 1990,2662 1990,2663 1990,2665 1988,2666 1818,2667 1815,2670 1810,2670 1810,2670 1810,2671 1808,2673 1799,2673 1799,2672 1799,2671 1798,2671 1797,2670 1796,2670 1795,2668 1795,2650 1794,2650 1714,2650 1714,2649 1714,2647 1713,2647 1467,2647 1466,2646 1271,2647 1267,2643 1021,2643 1020,2642 1020,2641 1018,2639 1013,2639 1012,2638 1012,2629 1011,2628 1010,2628 1008,2626 1008,2618 1009,2616 1010,2616 1012,2615 1012,2583 1013,2581 1014,2581 1016,2580 1016,2579 1017,2577 1022,2577 1023,2577 1023,2576 1024,2574 1025,2574 1027,2573 1027,2572 1028,2570 1030,2570 1031,2570 1030,2515 1033,2512 1034,2512 1036,2510 1212,2510 1214,2508 1237,2508 1238,2509 1697,2508 1699,2510 1699,2515 1700,2516 1701,2516 1702,2516 1702,2517 1703,2518 1703,2527 1703,2528 1999,2527 2002,2530 2002,2531 2002,2531 2003,2531 2006,2534 2006,2538 2007,2539 2008,2539 2009,2540 2009,2541 2010,2542 2010,2558 2010,2558 2530,2557 2531,2557 2531,2522 2532,2520 2533,2520 2535,2519 2535,2518 2536,2516 2537,2516 2538,2515 2538,2514 2540,2512 2541,2512 2542,2511 2543,2511 2543,2511 2543,2510 2545,2508 3030,2507 3030,2507 3030,2506 3031,2505 3040,2505 3041,2504 3044,2504 3045,2505 3724,2504 3725,2502 3725,2501 3726,2501 3728,2501 3729,2500 3730,2501 4263,2499 4263,2499 4263,2496 4264,2495 4268,2495 4268,2496 4269,2693 4268,2693 3483,2695 3483,2696 3483,2698 3482,2698"/><TextEquiv index="1"><Unicode>à ſa caiſſe, &amp; me laiſſe ſeul. Au bout</Unicode></TextEquiv></TextLine><TextLine id="r0_l011"><Coords points="4264,2891 4263,2891 4263,2883 4263,2882 3279,2884 3278,2883 3250,2884 3249,2883 3249,2872 3249,2872 1523,2875 1522,2876 1522,2888 1522,2888 1498,2888 1495,2891 1495,2892 1495,2892 1486,2892 1484,2891 1484,2890 1483,2888 1482,2888 1481,2887 1428,2888 1426,2886 1426,2885 1426,2885 1425,2885 1423,2883 1423,2838 1423,2838 1163,2838 1162,2838 1162,2837 1161,2835 1034,2835 1031,2833 1031,2832 1031,2831 1026,2831 1023,2829 1023,2828 1023,2827 1018,2827 1016,2826 1016,2825 1015,2823 1014,2823 1012,2822 1012,2821 1011,2819 1010,2819 1008,2818 1008,2787 1011,2784 1012,2784 1012,2784 1012,2779 1014,2777 1015,2777 1016,2776 1016,2775 1018,2773 1019,2773 1019,2773 1019,2772 1022,2769 1023,2769 1023,2769 1023,2768 1026,2765 1027,2765 1027,2765 1027,2764 1030,2761 1031,2761 1031,2761 1031,2760 1033,2758 1045,2758 1047,2756 1047,2755 1048,2754 1054,2754 1054,2754 1054,2727 1053,2726 806,2727 805,2725 805,2720 806,2719 1053,2718 1054,2718 1054,2702 1055,2700 1068,2700 1069,2700 1069,2699 1071,2696 1079,2696 1081,2698 1081,2699 1082,2700 1083,2700 1085,2702 2050,2700 2051,2701 2051,2702 2051,2702 3478,2699 3479,2698 3764,2697 3767,2694 4268,2693 4269,2694 4269,2891 4269,2891"/><TextEquiv index="1"><Unicode>d'un quart - d'heure, un laquais vient</Unicode></TextEquiv></TextLine><TextLine id="r0_l012"><Coords points="4263,3093 4263,3093 4263,3084 4262,3083 1940,3088 1940,3088 1940,3049 1939,3048 1133,3050 1132,3049 1131,3049 1131,3049 1131,3027 1130,3026 1009,3026 1008,3025 1007,2962 1007,2961 1006,2961 1004,2960 1004,2959 1006,2957 1007,2957 1011,2953 1015,2953 1016,2952 1016,2951 1017,2950 1026,2950 1027,2949 1027,2948 1029,2946 1303,2946 1303,2945 1303,2933 1304,2932 1304,2931 1306,2930 1307,2930 1307,2929 1307,2924 1309,2923 1310,2923 1311,2921 1311,2920 1312,2920 1313,2919 1314,2919 1315,2917 1315,2912 1317,2911 1318,2911 1319,2909 1319,2908 1320,2908 1321,2908 1323,2905 1323,2904 1324,2904 1325,2904 1327,2901 1327,2896 1328,2896 1337,2896 1338,2894 1338,2893 1340,2892 1349,2892 1349,2891 1349,2890 1352,2888 1353,2888 1353,2888 1353,2889 1354,2890 1354,2891 1355,2892 1360,2892 1361,2893 3920,2887 3923,2884 3930,2884 3931,2885 3932,2885 3932,2886 3932,2891 3934,2892 4269,2891 4269,2892 4270,3093 4269,3093"/><TextEquiv index="1"><Unicode>me faire des excuſes de la part de M. le</Unicode></TextEquiv></TextLine><TextLine id="r0_l013"><Coords points="4264,3286 4263,3286 4263,3280 4263,3279 4041,3280 4039,3278 3929,3278 3928,3278 3928,3250 3928,3249 3888,3249 3886,3248 3886,3246 3886,3245 3549,3246 3548,3246 3548,3247 3547,3249 3546,3249 3544,3250 3544,3255 3543,3257 3542,3257 3541,3257 3540,3258 3540,3259 3540,3260 3535,3260 3533,3261 3533,3262 3533,3263 3532,3264 3531,3264 3529,3265 3529,3266 3528,3268 3523,3268 3522,3268 3522,3269 3520,3272 3481,3272 3479,3271 3479,3270 3478,3268 3477,3268 3475,3267 3475,3266 3474,3264 3473,3264 3472,3264 3472,3263 3470,3260 3469,3260 3468,3260 3468,3259 3467,3258 3467,3222 3467,3221 2751,3223 2750,3223 2750,3232 2749,3234 2748,3234 2747,3235 2746,3235 2746,3236 2746,3237 2609,3237 2608,3237 2608,3274 2607,3276 2602,3276 2601,3275 2601,3274 2600,3273 2600,3237 2600,3237 2525,3237 2524,3238 2524,3240 2523,3241 2522,3241 2520,3243 2520,3244 2519,3245 2518,3245 2516,3247 2516,3248 2515,3249 2510,3249 2508,3251 2508,3252 2507,3253 2491,3253 2489,3252 2489,3223 2489,3222 2364,3222 2363,3221 1973,3222 1972,3223 1972,3224 1970,3226 1953,3226 1952,3227 1952,3237 1952,3237 1947,3237 1944,3240 1944,3241 1944,3241 1827,3242 1825,3243 1825,3244 1825,3245 1823,3245 1822,3244 1822,3243 1821,3242 1820,3241 1819,3241 1818,3240 1818,3239 1816,3237 1815,3237 1814,3236 1814,3222 1814,3222 1412,3223 1411,3223 1411,3228 1410,3230 1409,3230 1407,3231 1407,3247 1406,3249 1405,3249 1403,3250 1403,3251 1402,3253 1401,3253 1400,3253 1400,3254 1398,3257 1397,3257 1396,3257 1396,3258 1395,3260 1394,3260 1392,3261 1392,3262 1391,3264 1390,3264 1388,3265 1388,3266 1387,3268 1378,3268 1377,3267 1377,3266 1376,3265 1376,3222 1376,3222 1014,3222 1012,3221 1012,3220 1011,3218 1010,3218 1008,3217 1008,3209 1012,3205 1012,3089 1012,3088 1099,3088 1100,3089 1100,3090 1101,3091 1108,3091 1109,3092 1110,3092 1112,3094 1112,3095 1112,3095 1113,3095 1114,3096 1116,3098 1116,3099 1116,3099 1121,3099 1123,3101 1123,3102 1124,3103 1129,3103 1131,3105 1131,3106 1132,3107 1133,3107 1135,3109 1135,3114 1136,3115 1137,3115 1138,3116 1139,3117 1139,3118 1139,3118 1140,3118 1141,3119 1142,3120 1142,3121 1143,3122 1144,3122 1146,3124 1146,3129 1147,3130 1148,3130 1150,3132 1150,3138 1150,3138 1298,3138 1300,3139 1300,3140 1300,3141 1305,3141 1306,3142 1583,3141 1584,3141 1584,3097 1585,3095 1743,3095 1745,3093 1745,3092 1745,3092 1746,3092 1747,3091 1939,3090 1940,3090 1940,3089 1940,3088 2192,3088 2194,3089 2194,3090 2194,3091 2240,3091 2241,3092 2242,3092 2244,3093 2244,3094 2244,3095 2245,3095 2247,3096 2247,3097 2248,3098 2248,3140 2248,3141 2362,3140 2363,3141 2375,3141 2379,3145 2703,3145 2704,3144 2704,3096 2704,3096 2705,3096 2706,3095 2708,3093 2708,3092 2708,3092 2709,3092 2712,3089 2712,3088 2712,3088 2722,3088 2723,3088 2723,3089 2723,3090 2725,3092 2726,3092 2727,3092 2727,3134 2727,3135 2929,3134 2931,3136 2931,3137 2932,3138 3390,3137 3391,3137 3391,3135 3391,3134 3392,3134 3395,3132 3395,3120 3396,3118 3397,3118 3398,3118 3398,3114 3399,3113 3399,3112 3399,3111 3400,3111 3402,3110 3402,3106 3403,3105 3403,3104 3403,3103 3404,3103 3410,3098 3410,3097 3410,3096 3411,3096 3414,3094 3414,3093 3414,3092 3415,3092 3418,3090 3418,3089 3418,3088 3419,3088 3422,3086 3422,3085 3422,3084 3435,3084 3437,3083 3437,3082 3438,3080 3439,3080 3440,3081 3441,3082 3441,3083 3442,3084 3877,3083 3878,3083 3878,3082 3879,3080 3976,3080 3978,3081 3978,3082 3979,3083 3979,3084 3980,3084 3982,3085 3982,3087 3982,3088 4061,3088 4062,3088 4062,3089 4063,3090 4063,3121 4063,3122 4264,3121 4265,3122 4269,3122 4270,3123 4270,3286 4270,3286"/><TextEquiv index="1"><Unicode>Duc; c'eſt - à - dire, vient me ſignifier,</Unicode></TextEquiv></TextLine><TextLine id="r0_l014"><Coords points="4269,3479 4268,3479 4267,3478 4265,3478 4264,3477 4263,3477 4263,3477 4263,3472 4262,3471 3788,3472 3786,3470 3786,3469 3785,3468 3776,3468 3775,3467 3775,3466 3774,3465 3774,3449 3773,3448 3538,3449 3537,3447 3536,3426 3536,3426 3455,3426 3452,3424 3452,3423 3452,3422 2682,3424 2681,3424 2681,3427 2680,3428 2681,3429 2802,3429 2803,3430 2803,3431 2802,3433 2678,3433 2678,3433 2678,3434 2675,3437 2190,3438 2190,3438 2190,3439 2188,3441 2183,3441 2182,3442 2182,3443 2181,3444 2180,3444 2178,3446 2178,3447 2177,3448 2176,3448 2175,3449 2167,3449 2167,3449 2167,3450 2165,3452 1488,3453 1488,3454 1488,3463 1486,3464 1481,3464 1480,3466 1480,3467 1479,3467 1478,3467 1477,3468 1451,3468 1449,3466 848,3468 847,3466 847,3464 847,3464 849,3464 850,3463 1449,3461 1450,3461 1449,3418 1449,3417 1045,3418 1043,3417 1043,3416 1042,3414 1018,3414 1016,3413 1016,3412 1015,3410 1014,3410 1012,3409 1012,3406 1012,3405 729,3406 728,3406 728,3404 730,3402 1012,3401 1012,3401 1012,3342 1012,3341 1002,3341 1000,3340 1001,3339 1001,3338 1002,3337 1003,3337 1007,3333 1008,3333 1008,3333 1008,3289 1010,3287 1011,3287 1012,3286 1012,3285 1013,3284 1014,3284 1015,3283 1023,3283 1023,3283 1023,3282 1025,3280 1026,3280 1027,3279 1641,3278 1643,3276 1645,3276 1645,3277 1645,3280 1646,3280 2345,3279 2346,3280 2347,3280 2347,3280 2347,3281 2350,3284 2351,3284 2351,3284 2351,3311 2352,3312 3088,3310 3088,3309 3088,3284 3090,3283 3095,3283 3095,3282 3095,3281 3097,3280 3098,3280 3099,3279 3101,3279 3102,3280 3943,3278 3943,3279 3943,3287 3944,3287 4270,3286 4270,3287 4271,3480 4270,3480"/><TextEquiv index="1"><Unicode>bien poliment, de me retirer. Je pris</Unicode></TextEquiv></TextLine><TextLine id="r0_l015"><Coords points="2652,3672 2651,3671 2651,3666 2651,3666 2119,3667 2117,3666 2117,3644 2116,3643 1749,3644 1749,3643 1749,3614 1748,3614 1717,3614 1716,3613 1715,3613 1714,3611 1714,3610 1713,3610 1447,3610 1446,3609 1033,3610 1031,3608 1031,3607 1030,3606 1021,3606 1020,3605 1020,3604 1019,3603 1018,3602 1017,3602 1016,3601 1016,3600 1014,3598 1013,3598 1012,3597 1012,3592 1011,3591 1010,3591 1008,3589 1008,3584 1007,3583 1006,3583 1004,3581 1004,3570 1006,3567 1007,3567 1008,3567 1008,3554 1009,3552 1010,3552 1011,3551 1012,3551 1012,3550 1013,3548 1014,3548 1016,3547 1016,3546 1017,3544 1018,3544 1020,3543 1020,3542 1020,3541 1021,3541 1024,3539 1024,3538 1024,3537 1029,3537 1031,3536 1031,3535 1032,3533 1037,3533 1039,3532 1039,3531 1040,3529 1114,3529 1115,3529 1115,3528 1117,3525 1291,3525 1292,3524 1292,3480 1293,3479 1298,3479 1300,3477 1300,3476 1301,3475 1310,3475 1311,3474 1311,3473 1313,3471 1316,3471 1317,3472 1543,3471 1546,3474 1546,3475 1546,3475 1551,3475 1553,3477 4053,3472 4055,3470 4055,3469 4055,3469 4061,3469 4062,3469 4062,3477 4062,3478 4264,3477 4265,3478 4267,3478 4268,3479 4269,3479 4271,3481 4271,3651 4269,3652 4268,3652 4267,3653 4266,3653 4265,3654 3065,3657 3063,3659 3062,3659 3061,3660 3054,3660 3053,3661 3053,3662 3053,3663 3025,3663 3023,3665 3023,3666 3022,3667 3020,3667 3019,3667 3019,3666 3019,3665 2658,3666 2657,3666 2657,3671 2657,3672"/><TextEquiv index="1"><Unicode>ce douloureux parti, en regrettant, très-</Unicode></TextEquiv></TextLine><TextLine id="r0_l016"><Coords points="2139,3867 2138,3866 2138,3840 2138,3840 1907,3840 1906,3839 1897,3840 1894,3837 1894,3836 1894,3836 1893,3836 1891,3834 1891,3833 1890,3832 1890,3809 1890,3809 1624,3809 1622,3808 1622,3807 1621,3805 1608,3805 1607,3804 1021,3805 1020,3805 1020,3804 1018,3801 1013,3801 1012,3801 1012,3800 1004,3792 1004,3742 1006,3740 1007,3740 1008,3739 1008,3738 1010,3736 1015,3736 1016,3735 1016,3734 1018,3732 1019,3732 1020,3731 1020,3730 1021,3729 1022,3729 1023,3728 1027,3728 1027,3728 1027,3727 1029,3725 1095,3725 1096,3724 1096,3723 1098,3721 1246,3721 1246,3720 1246,3672 1248,3671 1249,3671 1250,3670 1250,3669 1250,3668 1252,3667 1256,3667 1264,3675 1265,3675 1265,3675 1265,3684 1267,3686 1268,3686 1269,3687 1269,3688 1271,3690 1272,3690 1273,3691 1273,3700 1275,3702 1276,3702 1277,3703 1277,3716 1278,3717 2646,3714 2646,3713 2646,3677 2647,3676 2647,3675 2648,3675 2649,3675 2650,3673 2650,3672 2651,3672 2709,3672 2710,3671 2757,3671 2758,3669 2758,3668 2760,3667 3902,3664 3903,3663 4263,3662 4263,3662 4263,3655 4263,3654 4265,3654 4266,3653 4267,3653 4268,3652 4269,3652 4270,3651 4271,3652 4271,3856 4271,3856 4264,3856 4263,3855 3949,3856 3948,3856 3948,3808 3948,3807 2421,3810 2420,3811 2420,3865 2420,3865 2418,3865 2417,3866"/><TextEquiv index="1"><Unicode>amèrement, mes mille écus. Dans la</Unicode></TextEquiv></TextLine><TextLine id="r0_l017"><Coords points="4263,4066 4263,4066 4263,4063 4262,4062 4057,4063 4056,4062 4055,4062 4055,4061 4055,4056 4054,4056 2305,4060 2305,4059 2305,4050 2304,4050 1719,4051 1718,4049 1718,4001 1717,4001 1600,4001 1599,4000 1599,3999 1597,3997 1458,3997 1457,3996 1089,3997 1089,3997 1089,3996 1086,3993 1024,3993 1024,3993 1024,3992 1021,3989 1020,3989 1020,3989 1020,3988 1018,3986 1014,3986 1013,3985 1012,3985 1012,3985 1012,3984 1009,3981 1008,3981 1008,3981 1008,3978 1007,3977 664,3978 663,3977 663,3968 664,3966 665,3966 666,3966 666,3965 667,3963 1003,3962 1004,3962 1004,3950 1008,3946 1008,3942 1010,3939 1011,3939 1012,3939 1012,3934 1013,3932 1014,3932 1016,3931 1016,3930 1017,3928 1018,3928 1019,3928 1019,3927 1021,3924 1022,3924 1023,3924 1023,3923 1025,3920 1030,3920 1031,3920 1031,3919 1033,3916 1049,3916 1050,3916 1050,3915 1051,3913 1089,3913 1090,3913 1089,3864 1090,3863 1091,3863 1093,3861 1093,3860 1094,3859 1107,3859 1108,3861 1108,3862 1110,3863 1111,3863 1112,3865 1112,3867 1113,3867 3548,3862 3548,3861 3548,3860 3550,3859 3551,3859 3552,3858 3552,3857 3552,3856 3554,3855 3574,3855 3576,3857 3955,3856 3956,3857 4271,3856 4271,3857 4272,4066 4271,4066"/><TextEquiv index="1"><Unicode>circonſtance où j'étois, cette ſomme</Unicode></TextEquiv></TextLine><TextLine id="r0_l018"><Coords points="1046,4247 1045,4246 1017,4246 1016,4246 1016,4245 1014,4242 1013,4242 1012,4242 1012,4121 1012,4120 1013,4120 1014,4119 1015,4119 1016,4119 1016,4114 1017,4112 1137,4112 1138,4112 1138,4111 1140,4108 1259,4108 1261,4109 1261,4111 1261,4112 1456,4111 1457,4111 1457,4064 1457,4063 1458,4063 1461,4061 1461,4060 1461,4059 1462,4059 1463,4058 1473,4058 1474,4059 1475,4059 1476,4060 1476,4065 1477,4066 1478,4066 1480,4068 1480,4108 1480,4108 1520,4108 1522,4110 1522,4111 1523,4112 1704,4112 1707,4114 1707,4115 1707,4116 1786,4116 1787,4115 1787,4071 1788,4070 1789,4070 1791,4068 1791,4067 1792,4066 1858,4066 1860,4067 1860,4068 1861,4070 1862,4070 1864,4071 1864,4076 1865,4078 1866,4078 1868,4079 1868,4080 1868,4081 1869,4081 1871,4082 1871,4083 1872,4085 1873,4085 1875,4086 1875,4098 1877,4101 1878,4101 1879,4101 1879,4104 1879,4105 1922,4104 1923,4105 1924,4105 1925,4106 1925,4108 1925,4108 2011,4108 2013,4110 2013,4111 2014,4112 2069,4112 2071,4114 2071,4115 2072,4116 2077,4116 2078,4117 2078,4118 2081,4120 2197,4120 2197,4119 2197,4072 2198,4071 2198,4070 2198,4070 2199,4070 2207,4062 2211,4062 2213,4060 2213,4059 2213,4059 2214,4059 2215,4058 2218,4058 2220,4060 2316,4060 2317,4060 2317,4061 2317,4062 2318,4062 2320,4063 2320,4084 2320,4085 2361,4084 2362,4085 2362,4086 2363,4087 2363,4112 2363,4112 2387,4112 2390,4115 2390,4116 2390,4116 2579,4116 2581,4115 2581,4114 2582,4112 2668,4112 2669,4111 2669,4110 2671,4108 2718,4108 2719,4107 2719,4064 2721,4062 2725,4062 2729,4058 2789,4058 2790,4059 2791,4059 2792,4059 2792,4068 2793,4070 2794,4070 2796,4071 2796,4112 2796,4113 2859,4112 2862,4115 2862,4116 2862,4116 2867,4116 2869,4118 2869,4119 2871,4120 2876,4120 2877,4122 2877,4131 2878,4131 2879,4131 2880,4132 2881,4134 2881,4135 2882,4135 2883,4135 2884,4137 2884,4138 2886,4139 2945,4139 2946,4141 2946,4142 2947,4142 2948,4143 2949,4143 2950,4145 2950,4146 2951,4146 3013,4146 3015,4149 3015,4150 3014,4151 2997,4151 2996,4152 2996,4211 2995,4212 2990,4212 2988,4211 2988,4152 2988,4151 2951,4151 2950,4152 2950,4238 2949,4239 2944,4239 2942,4238 2942,4152 2942,4151 2928,4151 2927,4152 2927,4180 2926,4181 2925,4181 2923,4183 2923,4188 2922,4189 2913,4189 2912,4190 2912,4191 2910,4193 2837,4193 2836,4192 2690,4193 2689,4193 2689,4194 2687,4197 2667,4197 2666,4197 2666,4198 2664,4201 2661,4201 2660,4200 2659,4200 2658,4199 2658,4193 2658,4193 2483,4193 2482,4194 2482,4195 2480,4197 2373,4197 2372,4196 2215,4197 2213,4195 2213,4194 2212,4193 2211,4193 2209,4191 2209,4190 2208,4189 2080,4189 2079,4190 2079,4195 2077,4197 1942,4197 1940,4199 1940,4200 1940,4200 1939,4200 1938,4201 1936,4201 1935,4200 1934,4200 1933,4200 1933,4199 1932,4197 1928,4197 1927,4196 1859,4197 1858,4196 1857,4196 1856,4195 1856,4194 1855,4193 1847,4193 1844,4190 1844,4189 1844,4189 1666,4189 1664,4191 1664,4192 1663,4193 1467,4193 1466,4192 1389,4193 1388,4193 1388,4203 1388,4204 1387,4204 1386,4205 1384,4205 1383,4204 1382,4204 1380,4202 1380,4201 1380,4201 1264,4201 1261,4198 1261,4193 1261,4193 1214,4193 1211,4191 1211,4190 1211,4189 1055,4189 1054,4190 1054,4242 1053,4243 1052,4243 1051,4244 1050,4245 1050,4246 1050,4246 1049,4246 1048,4247"/><TextEquiv index="1"><Unicode>pouvoit m'être bien utile.</Unicode></TextEquiv></TextLine><TextLine id="r0_l019"><Coords points="4263,4446 4263,4446 4263,4444 4262,4443 1953,4448 1952,4447 1949,4447 1949,4447 1949,4444 1948,4443 1269,4445 1269,4444 1269,4382 1267,4381 1247,4381 1246,4379 1246,4378 1244,4377 1235,4377 1235,4376 1235,4375 1232,4373 1228,4373 1223,4367 1223,4366 1222,4366 1221,4366 1219,4363 1219,4358 1218,4358 1217,4358 1209,4350 1205,4350 1203,4349 1203,4347 1203,4346 1102,4346 1100,4345 1100,4341 1103,4338 1104,4338 1104,4338 1104,4337 1106,4335 1107,4335 1108,4334 1196,4334 1196,4334 1196,4306 1198,4304 1199,4304 1200,4303 1200,4302 1202,4300 1203,4300 1204,4299 1204,4290 1205,4289 1206,4289 1208,4287 1208,4286 1209,4285 1210,4285 1211,4284 1211,4280 1222,4269 1226,4269 1227,4267 1227,4266 1228,4266 1229,4266 1231,4263 1231,4262 1232,4262 1233,4262 1235,4259 1235,4258 1236,4258 1245,4258 1246,4256 1246,4255 1248,4254 2159,4252 2161,4250 3157,4248 3158,4247 3159,4247 3160,4246 3863,4244 3864,4243 3984,4243 3985,4242 4039,4242 4039,4241 4039,4236 4041,4235 4042,4235 4043,4233 4043,4232 4045,4231 4066,4231 4066,4230 4066,4225 4067,4225 4263,4224 4264,4223 4272,4223 4272,4224 4273,4446 4272,4446"/><TextEquiv index="1"><Unicode>Cependant il falloit abſolument faire</Unicode></TextEquiv></TextLine><TextLine id="r0_l020"><Coords points="2165,4639 2164,4638 2164,4591 2164,4591 1523,4592 1522,4593 1522,4599 1522,4599 1521,4599 1519,4601 1519,4609 1505,4623 1501,4623 1499,4625 1499,4626 1499,4626 1498,4626 1495,4629 1495,4630 1495,4630 1463,4630 1461,4629 1461,4628 1461,4627 1460,4627 1459,4626 1455,4626 1453,4625 1453,4624 1453,4623 1452,4623 1449,4621 1449,4619 1449,4618 1448,4618 1445,4616 1445,4580 1445,4580 1351,4580 1350,4579 1350,4578 1348,4577 1060,4577 1056,4573 1025,4573 1023,4571 1023,4570 1022,4569 1013,4569 1012,4568 1012,4567 1011,4566 1010,4565 1009,4565 1008,4564 1008,4563 1006,4561 1005,4561 1004,4560 1004,4559 1003,4558 1002,4557 1001,4557 1000,4556 1000,4551 999,4550 998,4550 997,4549 997,4549 997,4548 996,4547 996,4536 994,4534 993,4534 993,4534 993,4532 994,4530 995,4530 997,4529 997,4524 997,4523 998,4523 1001,4521 1001,4520 1001,4519 1002,4519 1005,4517 1005,4516 1005,4515 1006,4515 1008,4514 1008,4509 1008,4508 1009,4508 1016,4502 1016,4501 1016,4500 1036,4500 1039,4498 1039,4447 1039,4446 1045,4446 1046,4446 1046,4445 1048,4442 1060,4442 1062,4441 1062,4440 1063,4438 1064,4438 1066,4440 1066,4442 1066,4442 1244,4442 1246,4443 1246,4444 1246,4445 1288,4445 1289,4446 1290,4446 1292,4447 1292,4448 1293,4450 1294,4450 1296,4451 1296,4460 1296,4461 1297,4461 1300,4463 1300,4499 1300,4500 1805,4499 1806,4498 1806,4462 1807,4461 1808,4461 1812,4457 1867,4457 1868,4456 1868,4454 1868,4454 1869,4454 1872,4451 1872,4450 1872,4450 1947,4449 1948,4449 1948,4448 1948,4447 2079,4447 2080,4446 2131,4446 2132,4447 2132,4448 2134,4450 2261,4450 2263,4451 2263,4452 2263,4453 2264,4454 2265,4454 2267,4455 2267,4500 2267,4501 2791,4500 2792,4499 2792,4470 2793,4469 2794,4469 2796,4467 2796,4466 2797,4465 2798,4465 2800,4466 2800,4500 2800,4501 3463,4499 3464,4499 3464,4455 3464,4454 3465,4454 3468,4452 3468,4451 3468,4450 3473,4450 3475,4449 3475,4448 3476,4446 3827,4445 3828,4445 3828,4443 3828,4442 4095,4442 4097,4443 4097,4446 4097,4447 4272,4446 4273,4447 4273,4620 4273,4620 4104,4621 4103,4621 4103,4626 4103,4627 4099,4627 4098,4628 3928,4628 3927,4629 3927,4631 3927,4631 3923,4631 3922,4632 3702,4633 3701,4634 3677,4634 3675,4632 3675,4631 3674,4630 3669,4630 3667,4628 3667,4596 3667,4596 3370,4596 3368,4595 3368,4585 3368,4584 3301,4584 3300,4583 2809,4585 2808,4585 2808,4624 2806,4627 2804,4627 2803,4626 2801,4626 2800,4625 2800,4615 2800,4615 2279,4616 2278,4616 2278,4617 2277,4619 2265,4619 2263,4617 2263,4591 2263,4591 2171,4591 2170,4591 2170,4638 2170,4639"/><TextEquiv index="1"><Unicode>de l'argent. J'allai encore trouver le prin-</Unicode></TextEquiv></TextLine><TextLine id="r0_l021"><Coords points="3745,4826 3743,4824 3039,4826 3038,4825 3038,4824 3037,4823 1845,4826 1845,4825 1845,4817 1844,4817 1124,4818 1123,4817 1122,4769 1122,4768 1017,4768 1016,4768 1016,4767 1003,4753 1002,4753 1001,4753 1001,4752 1000,4751 1000,4715 1000,4714 980,4715 977,4712 979,4711 980,4711 981,4709 981,4708 983,4707 1008,4706 1008,4706 1008,4705 1010,4703 1011,4703 1012,4702 1012,4701 1014,4699 1015,4699 1016,4698 1016,4697 1018,4695 1027,4695 1027,4695 1027,4694 1029,4692 1033,4692 1034,4691 1035,4691 1035,4691 1035,4690 1037,4688 1085,4688 1085,4688 1085,4640 1091,4634 1326,4634 1327,4635 1556,4634 1557,4636 1557,4637 1559,4638 1564,4638 1564,4639 1564,4640 1565,4640 2171,4639 2172,4640 3844,4636 3846,4634 3916,4634 3916,4634 3916,4633 3917,4632 3922,4632 3923,4631 4097,4631 4097,4630 4097,4628 4099,4627 4263,4626 4263,4626 4263,4621 4264,4620 4273,4620 4273,4621 4274,4823 4273,4823 3763,4824 3761,4826"/><TextEquiv index="1"><Unicode>cipal uſurier qui avoit, juſqu'ici, le plus</Unicode></TextEquiv></TextLine><TextLine id="r0_l022"><Coords points="3504,5022 3499,5017 3058,5018 3057,5016 3057,5015 3055,5014 3054,5014 3053,5012 3053,4988 3052,4988 1625,4991 1625,4992 1625,5019 1624,5019 1614,5019 1613,5018 1613,4968 1612,4967 1097,4968 1096,4967 1096,4966 1090,4960 1017,4960 1008,4951 1008,4947 1006,4945 1005,4945 1004,4944 1004,4910 1003,4909 686,4910 686,4910 686,4908 685,4907 661,4907 660,4906 659,4906 659,4906 659,4901 657,4899 656,4899 655,4898 655,4897 656,4895 657,4895 659,4894 659,4893 660,4891 1003,4890 1004,4890 1004,4886 1006,4883 1007,4883 1008,4883 1008,4882 1009,4880 1010,4880 1011,4879 1018,4879 1020,4878 1020,4877 1020,4876 1368,4876 1369,4875 1369,4838 1370,4837 1371,4837 1373,4835 1373,4830 1373,4830 1440,4830 1441,4831 1739,4830 1741,4831 1741,4832 1741,4833 2883,4830 2884,4831 2884,4832 2885,4833 4262,4830 4263,4830 4263,4824 4263,4823 4273,4823 4274,4824 4274,5016 4273,5016 3842,5017 3841,5018 3510,5019 3507,5022"/><TextEquiv index="1"><Unicode>travaillé à ma ruine. Depuis quelque</Unicode></TextEquiv></TextLine><TextLine id="r0_l023"><Coords points="2326,5218 2325,5217 2325,5213 2325,5213 1655,5214 1654,5214 1654,5213 1654,5212 1282,5213 1281,5212 1281,5211 1280,5210 1280,5160 1280,5160 1091,5160 1089,5159 1089,5158 1088,5156 1079,5156 1077,5155 1077,5154 1076,5152 1010,5152 1008,5151 1008,5150 1007,5148 1006,5148 1004,5147 1004,5142 1004,5141 1003,5141 1000,5139 1000,5088 1000,5087 999,5087 997,5086 997,5085 996,5084 996,5083 997,5082 997,5081 999,5079 1000,5079 1000,5079 1000,5078 1003,5075 1011,5075 1012,5074 1012,5073 1013,5072 1014,5072 1015,5071 1019,5071 1019,5071 1019,5070 1021,5068 1407,5068 1407,5067 1407,5061 1409,5060 1488,5059 1488,5059 1488,5046 1490,5044 1491,5044 1491,5044 1491,5043 1493,5041 1607,5041 1607,5041 1607,5019 1607,5018 1678,5018 1680,5019 1680,5022 1680,5023 2716,5021 2717,5022 2718,5022 2719,5023 4262,5019 4263,5019 4263,5017 4263,5016 4273,5016 4274,5017 4274,5209 4274,5209 4264,5209 4263,5208 4117,5209 4116,5208 4116,5198 4116,5198 4110,5198 4109,5197 4108,5196 4108,5190 4108,5190 4102,5190 4101,5189 4101,5183 4101,5183 2640,5186 2639,5186 2639,5208 2639,5209 2638,5209 2634,5213 2336,5214 2335,5214 2335,5217 2335,5218"/><TextEquiv index="1"><Unicode>temps, il ne vouloit plus me fournir un</Unicode></TextEquiv></TextLine><TextLine id="r0_l024"><Coords points="3743,5409 3742,5408 3729,5409 3729,5408 3729,5407 3728,5406 3728,5375 3727,5375 3661,5375 3659,5372 3659,5355 3658,5355 3515,5355 3514,5356 3514,5357 3512,5359 3510,5359 3510,5358 3510,5357 3507,5355 3222,5356 3222,5356 3222,5357 3220,5359 3084,5359 3084,5359 3084,5403 3082,5405 3054,5405 3054,5405 3054,5406 3051,5409 3046,5409 3046,5409 3046,5408 3043,5405 3042,5405 3042,5405 3042,5356 3041,5355 2881,5355 2880,5354 2708,5355 2708,5355 2708,5404 2707,5405 2701,5405 2700,5406 2700,5407 2698,5409 2586,5409 2585,5408 2585,5407 2584,5406 2583,5405 2582,5405 2581,5404 2581,5403 2580,5402 2579,5402 2577,5400 2577,5357 2576,5356 2366,5356 2366,5357 2366,5358 2365,5358 2352,5359 2351,5357 2351,5355 2350,5355 2172,5355 2171,5356 2170,5356 2169,5355 2167,5355 2167,5354 2167,5353 2165,5352 1825,5353 1825,5353 1825,5354 1824,5355 1811,5355 1810,5353 1810,5352 1809,5352 1701,5352 1700,5351 1699,5351 1699,5350 1699,5348 1698,5348 1327,5349 1327,5349 1327,5360 1326,5361 1326,5362 1325,5363 1324,5363 1322,5365 1322,5366 1321,5367 1320,5367 1319,5368 1319,5376 1309,5386 1308,5386 1308,5386 1308,5387 1305,5390 1158,5390 1158,5390 1158,5353 1157,5352 1094,5352 1092,5350 1092,5349 1091,5348 1006,5348 1004,5346 1004,5345 1003,5344 994,5344 993,5343 993,5338 994,5336 995,5336 996,5336 996,5275 997,5274 997,5272 997,5271 1002,5271 1005,5269 1005,5268 1005,5267 1010,5267 1011,5266 1011,5265 1012,5264 1012,5250 1014,5248 1015,5248 1016,5247 1016,5238 1018,5236 1019,5236 1020,5235 1020,5234 1021,5233 1022,5233 1023,5232 1023,5228 1024,5227 1024,5226 1025,5225 1026,5225 1028,5223 1028,5223 1028,5222 1029,5221 1030,5221 1031,5220 1031,5219 1033,5217 1038,5217 1039,5216 1039,5215 1041,5213 1046,5213 1046,5213 1046,5212 1047,5211 1048,5210 1049,5210 1050,5209 1060,5209 1062,5212 1062,5213 1063,5213 1068,5213 1070,5216 1071,5271 1071,5271 1206,5271 1207,5271 1207,5270 1209,5267 1443,5267 1444,5268 1649,5267 1650,5267 1649,5226 1650,5225 1651,5225 1652,5224 1653,5224 1653,5224 1653,5215 1654,5214 1673,5214 1674,5213 1676,5215 1676,5262 1677,5263 1739,5263 1740,5264 1852,5264 1852,5263 1852,5218 1854,5217 1917,5216 1920,5213 1924,5213 1925,5215 1925,5216 1927,5217 1928,5217 1929,5219 1930,5275 1930,5275 2320,5275 2321,5274 2320,5223 2321,5222 2321,5221 2322,5221 2323,5221 2324,5219 2324,5218 2325,5218 2335,5218 2338,5221 2342,5221 2343,5222 2344,5267 2344,5268 2384,5267 2385,5268 2385,5269 2386,5270 2386,5274 2387,5275 2831,5274 2832,5274 2831,5223 2833,5221 2834,5221 2834,5221 2834,5220 2837,5217 2845,5217 2846,5219 2846,5220 2847,5220 2848,5221 2849,5221 2850,5223 2850,5224 2851,5224 2852,5225 2853,5225 2854,5227 2855,5271 2855,5271 2917,5271 2919,5273 2919,5274 2920,5275 3101,5275 3103,5273 3103,5272 3104,5271 3139,5271 3142,5268 3142,5267 3142,5267 3147,5267 3149,5268 3149,5269 3150,5271 3228,5271 3230,5272 3230,5273 3231,5275 3236,5275 3237,5276 3500,5275 3503,5278 3735,5278 3736,5277 3736,5276 3737,5275 3817,5274 3818,5274 3817,5223 3819,5221 3824,5221 3824,5221 3824,5220 3825,5219 3825,5218 3826,5217 3827,5217 3829,5220 3829,5221 3830,5221 3831,5221 3832,5223 3832,5224 3833,5224 3834,5225 3835,5225 3836,5227 3836,5228 3837,5228 3838,5229 3839,5229 3840,5231 3840,5232 3841,5232 3842,5232 3844,5235 3844,5236 3845,5236 3865,5236 3867,5239 3867,5240 3868,5240 3869,5240 3871,5243 3871,5248 3872,5248 3885,5248 3886,5250 3886,5251 3888,5252 3889,5252 3890,5254 3890,5263 3891,5263 3972,5263 3974,5264 3974,5265 3975,5267 3976,5267 3978,5268 3978,5273 3979,5275 3980,5275 3982,5276 3982,5277 3982,5278 4112,5278 4113,5277 4112,5211 4115,5209 4124,5209 4125,5210 4274,5209 4274,5210 4275,5403 4274,5403 4263,5403 4263,5403 4263,5283 4262,5282 4086,5283 4086,5283 4086,5294 4085,5295 4085,5296 4083,5298 4043,5298 4043,5298 4043,5304 4041,5306 3993,5306 3993,5306 3993,5331 3992,5332 3991,5332 3990,5333 3986,5333 3985,5334 3985,5335 3984,5336 3983,5336 3982,5337 3982,5338 3980,5340 3975,5340 3974,5341 3974,5342 3972,5344 3967,5344 3966,5346 3966,5347 3964,5348 3901,5348 3901,5349 3901,5362 3899,5363 3767,5363 3767,5364 3767,5408 3765,5409"/><TextEquiv index="1"><Unicode>ſou; mais il avoit appris que mon père</Unicode></TextEquiv></TextLine><TextLine id="r0_l025"><Coords points="4269,5614 4268,5613 4267,5613 4266,5612 4265,5612 4263,5611 4263,5563 4263,5562 3781,5563 3778,5561 3778,5555 3778,5554 2341,5558 2340,5558 2340,5568 2339,5570 2338,5570 2337,5571 1934,5571 1933,5572 1933,5573 1932,5574 1927,5574 1925,5573 1925,5564 1925,5563 1924,5563 1921,5561 1921,5547 1921,5546 1647,5547 1645,5546 1645,5545 1644,5543 1501,5543 1500,5542 1167,5543 1165,5542 1165,5541 1165,5540 1092,5540 1091,5539 1029,5539 1027,5538 1027,5537 1027,5536 1022,5536 1020,5535 1020,5534 1019,5532 1014,5532 1012,5531 1012,5530 1011,5528 1006,5528 1004,5527 1004,5526 1003,5524 1002,5524 1001,5524 1001,5523 999,5520 998,5520 997,5520 997,5519 996,5518 996,5506 996,5505 994,5505 993,5504 991,5504 989,5503 989,5498 991,5496 992,5496 993,5495 993,5491 993,5490 994,5490 997,5488 997,5487 997,5486 1002,5486 1004,5485 1004,5484 1005,5482 1006,5482 1008,5481 1008,5480 1009,5478 1010,5478 1011,5478 1012,5477 1012,5476 1013,5474 1014,5474 1016,5473 1016,5472 1016,5471 1017,5471 1018,5470 1022,5470 1023,5470 1023,5443 1024,5442 1024,5441 1024,5440 1025,5440 1027,5439 1027,5434 1028,5432 1029,5432 1030,5432 1031,5431 1031,5430 1032,5428 1037,5428 1039,5427 1039,5426 1040,5424 1049,5424 1050,5424 1050,5423 1051,5421 1124,5421 1125,5420 1629,5419 1630,5419 1630,5414 1630,5413 1935,5412 1938,5409 1946,5409 1948,5411 1948,5413 1948,5413 2134,5413 2140,5418 2140,5419 2140,5420 2141,5420 2143,5422 3843,5418 3844,5417 3845,5417 3848,5415 3848,5414 3848,5413 3853,5413 3855,5412 3855,5411 3856,5409 4262,5408 4263,5408 4263,5404 4263,5403 4274,5403 4275,5404 4275,5614 4275,5614"/><TextEquiv index="1"><Unicode>&amp; ma mère étoient morts. Cette nouvelle</Unicode></TextEquiv></TextLine><TextLine id="r0_l026"><Coords points="2073,5801 2072,5800 2071,5800 2071,5800 2071,5799 2069,5797 2068,5797 2067,5796 1636,5797 1636,5797 1636,5793 1635,5792 1205,5793 1203,5791 1203,5790 1202,5789 1201,5789 1200,5788 1200,5787 1198,5785 1197,5785 1196,5784 1196,5736 1195,5735 994,5735 993,5734 993,5729 990,5726 989,5726 989,5726 988,5720 988,5719 749,5720 747,5719 747,5718 749,5716 920,5716 920,5715 920,5624 921,5624 927,5624 927,5623 927,5611 928,5610 928,5609 929,5609 930,5609 931,5607 931,5606 933,5605 934,5605 934,5604 935,5603 935,5602 937,5601 1039,5600 1039,5600 1039,5599 1041,5597 1065,5597 1065,5598 1065,5599 1068,5601 1211,5601 1212,5602 1694,5601 1695,5602 1932,5601 1933,5603 1933,5604 1935,5605 2301,5605 2301,5605 2301,5606 2303,5608 3594,5605 3594,5605 3594,5606 3597,5609 3601,5609 3602,5610 3602,5612 3603,5613 4128,5612 4128,5611 4128,5597 4129,5597 4135,5597 4135,5597 4135,5611 4136,5612 4264,5611 4265,5612 4266,5612 4267,5613 4268,5613 4269,5615 4270,5616 4270,5617 4271,5618 4271,5619 4272,5620 4272,5622 4273,5622 4275,5622 4275,5623 4276,5791 4275,5791 4263,5791 4263,5791 4263,5761 4262,5760 2447,5764 2447,5765 2447,5777 2446,5777 2444,5777 2443,5778 2105,5779 2105,5780 2105,5792 2103,5793 2102,5793 2102,5794 2102,5795 2099,5797 2087,5797 2086,5799 2086,5800 2085,5800 2084,5800 2083,5801"/><TextEquiv index="1"><Unicode>ſuſpecte le diſpoſa mieux en ma faveur.</Unicode></TextEquiv></TextLine><TextLine id="r0_l027"><Coords points="3906,5990 3905,5990 3905,5950 3904,5949 3622,5950 3621,5949 2508,5951 2508,5952 2508,5977 2508,5977 2502,5977 2501,5977 2501,5959 2501,5958 2472,5958 2470,5957 2470,5940 2469,5939 2468,5939 2467,5938 1923,5939 1921,5937 1921,5936 1920,5935 1919,5935 1918,5934 1503,5935 1503,5936 1503,5969 1503,5969 1497,5969 1495,5968 1495,5967 1495,5966 1463,5966 1461,5965 1461,5958 1461,5957 1444,5958 1442,5956 1442,5950 1441,5950 1235,5950 1235,5949 1235,5931 1234,5931 1074,5931 1074,5931 1074,5930 1071,5927 994,5927 993,5926 990,5926 989,5925 989,5916 989,5915 990,5915 991,5914 993,5913 993,5912 993,5911 1007,5911 1008,5911 1008,5814 1006,5812 1005,5812 1005,5812 1005,5811 1002,5808 997,5808 997,5808 997,5806 996,5805 996,5804 997,5803 997,5802 998,5800 999,5800 1000,5800 1000,5799 1001,5797 1002,5797 1003,5796 1083,5796 1086,5793 1091,5793 1092,5794 1092,5795 1093,5796 1093,5829 1092,5830 1092,5846 1092,5846 1625,5845 1626,5845 1626,5802 1626,5801 1627,5801 1630,5799 1630,5798 1630,5797 1754,5797 1755,5796 1763,5796 1764,5795 1764,5794 1765,5793 1782,5793 1783,5793 1783,5794 1785,5797 1789,5797 1791,5798 1791,5799 1791,5800 1888,5800 1891,5802 1891,5819 1891,5820 2030,5819 2033,5822 2033,5827 2033,5827 2461,5826 2462,5826 2462,5825 2460,5823 2459,5823 2458,5822 2458,5811 2459,5810 2459,5809 2459,5808 2464,5808 2466,5807 2466,5806 2467,5804 2567,5804 2568,5805 2990,5804 2992,5806 2992,5823 2992,5823 3421,5822 3422,5822 3422,5821 3422,5820 3423,5820 3425,5819 3425,5818 3426,5816 3427,5816 3429,5815 3429,5814 3430,5812 3431,5812 3433,5811 3433,5810 3434,5808 3443,5808 3444,5808 3444,5807 3446,5804 3750,5803 3753,5800 3831,5800 3832,5800 3832,5799 3833,5797 3834,5797 3835,5796 3844,5796 3845,5797 3846,5797 3847,5798 3847,5799 3848,5800 3849,5800 3851,5802 3851,5842 3851,5842 4262,5841 4263,5841 4263,5792 4263,5791 4275,5791 4276,5792 4276,5985 4276,5985 4274,5985 4273,5986 4052,5987 4051,5988 3924,5988 3923,5989 3924,5990 3924,5990"/><TextEquiv index="1"><Unicode>Il connoiſſoit mon bien. Il me fit céder</Unicode></TextEquiv></TextLine><TextLine id="r0_l028"><Coords points="3461,6192 3460,6191 2981,6192 2981,6192 2981,6191 2978,6188 2977,6188 2977,6188 2977,6187 2976,6186 2975,6179 2975,6178 1778,6181 1777,6180 1776,6180 1775,6179 1775,6173 1775,6173 1609,6173 1606,6171 1606,6161 1606,6160 1328,6161 1327,6160 1327,6159 1326,6158 1326,6131 1326,6131 1200,6131 1199,6130 1082,6130 1081,6130 1081,6129 1080,6127 1011,6127 1000,6117 1000,6113 999,6111 998,6111 997,6111 997,6060 993,6056 993,6047 994,6046 996,6046 996,6046 996,6045 999,6042 1000,6042 1000,6042 1000,6041 1003,6038 1008,6038 1008,6038 1008,6037 1011,6034 1737,6033 1740,6030 1741,6030 1741,6029 1741,6020 1743,6019 1744,6019 1745,6017 1745,6012 1746,6012 1747,6012 1749,6010 1749,6009 1749,6008 1750,6008 1751,6008 1753,6005 1753,6004 1754,6004 1759,6004 1760,6002 1760,6001 1762,6000 1771,6000 1771,5999 1771,5998 1772,5997 1772,5996 1773,5996 1775,5996 1775,5996 1775,5997 1778,6000 1790,6000 1791,6001 1791,6002 1792,6003 3901,5998 3901,5998 3901,5994 3902,5993 3903,5993 3906,5990 4036,5990 4038,5988 4263,5987 4264,5986 4273,5986 4274,5985 4276,5985 4276,5986 4276,6179 4276,6179 3502,6181 3502,6182 3502,6187 3500,6188 3499,6188 3498,6190 3498,6191 3496,6192"/><TextEquiv index="1"><Unicode>tout, exactement tout ce que je pouvois</Unicode></TextEquiv></TextLine><TextLine id="r0_l029"><Coords points="2632,6396 2632,6395 2632,6387 2631,6387 2173,6388 2173,6387 2173,6385 2172,6385 1680,6386 1680,6385 1680,6378 1679,6378 664,6380 663,6379 663,6377 663,6376 993,6375 994,6375 993,6374 993,6373 991,6371 990,6371 989,6370 989,6246 989,6245 990,6245 993,6243 993,6242 993,6241 1003,6241 1004,6241 1004,6240 1005,6238 1180,6238 1181,6238 1181,6220 1181,6219 1182,6219 1185,6217 1185,6213 1201,6196 1205,6196 1208,6194 1208,6193 1208,6192 1213,6192 1215,6191 1215,6190 1216,6188 1248,6188 1250,6186 1250,6185 1251,6184 1256,6184 1257,6183 1256,6182 1259,6180 1263,6180 1264,6181 1264,6182 1266,6184 1409,6184 1411,6185 1411,6186 1412,6188 1413,6188 1415,6189 1415,6190 1416,6192 1417,6192 1419,6194 3640,6189 3641,6188 4262,6186 4263,6186 4263,6180 4263,6179 4276,6179 4277,6180 4277,6370 4276,6370 4165,6371 4164,6372 4127,6372 4126,6373 3637,6374 3637,6374 3637,6385 3635,6387 2645,6389 2645,6389 2645,6395 2644,6396"/><TextEquiv index="1"><Unicode>poſſéder, pour environ cent mille francs</Unicode></TextEquiv></TextLine><TextLine id="r0_l030"><Coords points="1535,6600 1534,6600 1534,6576 1534,6575 1322,6576 1321,6575 1320,6575 1319,6574 1319,6569 1318,6568 1029,6568 1028,6568 1028,6567 1026,6564 1025,6564 1024,6564 1024,6563 1023,6562 1023,6553 1023,6552 1017,6552 1016,6552 1016,6551 1015,6549 1011,6549 1010,6548 1009,6548 1008,6548 1008,6535 1008,6534 1004,6534 1003,6533 1002,6533 1000,6532 1000,6512 999,6510 998,6510 997,6510 997,6505 993,6501 993,6500 992,6498 991,6498 989,6497 989,6488 988,6487 987,6487 985,6485 985,6477 987,6476 988,6476 989,6474 989,6465 991,6463 992,6463 993,6462 993,6457 994,6456 996,6456 996,6456 996,6445 997,6444 997,6443 999,6441 1000,6441 1000,6441 1000,6440 1003,6437 1011,6437 1012,6436 1012,6435 1013,6434 1014,6434 1015,6433 1019,6433 1020,6432 1020,6431 1021,6430 1330,6430 1330,6429 1330,6404 1331,6403 1332,6403 1334,6401 1334,6400 1335,6399 1537,6398 1538,6398 1538,6393 1539,6391 1540,6391 1541,6391 1541,6390 1543,6387 1544,6387 1545,6387 1545,6386 1546,6384 1550,6384 1551,6383 1552,6383 1553,6383 1553,6382 1554,6380 1559,6380 1561,6382 1561,6383 1562,6384 4122,6379 4123,6378 4123,6374 4124,6373 4262,6372 4263,6372 4263,6371 4263,6370 4276,6370 4277,6371 4277,6587 4277,6587 4268,6587 4267,6588 4264,6588 4263,6587 1558,6593 1557,6594 1557,6600 1557,6600"/><TextEquiv index="1"><Unicode>que je lui devois déjà, &amp; quatre-vingt</Unicode></TextEquiv></TextLine></TextRegion></Page></PcGts>