4266 8663
2066 627 2889 860 r
1042 883 4141 1125 “rois vous offrir que de l'argent d
839 1118 4143 1325 “ma poche; & mes moyens ne me per
1050 1311 4147 1519 “mettroient que de faire des offres bie
1062 1515 4143 1732 “modiques.“ -- „Gardez vos offres &
765 1725 4147 1937 “votre argent, lui dis - je. Je vois que
1026 1909 4156 2136 je me ſuis humilié inutilement. C'eſt
1046 2131 4152 2342 “un nouveau ſujet de déſeſpoir; mai
1038 2338 4152 2543 “j'apprends à connoître les hommes.“
1250 2534 4152 2743 Je me ſuis retiré en frémiſſant. E
749 2741 4152 3147 omnmes, oon i'e e e troiiua
1038 3141 4127 3354 inconnue. Ils m'ont reconnu de leu
753 3341 4144 3556 côté, & ſont venus à moi, en me
1042 3548 4144 3748 tendant les bras. „Ah! mon cher ami,
696 3756 4160 3964 “m'ont-ils dit, que nous ſommes chat-
1030 3960 4160 4173 “més de retrouver un ami, & un ca-
1026 4168 4143 4379 “marade comme toi!“ -- „Mais;
1010 4367 4148 4584 “Meſſieurs, leur ai - je répondu, il me
1014 4575 4148 4788 “ſemble que vous étiez, en Angleterte,
1018 4783 4144 4991 “des compagnons d'un certain Grin-
1018 4987 4160 5191 “ciador, & que, par conſéquent, je n'é-
1018 5182 4127 5394 “tois point votre camarade.“ -- „Chut!
1014 5390 4164 5604 “m'ont-ils dit, nous avons quitté cela
1006 5597 4164 5806 “Nous étions ſous un frippon, nous
1022 5794 4160 6013 “ſommes revenus de cette duperie.
1022 6003 4164 6219 “L'âge nous a mûris, & nous voyons
1022 6193 4180 6412 “clair à préſent. Ah! mon bon ami, il
1030 6405 4205 6625 “faut célébrer ta bien-venue. Viens,
1026 6621 4205 6833 “entrons dans cette Auberge; mais,
