4266 8064
1454 411 2073 654 r
49 681 3268 910 “qu'as-tu donc? Tu paroîs inquiet &
37 887 3191 1085 “mélancolique. Aurois-tu beſoin d'ar-
48 1081 3195 1291 “gent? Tiens, mon ami, en voilà,
41 1271 3191 1470 “regarde notre bourſe comme la tienne.“
441 1458 3203 1657 On me mit, à ces mots, une bourſe
273 1649 3207 1856 dans la main. J'en avois un extrême
281 1843 3214 2033 beſoin; mais devois-je accepter de l'ar-
285 2029 3214 2231 gent de gens que je croyois être des
273 2220 3466 2422 voleurs? Je ne pouvois m'y réſoudre.
304 2410 3226 2609 „Hé mais, me dit le premier de la
116 2616 3241 2808 “bande, pourquoi ne veux-tu pas re-
113 2795 3462 2993 “cevoir notre argent, ſi tu en as be-
117 2986 3245 3177 “ſoin? Tu nous prends donc toujours
117 3176 3249 3371 “pour des coquins? Peux-tu nous in-
102 3359 3592 3562 “ſulter ainſi à brûle - pourpoint?“ --
109 3549 3580 3748 „Meſſieurs, leur répondis - je, je ſuis
105 3740 3249 3940 “bien embarraſſé. J'avoue que j'ai le
109 3934 3249 4134 “plus grand beſoin de votre argent;
98 4128 3595 4308 “mais vous ſavez ce que vous avez été.“
311 4311 3252 4512 -- „Mais nous ne le ſommes plus,
79 4502 3264 4697 “reprirent-ils.“ -- „Ah! Meſſieurs, j'ai
86 4684 3264 4887 “bien des doutes;“-- „viens donc avec
75 4879 3607 5079 “nous, mon ami, nous les diſſiperons
75 5069 3656 5266 “aiſément.“ A ces mots, ils m'entraî-
311 5260 3283 5463 nèrent, preſque malgré moi, dans une
71 5447 3519 5654 taverne où ils firent venir du vin. Je ne
79 5641 3447 5858 buvois qu'à contre-cœur, & j'examinois
75 5827 3447 6034 attentivement mes ci-devant voleurs. Je
86 6015 3298 6232 m'appetçus que la Maréchauſſée entra
