4266 8222
-15 711 3228 951 tant toujours de m'expliquer ce qu'ils
-15 928 3209 1141 étoient, & m'appellant toujours effron-
-14 1122 3220 1333 tément leur camarade. J'avois été vu
-14 1312 3224 1530 trop ſouvent avec eux, & je paſſois réelle-
-14 1514 3228 1725 ment pour un de leurs gens. Enfin, ils
-13 1705 3485 1921 m'avouèrent, ſans détour, l'honorable
-13 1907 3236 2142 profeſſion qu'ils faiſoient. Ils voulurent
-12 2101 3372 2309 m'y aggréger. C'étoit tout ſimplement
-12 2295 3314 2504 une troupe d'aſſaſſins & de voleurs de
-12 2498 3236 2726 grand chemin. Je m'en étois toujours
-11 2688 3321 2892 douté. Je ne pus m'empêcher de leur té-
-11 2887 3252 3087 moigner l'horreur que je ſentois pour
-10 3077 3259 3271 eux & leur état. Je fis ce que je pus pour
-10 3252 3255 3475 leur remontrer combien cette vie étoit
-9 3465 3267 3669 affreuſe, & je les conjurai, même à ge-
-9 3663 3267 3860 noux, d'y renoncer. Hélas! nul honnête-
-9 3836 3477 4057 homme ne voyoit, pour ma juſtification,
-8 4052 3267 4255 ces efforts que ma probité tentoit, afin
-8 4250 3360 4466 de les engager à mieux vivre, & tout
-7 4417 3364 4643 le monde m'avoit vu boire avec eux, &
-7 4635 3279 4841 tout le monde, en apprenant à connoître
-6 4829 3450 5030 ces brigands, étoit dans le cas de me
-6 5027 3287 5233 regarder comme un malheureux de leur
-6 5218 3290 5416 vile eſpèce! O! beſoin, comme tu dé-
-5 5408 3337 5638 grades les hommes! comme ſouvent les
-5 5606 3333 5821 circonſtances s'entaſſent & ſe réuniſſent
-4 5804 3298 6007 contre un infortuné, pour l'entraîner
-4 5995 1371 6208 dans ſa ruine!
341 6193 3411 6423 Dès que je connus ces malheureux
