4266 8230
1352 680 2071 867 ir.
131 908 3380 1118 Quel parti avois-je à prendre dans cette
112 1110 3590 1297 horrible circonſtance? Devois - je me
345 1305 3473 1508 brûler la cervelle? Je trouvai ce parti
349 1499 3376 1700 néceſſaire, & j'allois le prendre; mais,
263 1689 3380 1895 par ce malheureux ſuicide, ne laiſſois-
329 1891 3597 2090 je pas ſubſiſter la plus grande partie du
349 2089 3629 2290 mal auquel je voulois remédier, puiſque
96 2288 3477 2689 la liin nr n omue e es ena de
333 2676 3489 2880 dans leſquels je vivois, & je ſouffrois
306 2878 3360 3065 plus que dans moi - même? N'aurois - je
76 3073 3357 3264 pas mieux fait de les délivrer, avant
158 3260 3353 3459 moi, de la vie? N'étoit ce pas un de-
209 3457 3349 3652 voir, pour moi, de les affranchir ainſi
96 3652 3353 3851 de leurs peines? Je fus tenté de courir
88 3850 3353 4049 au miſérable logis, pour exécuter ſur-
135 4044 3341 4239 le champ cet horrible projet; mais moi....
295 4240 3350 4434 plonger les mains dans le ſang de mon
280 4438 3342 4628 amante & de mes enfans! Ah! l'idée
302 4627 3341 4829 eſt affreuſe. Alors, je vis approcher une
318 4825 3341 5024 voiture aſſez peu accompagnée, dans la-
314 5023 3450 5222 quelle je diſtinguois déjà un gros homme
287 5218 3325 5416 de bonne mine, & qui paroiſſoit riche.
279 5416 3329 5607 out à-coup (il faut te faire encore cette
310 5598 3333 5814 horrible confeſſion, pour te montrer la
279 5808 3337 6018 profondeur de l'abîme où le beſoin peut
96 6003 3333 6214 nous entraîner;) tout-à-coup, dis-je, je
314 6197 3368 6391 repenſai aux Brigands qui vouloient m'at-
112 6383 3341 6602 tirer dans leur abominable ſociété. Je
2386 6610 2763 6746 LI
357 6610 1386 6741 One.
