4266 8585
2394 625 2887 826 zoo
1051 862 4171 1067 chers de la Maréchauſſée; ils aſſurèrent
1051 1083 4159 1283 m'avoir vu boire avec des voleurs, qui
733 1286 4158 1491 m'appeloient leur camarade. Je ne le
1041 1483 4190 1693 niai pas; mais j'aſſurai qu'alors j'ignorois
921 1691 4146 1905 l'indigne profeſſion qu'ils faiſoient; que,
1037 1896 4146 2096 quand je l'avois appriſe, loin de vouloir
1033 2096 4137 2304 être leur complice, je les avois con-
1017 2301 4193 2501 jurés, à genoux, de quitter cet indigne
977 2501 4129 2712 métier. On lut mon ſignalement, qu'on
1021 2706 4121 2902 avoit déjà diſtribué de tous les côtés,
1019 2907 4123 3112 pour me faire arrêter comme voleur de
1017 3115 4133 3332 grand chemin, & le ſignalement ſe
1014 3315 4121 3512 trouva exact. On me confronta avec un
1009 3520 4130 3728 gros homme, que je ſoupçonnai être
1002 3716 4117 3935 celui que j'avois vu paſſer dans la pre-
1006 3925 4109 4134 mière voiture; il ne dit pas que je l'a-
969 4129 4202 4339 vois arrêté, mais qu'il m'avoit vu ſim-
1005 4330 4101 4545 plement avancer quelques pas vers lui,
645 4542 4093 4747 armé de deux piſtolets, ce qui lui avoit
945 4743 4093 4947 cauſé beaucoup d'effroi, & l'avoit fait
1001 4943 4089 5144 s'enfuir ventre à terre. Il paroiſſoit croire
785 5144 4093 5353 qu'il devoit ſa vie uniquement à la ra-
881 5347 4089 5762 l nn inare evie de laieiee lee aei
901 5757 4089 5988 que le malheureux avoit fait ſa dénon-
998 5960 1548 6107 ciation.
862 6159 4086 6336 On me confronta enſuite avec l'Abbé,
857 6359 4082 6564 que j'avois rencontré dans la ſeconde
989 6563 4073 6788 voiture. Il dit que je l'avois arrêté ſur
