4266 8005
1388 818 2406 1002 .
457 1033 3320 1240 la grande route, avec des piſtolets,
461 1222 3331 1418 qu'il m'avoit jeté ſa bourſe, & s'étoit
464 1414 3339 1612 dérobé à mes coups, par une fuite ra-
343 1599 3350 1981 ui qu
180 1968 3350 2169 je m'avançois vers lui, dans ce deſſein;
180 2156 3353 2352 que la peur le faiſant redoubler de vî-
172 2345 3353 2537 teſſe, j'avois été obligé de crier „arrête,“
453 2533 3468 2725 pour le prier de s'arrêter en ma faveur,
357 2721 3357 2910 & de me ſoulager par quelqu'aumône;
472 2913 3453 3095 que j'avois des piſtolets pour exécuter,
335 3094 3365 3280 peut-être, une tentation que j'avois de
198 3272 3483 3465 me délivrer d'une vie affreuſe. On me
206 3462 3372 3659 fouilla, & l'on trouva, ſur moi, une
195 3650 3375 3837 bourſe, que mon adverſaire reconnut
206 3837 3379 4052 pour la ſienne; on y trouva la ſomme
317 4022 3380 4215 entière, qu'il diſoit y avoir laiſſée. J'aſ-
324 4208 3387 4395 ſurai, pour ma juſtification, que j'avois
494 4391 3394 4558 ramaſſé la bourſe, dans l'intention de la
490 4574 3391 4769 porter, malgré mon extrême beſoin, au
501 4764 3671 4978 chef de la Maréchauſſée, ou au Juge,
209 4953 3647 5160 afin qu'il la remît à celui à qui elle ap-
235 5141 1177 5382 partenoit.
609 5326 3405 5522 Outre ces confrontations, j'eſſuyai
228 5507 3416 5706 divers autres interrogatoires, où le Rap-
405 5695 3412 5895 porteur me tendit mille pièges, pour
257 5876 3416 6069 me dérouter, & me faire avouer mon
243 6061 3427 6266 crime, ſi j'avois été capable d'en com-
243 6242 3697 6466 mettre. „Ah! Monſieur, lui diſois-je,
2721 6456 2952 6590 Lv
