4266 7682
1593 610 2291 808 o
438 827 3222 1036 Le lendemain, je comparus devant le
449 1032 3530 1225 Juge. Il me demanda ce que c'étoit
448 1207 3226 1408 que la Société ſouterreine de Londres;
442 1389 3233 1591 je lui dis ce que j'en ſavois. Il lut mon
435 1573 3437 1771 ſignalement, qu'on lui avoit envoyé,
439 1753 3579 1946 pour m'arrêter, comme Député de
442 1936 3362 2125 cette Société. Il me demanda comment
441 2114 3237 2308 & pourquoi j'avois tué le Comte de
442 2300 3237 2447 Saint Flour. Je lui racontai encore cette
442 2479 3244 2669 hiſtoire, avec la plus ſcrupuleuſe exac-
442 2661 3496 2848 titude. Enfin, il me demanda ce qu'é-
442 2840 3283 3019 toit devenue ma mère. Ici je fus frappé
449 3011 3247 3197 comme d'un coup de foudre. Je friſſonnai,
446 3186 3440 3566 le pil e e ui ds que ee nesoi
135 3561 3390 3743 abſolument pu découvrir ce qu'étoit de-
233 3744 3287 3930 venue ma mète. Il me fit les queſtions les
153 3923 3268 4113 plus captieuſes, pour me faire avouer
153 4111 3276 4288 que je lui avois donné la mort, & me
145 4288 3419 4479 forcer de lui dire ce que j'avois fait du
467 4469 3530 4652 cadavre. Il ne put rien tirer de moi.
463 4648 3519 4848 Enfin, il me parla de ma chère Aurore,
453 4830 3254 5020 que j'avois trompée par un faux mariage.
317 5009 3574 5209 Il me déchira encore le cœur par ce
463 5188 3247 5399 triſte ſouvenir. Je lui avouai, à cet egard,
471 5366 3494 5573 tout ce qu'il voulut. Il me renvoya à
439 5541 3265 5742 mon cachot; mais ſon viſage étoit ſombre
213 5717 3251 5944 & ſiniſtre, & je crus lui entendre dire:
2547 5931 3087 6106 Iv
3019 6559 3491 6668 “
