4266 8517
2367 557 2874 809 L
892 859 4166 1080 „C'en eſt aſſez.“ Ce qui m'annonçoit
883 1065 3637 1284 une condamnation prochaine.
1251 1266 4158 1477 Enfin, je comparus devant le Grand
711 1468 4154 1680 Prévôt & tous les Juges ſes aſſeſſeurs
1039 1680 4146 1887 aſſemblés; car j'étois jugé prévotalement,
1020 1876 4142 2088 manière expéditive, qui ne ſuppoſe jamais
864 2084 4138 2296 l'innocence, & qui ne lui permet pas
1024 2288 4130 2503 de ſe montrer. On me lut toutes les
1023 2484 4122 2701 dépoſitions qui avoient été faites contre
816 2689 4123 2897 moi; on m'interrogea ſur tous les chefs
1031 2893 4118 3100 d'accuſations, & ſur tous les objets dont
1024 3097 4118 3308 le Rapporteur m'avoit déjà parlé. Enſuite
1016 3301 4110 3507 on me renvoya dans mon cachot, dévoré
1028 3505 4234 3710 d'inquiétude, & ſentant que j'allois être
1016 3708 4110 3918 expoſé, peut-être, à me voir condamné
1012 3913 2753 4136 à une mort infamante.
1492 4627 3338 4905 Le même au même.
1010 5095 4142 5333 Ah! mon ami, mon bon ami, c'en
972 5326 4210 5535 eſt fait. Je t'écris pour la dernière fois;
832 5535 4206 5744 quand tu liras cette déplorable lettre,
804 5726 4210 5943 ton pauvre ami ne ſera plus.... Je ſuis
653 5943 4170 6147 encore écraſé du coup de foudre que
967 6135 4218 6359 je viens de recevoir. A peine puis - je
819 6330 4062 6556 tenir ma plume; mais il me faut du
3185 8352 4072 8466 .
