4266 8215
2063 518 2612 747 o.
884 776 3902 996 “lier, qui lui a remis ſa bourſe; d'avoir
903 983 3890 1179 “enſuite attaqué un homme & une
868 1171 4109 1382 “femme dans la même voiture, d'en
891 1365 3894 1574 “avoir arraché l'homme, de l'avoir
895 1558 4028 1771 “bleſſé d'un coup de piſtolet, & m'aſ-
891 1761 3902 1960 “ſacré à coups de pommeau & de tron-
884 1956 3898 2158 “çon d'épée; d'avoir été lié avec une
895 2148 3891 2348 “Société de voleurs & aſſaſſins, d'être
891 2347 4017 2542 “un député d'une pareille exiſtante à
895 2534 3895 2738 “Londres; coupable, d'ailleurs, de
895 2730 3894 2933 “pluſieurs autres crimes, comme d'a-
899 2929 4044 3125 “voir tué en duel un jeune Seigneur;
750 3117 4086 3317 “d'avoir ſéduit pluſieurs Demoiſelles;
899 3312 3906 3513 “d'avoir trompé, par un faux mariage,
887 3507 3894 3705 “une infortunée dont il a cauſé la
884 3704 3894 3898 “mort; véhémentement ſuſpecté d'avoir
884 3898 4133 4098 “aſſaſſiné ſa mère: en réparation de
891 4093 4086 4285 “quoi, avons condamné ledit Céſar de
876 4292 4116 4484 “Perlencour a être rompu....“ Je n'en
880 4488 3971 4683 puis écrire davantage. J'éprouve, à cette
845 4672 3886 4873 idée, un ſi horrible frémiſſement, que
882 4867 3109 5066 je ſuis obligé de m'arrêter.....
1071 5062 3913 5258 u le vois, mon cher ami; comment
876 5258 3875 5461 des Juges peuvent-ils me ſuppoſer con-
627 5453 3879 5659 vaincu d'accuſations, qui ſont toutes ou
818 5648 4044 5854 preſque toutes fauſſes, que j'ai réfutées
872 5847 3875 6043 d'une manière victorieuſe; & me con-
872 6039 3929 6248 damner, ſur leurs cruelles ſuppoſitions,
861 6230 3867 6466 à une mort affreuſe? Voilà donc le
