4266 8227
1918 592 2819 844 (o)
786 824 3884 1071 Dumoulin, il n'eſt plus temps. Quelques
893 1061 3884 1263 jours plutôt, ils m'auroient ſauvé l'hon-
897 1252 3872 1405 neur & la vie. Ils auroient conſervé les
890 1451 3950 1834 dll e eete a ooniebien leleegrer-
897 1841 3935 2025 teras amèrement! mais ce n'eſt pas ta
886 2028 3988 2416 reénle e l ſolel l m ne enſitae
572 2413 3884 2608 Laure, s'ils exiſtent encore; mais peut-
897 2608 3880 2804 être va-t-on leur dérober ces ſecours,
732 2799 3880 2998 ſous prétexte que, par ma ſentence de
855 2994 3976 3204 mort, tous mes biens ſont confiſqués au
886 3186 1868 3380 profit du Roi.
863 3590 4125 3824 a
1070 4005 3953 4206 Dumoulin, à Céſar de Perlencour.
683 4399 3994 4725 Ah! mon ami, que tu es malheureux!
683 4720 3869 4911 & que je le ſuis moi-même! J'apprends
694 4907 3907 5102 que tu es dans le plus affreux beſoin,
683 5102 3865 5299 & je n'ai pu lire tes lettres pour te ſe-
881 5293 3865 5484 courir à temps. Une rechûte affreuſe m'a
694 5488 3853 5691 rendu plus malade que ci - devant. J'ai
763 5675 4105 5878 paſſé quinze jours abſolument ſans con-
885 5866 3849 6076 noiſſance. Pendant ce temps fatal, tu
881 6061 4063 6248 ſouffrois; nul n'a ouvert mes lettres, &
859 6264 4045 6536 tu attendois vainement une réponſe, &
