4266 7968
485 875 3390 1081 en temps la plume, pour me jetter dans
482 1069 3382 1220 les bras de mon Confeſſeur. Il verſe un
490 1253 3384 1411 torrent de larmes ſur mon ſort. Il me
144 1447 3472 1833 ſate p pus pe dr d eone ſ ſele ſe-
474 1818 3390 2005 ment, avant cette affreuſe cataſtrophe.
470 2009 3743 2204 Je l'avoue cependant, il fait paſſer, dans
448 2199 3420 2368 mon ame, une ombre de conſolation.
179 2390 3607 2586 C'eſt la vertu perſonnifiée, c'eſt vraiment
470 2574 3383 2778 un Miniſtre du ciel, qui me parle de
467 2761 3446 2960 ſa part. Il m'eſt vraiment d'un grand
467 2944 3394 3144 ſecours. Il m'adoucit le plus affreux paſ-
459 3149 786 3340 ſage.
643 3330 3382 3533 On attend que j'aie ſini ma lettre, mon
459 3524 3678 3719 cher ami, pour me lier les mains, & me
459 3704 3394 3904 conduire au ſupplice. O! ma mère! qu'il
265 3895 3412 4091 eſt heureux pour toi, dans cette circonſ-
459 4082 3412 4277 tance, d'avoir perdu la vie! Quel déſeſ-
463 4275 3394 4469 poir, ſi tu reſpires encore! O! mon père!
321 4460 3409 4650 puiſſe la terre couvrir auſſi ta vénérable
456 4647 3386 4838 dépouille, avant que le bruit de mon ſort
452 4834 2567 5030 affreux parvienne juſqu'à toi!
639 5006 3652 5217 Adieu, mon ami, mon bon ami,
287 5212 3405 5400 adieu pour jamais. O quelle affreuſe
459 5400 3380 5591 ſéparation! mon bon ami, ne rougis
463 5587 3383 5786 point du pauvre Céſar de Perlencour;
467 5770 3382 5972 il a été bien malheureux, plus qu'il ne
470 5961 3383 6183 méritoit de l'être. Juſtifie-le au yeux de
351 6151 3394 6354 ceux qui l'accuſeront. Je prends à témoin
