4266 8100
2131 599 2693 798 (ia
1016 809 3953 1039 le Dieu redoutable devant lequel je vais
963 1038 3953 1236 paroître, que je t'ai dit exactement la
1001 1227 4066 1617 erié je dois e lire et naleuli liut
797 1603 3931 1939 eu pout la dernière fois. Je vais
855 2542 3868 2758 Lettre du Valet-de-Chambre de Céſar,
1510 2915 3325 3096 à Monſieur Dumoulin.
987 3339 3927 3559 h! Monſieur, quel malheur! j'en
986 3554 3931 3747 ſuis malade, j'en mourrai, je crois. Mon
989 3746 4130 3938 cher maître, mon pauvre maître! Ah!
986 3937 3916 4134 mon Dieu! Comment pouvoir raconter
986 4126 3919 4326 une ſi horrible cataſtrophe? J'ignorois
982 4315 3916 4508 ce qu'il étoit devenu. Je ſavois qu'il
786 4506 3897 4695 avoit perdu au jeu tout ſon argent, &
974 4695 3983 5080 urle i iuiundle e e e ianuo uui
877 5070 4126 5460 eu avv itiieu pis ue leli l'an
978 5452 4093 5656 pris qu'il avoit une petite maiſon de
974 5648 4115 5847 campagne à*, où il avoit dépoſé, en
974 5832 3927 6036 ſecret, ſes enfans avec Mademoiſelle
970 6024 4145 6226 Laure de Lyſange. Il m'avoit toujours
974 6216 3897 6448 caché cela. Je dis: „Il ſera, ſans doute,
