4266 8375
2322 666 2875 887 .
1087 886 4210 1115 “y ait ſur la terre, qui va être rompu
957 1103 4136 1316 “vif!“ O ciel! je crus ſentir un coup
711 1308 4135 1515 de poignard; je tombai à la renverſe. On
1036 1509 4210 1667 me ſecourut. On me fit revenir à moi-
1044 1710 4120 1908 même. Je demandai, en tremblant, le
882 1907 4112 2109 nom du condamné. On me prononça
725 2105 4100 2306 trop bien celui de mon maître. Furieux,
453 2306 4191 2708 lue faal ét eas
1008 2704 4234 2911 dreſſé, & j'y tombe encore en foibleſſe.
835 2897 4234 3110 Ranimé une ſeconde fois par les ſecours
1032 3102 4179 3296 des gens charitables, je cours de nou-
992 3295 4179 3502 veau, chez le Grand Prévôt: „Ah!
819 3501 4061 3709 “Monſeigneur, lui dis - je, juſtice!
1005 3698 4234 3917 “vous allez faire périr un innocent. Je
997 3895 4234 4109 “vous réponds de mon maître.“ --
756 4104 4077 4285 „Qu'on écarte cet homme-là, dit-il.“
993 4301 4234 4506 Les Archers m'écartent, malgré moi. Je
957 4502 4092 4703 veux crier. On me menace de m'arrêter,
937 4703 4179 4898 ſi je ne reſte pas tranquille. Il y avoit,
630 4896 4017 5106 là, un gros homme & un Abbé, qui ſe
965 5098 4203 5303 plaignoient auſſi très-amèrement. Ils crai-
685 5299 4222 5699 leuns epolions s eielnr n oibueuà
626 5699 4199 5907 faire condamner un innocent. Je leur
886 5898 3994 6111 demandai ce qu'ils avoient dépoſé. Le
878 6099 4002 6324 gros homme me dit qu'étant ſur le
724 6300 3990 6506 grand chemin dans la forêt, il avoit vu
855 6501 4017 6715 un jeune-homme armé de deux piſtolets,
