4266 8235
2425 619 3071 840 (
1144 885 4158 1091 les écartoit comme moi. Ils racontoient
1140 1086 4231 1283 leur hiſtoire au peuple, qui s'écrioit:
1117 1283 4231 1487 „Cela eſt indigne.“ Il y avoit, là, des
927 1473 4192 1720 Gardes-du-Corps, dont pluſieurs avoient
954 1670 4192 1856 connu mon maître. „Cela eſt affreux,
1121 1867 4130 2069 “s'écrioient - ils; c'eſt le plus galant
966 2068 4123 2258 “homme du monde. Nous répondons
1110 2267 4120 2460 “de lui corps pour corps.“ On n'oſoit
1109 2459 4177 2654 les écarter; mais les Officiers de la Ma-
1101 2653 4107 2850 réchauſſée les prioient de ne poirt
1102 2851 4100 3048 troubler l'ordre public. Il y avoit, d'ail-
743 3047 4223 3245 leurs, deux régimens qu'on avoit fait
1016 3237 4216 3430 venir du voiſinage, craignant l'émeute,
1055 3434 4080 3639 avec toutes les brigades de Maréchauſſée
1087 3636 2062 3811 des environs.
1284 3818 4201 4011 Bientôt nous avons entendu les hurle-
859 4027 4066 4220 mens du peuple. Ils annonçoient l'infor-
1078 4227 4200 4421 tuné patient qui venoit, avec deux mille
1043 4420 4204 4622 hommes de cortége, ſans compter la foule.
1063 4618 4049 4812 Nombre d'Eccléſiaſtiques & de Bourgeois
1028 4811 4150 5009 honnêtes, formant une file très-longue,
1059 5008 4045 5206 marchoient, comme en proceſſion, de-
1055 5202 4061 5399 vant lui, un livre d'Egliſe à la main,
1055 5395 4038 5599 chantant où récitant des prières; enſuite
1051 5592 4034 5795 venoient pluſieurs brigades, qui paroiſ-
1043 5790 4111 5990 ſoient le plaindre plutôt que le garder;
1043 5983 4126 6188 enſuite les premiers jeunes gens de la
1016 6178 4026 6382 ville s'avançoient l'épée à la main, pour
854 6377 4030 6579 lui faire honneur. On n'avoit pu leur
3555 6568 4038 6723 refuſer
