4266 8151
1415 611 2095 791 .
380 831 3567 1037 refuſer ce privilége, ſur la parole qu'ils
392 1029 3357 1221 avoient donnée de ne pas troubler l'exé-
140 1224 3354 1423 cution. Les Gardes-du-corps, à qui leurs
384 1410 3373 1583 Officiers avoient défendu de travailler
110 1604 3435 1809 à ſauver le patient, voulurent au moins
118 1795 3636 1999 l'honorer. Encouragés par l'exemple des
251 1991 3357 2190 jeunes-gens, ils ſe rangèrent auſſi autour
377 2182 3682 2373 de l'infortuné, l'épée nue à la main. Enfin
380 2376 3682 2770 eeors dde ſon cdounl le, qui ſondoit
109 2758 3464 2945 en larmes: on l'entendoit venir de loin;
113 2949 3366 3147 car, à meſure qu'il paſſoit, tous les ſpec-
385 3141 3357 3343 tateurs pouſſoient des gémiſſemens. Une
148 3334 3354 3537 foule innombrable ſuivoit le cortége,
125 3529 3358 3729 en ſanglottant. Je voulus pouſſer des
121 3721 3358 3922 cris, & courir à mon cher maître. On
117 3914 3457 4110 m'entraîna, & on me retint dans le Corps-
121 4105 3476 4321 de-Garde, d'où j'avois le douloureux
121 4296 3499 4495 avantage de tout voir. Je vis qu'il m'ap-
125 4487 3350 4697 perçut de loin; il ſouleva ſes bras vers
384 4670 3350 4877 moi, & je pouſſai de longs cris, du
140 4866 3655 5069 fond de mes entrailles. Je le vis monter
125 5056 3357 5258 ſur l'échafaud, d'un ait auſſi noble qu'in-
125 5246 3358 5445 trépide. Sa tête ſuperbe ſurpaſſoit celle
392 5441 3350 5656 de tous les bourreaux qui l'entouroient.
396 5632 3357 5846 Somteint, peut-être un peu plus pâle
403 5819 3560 6040 qu'à l'ordinaire, étoit encore animé par
407 6010 3365 6221 ſon courage. Son œil lançoit encore des
148 6208 3380 6411 rayons. Toutes ces expreſſions ne ſont
724 6401 1442 6565 Tome I
