4266 8589
1340 24 2150 117 -
2262 587 2842 801 .
840 812 4209 1066 Peuple même. Je demandois, à grands
1062 1062 4189 1272 cris: „Qu'eſt devenu le patient?“ J'ap-
989 1267 4173 1472 prenois qu'il avoit été enlevé; „mais,
1037 1469 4173 1674 “m'écriois-je, a-t-il été enlevé vivant?“
881 1669 4189 1880 Ah! c'étoit là ce qui faiſoit frémir d'in-
1049 1862 4213 2084 dignation. On lui avoit laiſſé donner les
1041 2084 4157 2289 coups terribles; on ne s'étoit ſoulevé
1042 2285 4149 2495 qu'après l'exécution terminée, ou preſ-
1041 2490 4145 2696 que terminée. C'étoit ce ſpectacle affreur
1045 2696 4141 2901 que le peuple n'avoit pu ſoutenir juſqu'au
1049 2897 4137 3095 bout, qui l'avoit rendu forcené, & lui
1030 3099 4138 3305 avoit fait renverſer & briſer tout; mais
1053 3304 4133 3513 il étoit trop tard. On avoit emporté la
1058 3509 4129 3694 malheureuſe victime toute briſée, toute
837 3715 4138 3917 ſanglante; &, loin de la ſecourir, on
1053 3919 4169 4125 n'avoit fait probablement qu'augmenter
957 4121 4121 4332 ſes ſouffrances; puiſque, dans cet horrible
1053 4328 4113 4540 état, le moindre mouvement avoit dû
1045 4531 4113 4745 lui cauſer des douleurs inouies, dans
1037 4736 4109 4946 leſquelles on aſſuroit qu'on l'avoit vu ei-
997 4940 4189 5155 pirer. On ne ſavoit ce qu'étoit deveru
1037 5143 1802 5348 ſon corps.
1057 5329 4117 5566 Les Militaires étoient indignés contre
1029 5550 4117 5767 eux-mêmes. „Nous ſommes de grands
788 5755 4113 5968 “malheureux, s'écrioient - ils, d'avoir
768 5962 4113 6186 “laiſſé périr ce beau jeune-homme in-
965 6161 4181 6377 “nocent.“ Tout le monde s'en vouloit
651 6355 4105 6593 de s'être ſoulevé ſi tard & ſi infructueuſt-
985 6584 4101 6822 ment. Les bourreaux, pourſuivis à coups
1340 24 2150 117 -
2262 587 2842 801 .
840 812 4209 1066 Peuple même. Je demandois, à grands
1062 1062 4189 1272 cris: „Qu'eſt devenu le patient?“ J'ap-
989 1267 4173 1472 prenois qu'il avoit été enlevé; „mais,
1037 1469 4173 1674 “m'écriois-je, a-t-il été enlevé vivant?“
881 1669 4189 1880 Ah! c'étoit là ce qui faiſoit frémir d'in-
1049 1862 4213 2084 dignation. On lui avoit laiſſé donner les
1041 2084 4157 2289 coups terribles; on ne s'étoit ſoulevé
1042 2285 4149 2495 qu'après l'exécution terminée, ou preſ-
1041 2490 4145 2696 que terminée. C'étoit ce ſpectacle affreur
1045 2696 4141 2901 que le peuple n'avoit pu ſoutenir juſqu'au
1049 2897 4137 3095 bout, qui l'avoit rendu forcené, & lui
1030 3099 4138 3305 avoit fait renverſer & briſer tout; mais
1053 3304 4133 3513 il étoit trop tard. On avoit emporté la
1058 3509 4129 3694 malheureuſe victime toute briſée, toute
837 3715 4138 3917 ſanglante; &, loin de la ſecourir, on
1053 3919 4169 4125 n'avoit fait probablement qu'augmenter
957 4121 4121 4332 ſes ſouffrances; puiſque, dans cet horrible
1053 4328 4113 4540 état, le moindre mouvement avoit dû
1045 4531 4113 4745 lui cauſer des douleurs inouies, dans
1037 4736 4109 4946 leſquelles on aſſuroit qu'on l'avoit vu ei-
997 4940 4189 5155 pirer. On ne ſavoit ce qu'étoit deveru
1037 5143 1802 5348 ſon corps.
1057 5329 4117 5566 Les Militaires étoient indignés contre
1029 5550 4117 5767 eux-mêmes. „Nous ſommes de grands
788 5755 4113 5968 “malheureux, s'écrioient - ils, d'avoir
768 5962 4113 6186 “laiſſé périr ce beau jeune-homme in-
965 6161 4181 6377 “nocent.“ Tout le monde s'en vouloit
651 6355 4105 6593 de s'être ſoulevé ſi tard & ſi infructueuſt-
985 6584 4101 6822 ment. Les bourreaux, pourſuivis à coups
