4266 7946
1590 749 2074 941 .
136 970 3277 1169 de pierres, ont, je crois, péri lapidés.
379 1158 3269 1358 Le Grand Prévôt & les Juges ont été
378 1342 3266 1538 obligés de ſe cacher. Jamais le plus
146 1530 3336 1727 grand déſaſtre n'auroit pu cauſer de plus
139 1719 3524 2092 unne e e uen eaa l e taueoit pou
383 2070 3258 2280 fait pouſſer de plus affreux gémiſſemens.
135 2273 3454 2469 Pour moi, vous ſentez, Monſieur, dans
136 2464 3494 2837 le ſuis dans mon li,, & 'iggure i j ji
339 2834 3251 3025 pourrai relever. Je ne ſais pas comment
135 2999 3240 3231 j'ai pu écrire cette lettre. Ah! Monſieur,
136 3209 1376 3392 quel malheur!
147 3539 3237 3778 i
139 3822 3241 4101 Duinoulin, à Sénac louſſaint ſes amis.
2029 4133 3193 4327 M.
409 4498 564 4598 L
368 4509 3236 4711 n! mes chers amis, je ſuis arrivé
146 4700 3232 4893 trop tard. Mais qu'aurois-je pu faire?
364 4886 3483 5078 être témoin du plus affreux ſpectacle. Je
361 5067 3229 5270 ſuis, en quelque ſorte, arrivé trop tôt.
361 5258 3247 5454 Son ſang fumoit encore. J'en ai vu les
217 5447 3243 5643 traces. C'en eſt fait, mes amis, nous
357 5635 3229 5834 avons perdu notre ami, le plus beau
180 5819 3221 6019 jeune - homme qu'il y eût peut-être ſur
176 6004 3428 6204 toute la ſurface du globe. Intéreſſant
176 6178 3225 6407 ſujet, né avec des qualités eſſentielles,
2398 6393 2742 6581 Rij
