4266 8565
754 961 4238 1186 avec le fond d'un caractète qui auroit
1092 1176 4234 1437 pu être excellent, avec un eſprit qui
1096 1365 4234 1595 auroit pu lui faire un nom, peut-être,
1088 1585 4225 1799 par la ſuite, avec un courage dont il a
1100 1790 4210 2000 donné trop de preuves, avec une exquiſe
726 1996 4206 2208 ſenſibilité, enfin, avec un charme irré-
1088 2200 4202 2406 fiſtible qui le faiſoit adorer! Il nous a été
1088 2405 4197 2611 ravi par le plus cruel ſupplice; & tant
1096 2605 4189 2811 de perfections réunies ont péri dans la
1088 2807 4181 3016 plus belle fleur de la jeuneſſe, avant
750 3012 4173 3217 que l'infortuné eût atteint l'âge de ving
1088 3213 4165 3438 ans. O douleur! laiſſez - moi reprendre
1089 3422 2804 3575 un moment haleine....
1289 3606 4234 3832 J'avois entendu parler vaguement en
1092 3832 4153 4040 route de ſa condamnation; je ne pou-
1080 4033 4242 4243 vois croire une ſi horrible nouvelle. Je
1051 4229 4241 4444 ſuis accouru, grand Dieu!.... Je venos
1076 4438 4206 4643 le ſecourir, comptant qu'il étoit ſeule-
1072 4631 4242 4873 ment perſécuté par le beſoin.... Ah! quel
1068 4851 3040 5053 malheur plus grand!....
1216 5033 4133 5254 Vous apprendrez les détails de ſa
1068 5250 4141 5459 mort; je n'ai pas la force de les tracer.
1068 5447 4141 5669 Vous les apprendrez par une lettre de
1060 5652 4145 5873 ſon Valet-de-Chambre, qu'il m'a adreſſée
1060 5873 4178 6074 à Lyon, & qu'on vous remettra, comme
1064 6080 3434 6287 toutes mes autres lettres.
1172 6269 4181 6489 Le peuple n'eſt pas calmé. Il vent
991 6467 4141 6684 ravoir ſon cadavre. On dit qu'on ll
1057 6686 4142 6905 retrouvé; mais qu'on l'a fait enterrer
