4266 8136
74 966 3439 1182 ſecrettement. Ce qu'il y a de sûr, c'eſt
154 1177 3367 1574 aie t i'y paroitns aiſeneene a on
188 1562 3363 1762 a forcé les Juges de remettre le procès
388 1754 3477 1958 ſur le bureau. Ils ont entendu de nou-
259 1944 3363 2145 veau les dépoſitions. Il n'en eſt plus ré-
403 2140 3356 2335 ſulté rien contre l'infortuné. Rien ne
158 2329 3356 2553 prouve qu'il ait eu l'intention d'arrêter
158 2510 3360 2714 perſonne, ſur le grand chemin, pour le
403 2710 3363 2909 voler. Il y a plus, les malheureux Juges
146 2899 3363 3098 avoient, dans leurs cachots, des témoins
410 3087 3360 3261 vivans de ſon innocence, de malheu-
407 3288 3367 3482 reux voleurs de grand chemin avec leſ-
407 3476 3356 3662 quels on l'avoit vu cauſer ou boire. Ils
150 3665 3363 3863 ont atteſté, ſur la ſellette, qu'il n'avoit
142 3858 3363 4056 jamais été de leur ſociété; que, loin
410 4049 3518 4239 d'être leur complice, il leur avoit re-
176 4239 3367 4438 montré, avec la plus grande force, les
142 4427 3367 4623 inconvéniens affreux de leur profeſſion,
380 4617 3371 4810 & les avoit conjurés, à genoux, d'y re-
207 4809 3665 5014 noncer. Ils ont atteſté qu'il n'avoit pas
410 4998 3367 5198 été davantage, en Angleterre, le parti-
263 5187 3367 5390 ſan de la Société ſouterreine. Il falloit
407 5378 3375 5572 interroger ces gens - là, avant de con-
180 5568 3378 5784 damner notre ami, puiſqu'on le ſuppo-
161 5757 3371 5954 ſoit leur complice; il falloit le confronter
157 5945 3375 6165 avec eux; ils ſont morts en proteſtant
158 6135 1883 6320 qu'il étoit innocent.
596 6322 3376 6553 Il falloit le juſtifier à l'égard de Fré-
2431 6548 2790 6691 iv
