4266 8169
1690 697 2220 878 .
156 923 3457 1130 au ſupplice qu'ils méritent. On parle
501 1116 3476 1327 de celui du feu, & l'on dit qu'on dreſſe
229 1320 1885 1506 déjà leur bûcher.
632 1502 3480 1709 Ils ont la rage, avant de mourir,
497 1701 3472 1897 d'apprendre, au moins, que la mémoire
225 1893 3484 2089 de l'innocent opprimé eſt pleinement &
493 2084 3484 2280 juridiquement réhabilitée. Les Juges n'ont
494 2281 3481 2476 pu réſiſter à la foule des preuves qui
501 2470 3484 2658 établiſſoient ſon innocence, de la ma-
497 2663 3495 2863 nière la plus frappante. On dit qu'ils
329 2859 3491 3055 ſont inconſolables. Ils ſe reprochent amè-
501 3052 3492 3245 rement d'avoir privé la terre d'un de
498 3242 3492 3439 ſes plus touchans ornemens, & d'avoir
463 3438 3618 3635 fait tomber le poids d'une condamnation
501 3625 3499 3829 injuſte, ſur un mortel éblouiſſant, qu'ils
493 3821 3507 4019 auroient dû protéger & défendre, &
501 4016 3269 4204 dont le ſalut eût fait leur gloire.
505 4203 3511 4398 Le Peuple eſt auſſi accablé que les
505 4400 3733 4598 Juges; ſon déſeſpoir augmente par le
505 4594 3702 4783 regret de n'avoir pas pris plutôt ſa dé-
505 4783 3495 4980 fenſe, & de n'avoir fair, pour le ſauver,
501 4979 3645 5171 une malheureuſe tentative, que quand
496 5166 3679 5362 il n'étoit plus temps. Il s'impute ainſi,
513 5362 3507 5550 en partie, la perte de cet admirable
455 5554 3499 5750 jeune - homme. Toute la ville a voulu
513 5749 3503 5941 témoigner ſon eſtime pour lui, & ſa
517 5936 3492 6131 douleur profonde, en lui faiſant célébrer
520 6127 3499 6323 de magnifiques funérailles. Tout le monde
332 6323 3565 6540 a contribué à la dépenſe, qui a été con-
1690 697 2220 878 .
156 923 3457 1130 au ſupplice qu'ils méritent. On parle
501 1116 3476 1327 de celui du feu, & l'on dit qu'on dreſſe
229 1320 1885 1506 déjà leur bûcher.
632 1502 3480 1709 Ils ont la rage, avant de mourir,
497 1701 3472 1897 d'apprendre, au moins, que la mémoire
225 1893 3484 2089 de l'innocent opprimé eſt pleinement &
493 2084 3484 2280 juridiquement réhabilitée. Les Juges n'ont
494 2281 3481 2476 pu réſiſter à la foule des preuves qui
501 2470 3484 2658 établiſſoient ſon innocence, de la ma-
497 2663 3495 2863 nière la plus frappante. On dit qu'ils
329 2859 3491 3055 ſont inconſolables. Ils ſe reprochent amè-
501 3052 3492 3245 rement d'avoir privé la terre d'un de
498 3242 3492 3439 ſes plus touchans ornemens, & d'avoir
463 3438 3618 3635 fait tomber le poids d'une condamnation
501 3625 3499 3829 injuſte, ſur un mortel éblouiſſant, qu'ils
493 3821 3507 4019 auroient dû protéger & défendre, &
501 4016 3269 4204 dont le ſalut eût fait leur gloire.
505 4203 3511 4398 Le Peuple eſt auſſi accablé que les
505 4400 3733 4598 Juges; ſon déſeſpoir augmente par le
505 4594 3702 4783 regret de n'avoir pas pris plutôt ſa dé-
505 4783 3495 4980 fenſe, & de n'avoir fair, pour le ſauver,
501 4979 3645 5171 une malheureuſe tentative, que quand
496 5166 3679 5362 il n'étoit plus temps. Il s'impute ainſi,
513 5362 3507 5550 en partie, la perte de cet admirable
455 5554 3499 5750 jeune - homme. Toute la ville a voulu
513 5749 3503 5941 témoigner ſon eſtime pour lui, & ſa
517 5936 3492 6131 douleur profonde, en lui faiſant célébrer
520 6127 3499 6323 de magnifiques funérailles. Tout le monde
332 6323 3565 6540 a contribué à la dépenſe, qui a été con-
