4266 7921
2098 654 2809 890 a.
1032 871 3907 1088 fidérable. Ses Juges ont dû payer une
1024 1083 3900 1275 part plus forte que les autres. On a
1028 1263 3892 1457 décoré la principale Egliſe de la ville,
874 1453 3896 1647 avec une pompe funèbre, auſſi magni-
1025 1636 3892 1834 fique que pour un Prince. On a érigé
1027 1823 3900 2013 un ſuperbe Catafalque, où le glorieux
1028 2010 3918 2200 Céſar étoit repréſenté l'épée nue dans une
1021 2189 3969 2387 main, l'autre appuyée ſur ſon cœur, les
1006 2376 3929 2570 yeux élevés vers le ciel. La Juſtice lui
1024 2563 3914 2756 demandoit pardon, à genoux, en déchi-
918 2746 3918 2942 rant ſa Sentence. La Gloire & la Vérité
1024 2932 3910 3120 le couronnoient de laurier. J'ai été invité
849 3116 3903 3292 à cette triſte cérémonie. Son Confeſſeur
1024 3301 3907 3493 a célébré l'office, & a prononcé l'Oraiſon
1003 3488 3901 3673 Funèbre du mort, en fondant en larmes,
1021 3672 3929 3868 & en faiſant pleurer & ſanglotter preſ-
1017 3863 3896 4051 que tous les ſpectateurs. J'avois fourni
1021 4046 4057 4226 les matériaux, dont le Prédicateur avoit
1021 4229 3903 4424 tiré un grand parti. Les Juges étoient à
1022 4421 3904 4608 genoux au pied du Catafalque, comme
1017 4601 4024 4783 pour faire amende - honorable. J'ai vu
1021 4782 3903 4981 couler, de leurs yeux, des larmes ſin-
1021 4972 4024 5164 cères. On travaille à un Mauſolée, qui
1013 5152 3896 5354 ſera placé dans l'Egliſe, pour conſacrer,
1024 5342 3969 5534 à jamais, la mémoire de ſon malheur &
713 5525 2471 5720 de ſon innocence.
898 5708 4105 5884 Levrette eſt venue au milieu du ſaint
904 5895 4020 6093 ſacrifice; elle a pouſſé des cris plaintifs;
1032 6086 4271 6287 elle vouloit s'élancer pour embraſſer la
2098 654 2809 890 a.
1032 871 3907 1088 fidérable. Ses Juges ont dû payer une
1024 1083 3900 1275 part plus forte que les autres. On a
1028 1263 3892 1457 décoré la principale Egliſe de la ville,
874 1453 3896 1647 avec une pompe funèbre, auſſi magni-
1025 1636 3892 1834 fique que pour un Prince. On a érigé
1027 1823 3900 2013 un ſuperbe Catafalque, où le glorieux
1028 2010 3918 2200 Céſar étoit repréſenté l'épée nue dans une
1021 2189 3969 2387 main, l'autre appuyée ſur ſon cœur, les
1006 2376 3929 2570 yeux élevés vers le ciel. La Juſtice lui
1024 2563 3914 2756 demandoit pardon, à genoux, en déchi-
918 2746 3918 2942 rant ſa Sentence. La Gloire & la Vérité
1024 2932 3910 3120 le couronnoient de laurier. J'ai été invité
849 3116 3903 3292 à cette triſte cérémonie. Son Confeſſeur
1024 3301 3907 3493 a célébré l'office, & a prononcé l'Oraiſon
1003 3488 3901 3673 Funèbre du mort, en fondant en larmes,
1021 3672 3929 3868 & en faiſant pleurer & ſanglotter preſ-
1017 3863 3896 4051 que tous les ſpectateurs. J'avois fourni
1021 4046 4057 4226 les matériaux, dont le Prédicateur avoit
1021 4229 3903 4424 tiré un grand parti. Les Juges étoient à
1022 4421 3904 4608 genoux au pied du Catafalque, comme
1017 4601 4024 4783 pour faire amende - honorable. J'ai vu
1021 4782 3903 4981 couler, de leurs yeux, des larmes ſin-
1021 4972 4024 5164 cères. On travaille à un Mauſolée, qui
1013 5152 3896 5354 ſera placé dans l'Egliſe, pour conſacrer,
1024 5342 3969 5534 à jamais, la mémoire de ſon malheur &
713 5525 2471 5720 de ſon innocence.
898 5708 4105 5884 Levrette eſt venue au milieu du ſaint
904 5895 4020 6093 ſacrifice; elle a pouſſé des cris plaintifs;
1032 6086 4271 6287 elle vouloit s'élancer pour embraſſer la
