4266 8025
2167 558 2631 753 S
952 792 3858 993 ſéquences vous entraînez! O! malheu-
955 981 3862 1189 reuſe Capitale, foyer de la débauche &
881 1178 3869 1371 de la co ruption, que je te fuis de bon
959 1367 3858 1561 cœur! Mes amis, je vais me hâter de
955 1552 3854 1749 pouvoir me ſoutenir, afin de voler dans
944 1741 3851 1934 vos bras, & d'y chercher une ombre de
937 1926 3862 2123 conſolation, s'il en peut être jamais après
933 2119 2746 2309 de ſi grands malheurs
1119 2410 3610 2676 Fin de la quatrième Partie.
955 2753 3866 3043 :
922 3275 3862 3413 TE IE.
985 3610 3869 3814 otla tout ce que j'ai reçu juſqu'à
955 3814 3951 4029 préſent, touchant l'Hiſtoire de mon Hé-
781 3996 3873 4192 ros. On me fait entrevoir, ou plutôt
826 4188 3865 4381 on me promet preſque décidément une
952 4373 3869 4555 ſuite de ſes Lettres. Dès que je l'au-
911 4562 3862 4752 rai reçue, je la donnerai ſous le titre
963 4747 3973 4937 du Repentir. On m'avoue que c'eſt tou-
952 4935 3884 5126 jours l'Hiſtoire de Céſar de Perlencour.
959 5126 4025 5315 Comment cela ſe peut-il? Comment ſe
637 5307 3876 5506 ſurvivroit-il à lui-même? J'allai voir,
954 5495 3865 5692 l'autre jour, un intime ami du fils de
959 5682 4017 5871 Garrik, dont je tenois les Lettres qu'on
966 5871 3862 6071 vient de voir: „Courage, me dit ce
963 6063 3873 6268 “jeune-homme, nous aurons bientôt,
2167 558 2631 753 S
952 792 3858 993 ſéquences vous entraînez! O! malheu-
955 981 3862 1189 reuſe Capitale, foyer de la débauche &
881 1178 3869 1371 de la co ruption, que je te fuis de bon
959 1367 3858 1561 cœur! Mes amis, je vais me hâter de
955 1552 3854 1749 pouvoir me ſoutenir, afin de voler dans
944 1741 3851 1934 vos bras, & d'y chercher une ombre de
937 1926 3862 2123 conſolation, s'il en peut être jamais après
933 2119 2746 2309 de ſi grands malheurs,
1119 2410 3610 2676 Fin de la quatrième Partie.
922 3275 3862 3413 TE IE.
985 3610 3869 3814 otla tout ce que j'ai reçu juſqu'à
955 3814 3951 4029 préſent, touchant l'Hiſtoire de mon Hé-
781 3996 3873 4192 ros. On me fait entrevoir, ou plutôt
826 4188 3865 4381 on me promet preſque décidément une
952 4373 3869 4555 ſuite de ſes Lettres. Dès que je l'au-
911 4562 3862 4752 rai reçue, je la donnerai ſous le titre
963 4747 3973 4937 du Repentir. On m'avoue que c'eſt tou-
952 4935 3884 5126 jours l'Hiſtoire de Céſar de Perlencour.
959 5126 4025 5315 Comment cela ſe peut-il? Comment ſe
637 5307 3876 5506 ſurvivroit-il à lui-même? J'allai voir,
954 5495 3865 5692 l'autre jour, un intime ami du fils de
959 5682 4017 5871 Garrik, dont je tenois les Lettres qu'on
966 5871 3862 6071 vient de voir: „Courage, me dit ce
963 6063 3873 6268 “jeune-homme, nous aurons bientôt,
