4266 8394
1073 1081 4163 1399 EES OUVRAGES
1391 1458 3819 1739 De M. le Suire.
1062 1765 4141 2080 Les Sauvages de l'Europe, Edition épuiſée.
1050 2116 4131 2359 Epître à M. de Voltaire, Edition
1037 2344 1854 2575 épuiſée.
1034 2319 4250 3009 La Veſtale Cloddia, à Titus, Edition
1240 2833 1848 3038 épuiſée.
1030 3116 4250 3328 Iſaac & Rébecca, ou les Noces Patriar-
1042 3309 4250 3555 chales. Poëme en proſe en cinq Chants;
1010 3520 2620 3752 Nouvelle Edition.
1014 3747 4222 4026 Eloge du Maréchal de Catinat, dédiéà
1005 4015 2212 4196 lui-même.
1006 4277 4210 4549 Lettre de M. Camille Trillo, ſur la
993 4489 3187 4742 Muſique Dramatique.
986 4784 4103 5011 Les Amans Francois à Londres, ou les
994 4987 3329 5206 Délices de l'Angleterre.
975 5282 4037 5540 ux Mânes de J. Jacques Rouſſeau.
990 5556 4072 5795 Le Nouveau Monde, Poëme en deux vol.
1029 5847 4115 6060 On prépare une nouvelle Edition de
1577 6054 4071 6257 ce Poëme, où il eſt entierement
1573 6240 4068 6455 refondu & corrigé, en deux volu-
1311 6453 4174 6665 mes, qui formeront les troiſieme
2397 521 2899 789 (2o
1073 1081 4163 1399 EES OUVRAGES
1391 1458 3819 1739 De M. le Suire.
1062 1765 4141 2080 Les Sauvages de l'Europe, Edition épuiſée.
1050 2116 4131 2359 Epître à M. de Voltaire, Edition
1037 2344 1854 2575 épuiſée.
1034 2319 4250 3009 La Veſtale Cloddia, à Titus, Edition
1240 2833 1848 3038 épuiſée.
1030 3116 4250 3328 Iſaac & Rébecca, ou les Noces Patriar-
1042 3309 4250 3555 chales. Poëme en proſe en cinq Chants;
1010 3520 2620 3752 Nouvelle Edition.
1014 3747 4222 4026 Eloge du Maréchal de Catinat, dédié à
1005 4015 2212 4196 lui-même.
1006 4277 4210 4549 Lettre de M. Camille Trillo, ſur la
993 4489 3187 4742 Muſique Dramatique.
986 4784 4103 5011 Les Amans Francois à Londres, ou les
994 4987 3329 5206 Délices de l'Angleterre.
975 5282 4037 5540 ux Mânes de J. Jacques Rouſſeau.
990 5556 4072 5795 Le Nouveau Monde, Poëme en deux vol.
1029 5847 4115 6060 On prépare une nouvelle Edition de
1577 6054 4071 6257 ce Poëme, où il eſt entierement
1573 6240 4068 6455 refondu & corrigé, en deux volu-
1311 6453 4174 6665 mes, qui formeront les troiſieme
