4266 7902
404 630 3195 885 DES CHAPITRES.
-15 863 3094 1057 adt; s'embarquent pour l'Angleterre,
-14 1046 3090 1246 & vont débarquer au port de Harwich.
2621 1223 3098 1389 1o
-14 1322 3083 1567 Chap. LX. Il eſt joint par une perſonne de
-13 1551 3406 1733 connoiſſance, à qui il fait un preſent.
-13 1726 3409 2087 accdoee ſer, par qii ſs rrmiient à
-12 2061 3383 2295 Londres; envoient chercher Prig. Entre-
-11 2208 3109 2414 vue tendre entre Thompſon & Miſſ Rich.
2861 2406 3094 2562 L
-11 2561 3083 2765 Chap. LXI. Il arrive chez M. Diaper.
-11 2733 3098 2917 Joie qu'y cauſe ſon arrivée. Il les mene
-10 2902 3090 3094 chez Miſſ Louiſe. Il reçoit des Lettres de
36 3071 3132 3245 M. Saris. Généroſité de ce Gentilhomme.
-10 3163 3154 3590 oaie ae plſnt deſeie daraeie t ſea
-9 3547 3154 3774 affaires, après quoi ils partent pour le
-8 3740 1528 3885 Comté d'York.
2865 3781 3124 3914 I.
-8 3886 3146 4093 Chap. LXII. Ils arrivent chez M. Bellair.
33 4059 3146 4243 Thompſon & Sharpley partent ſeuls avec
-8 4166 3131 4612 ſo eu oriſée ue ore enee vra ooe
-7 4562 3094 4916 seyſ ſe rlerp loye eem ou a
-6 4904 3139 5089 leurs amis. Thompſon reçoit un Exprès
-6 5066 3146 5251 de la part de Sir Walter. Il va le voir. Ce
38 5236 3128 5437 qui ſe paſſe dans leur entrevue.1
-5 5322 3109 5589 Chap. LXIII. Ils retournent chez M. Bet-
-4 5573 3165 5758 lair. Toute la compagnie part pour ſe
-4 5740 3158 5921 rendre chez M. Thompſon. Leur arrivée.
-4 5893 3158 6298 ſeit à si lra le se rmaſſama atſo
0 6252 3150 6433 quelle il conſent. Fidelle eſt introduite
-3 6414 3139 6615 augrès de ſa Maîtreſſe. Truman en de-
