4266 7795
1090 681 3248 859 TABLE, &c.
1223 847 4019 1032 vient amoureux. Il s'adreſſe à Thompſon
1227 1013 4048 1206 qui conſent à ſes deſirs, & prie Miſſ
1227 1179 4011 1356 Louiſe de déterminer Fidelle. Fidelle agrée
1238 1349 4019 1518 ſa recherche, & demande à Sir Valter la
1245 1511 2794 1677 permiſſion de ſe marier.
1127 1654 3993 1849 Chap. LXIV. M. Archer le fils arrive au
1245 1839 3993 2178 a aoo de qunnr auare ee anpſ
1241 2175 3989 2344 de joie de Sir Valter en reconnoiſſant ſa
1212 2325 4000 2514 fille. Il lui rend ſon bien, & lui fait pre-
1249 2499 4041 2673 ſent d'une Terre. Départ des hôtes. Sui-
1279 2665 4037 2853 tes heureuſes du mariage de Thompſon.
947 2831 2927 3005 Concluſion de l'Hiſtoire.
3529 2876 4035 3042 I
1250 4505 4005 4735 Fin de la Table de la quatrieme Partie
3802 6450 4042 6586 A
