4266 7950
715 767 2652 972 De JostPn Thoonson.
162 934 3216 1139 de n'apercevoir autour de ſoi qu'une hor-
170 1123 3268 1295 rible quantité d'eau qui s'éleve de tous
147 1286 3305 1463 côtés, comme des montagnes que l'on voit
155 1453 3357 1632 enſuite ſe fondre en écume! Les bouffées
143 1616 3349 1795 de vent ſiffloient dans les cordages avec
151 1791 3271 1968 impétuoſité; & comme un tonnerre conti-
147 1954 3275 2159 nuel, ſembloient étourdir les oreilles &
147 2125 2199 2299 nous faire perdre la tête.
154 2260 3420 2465 Au bout de trois ſemaines, jettant les
147 2451 3305 2628 yeux devant le vaiſſeau, je crus voir un
153 2596 3472 2800 objet qui me parut obſerver toujours la
155 2785 3253 2965 même poſition. J'allai voir la bouſſole, &
155 2955 3316 3300 le ſui aaiſ a eiliauie uie le aaoiiine
166 3265 3583 3464 Friendly qui étoit fort malade, & lui dis
166 3456 3324 3631 que je venois d'apercevoir la terre. Quoi-
151 3616 3257 3800 qu'il put à peine ſe remuer, cette nouvelle
155 3787 3468 4125 aiinaelele eruiies en étanu éoaaode, le
166 4113 3420 4294 tillac fut bientôt couvert de gens dont la
155 4284 3257 4457 mine faiſoit horreur. Ils étoient tous pâles
169 4444 3257 4622 & défaits de faim & de fatigue. Leurs re-
162 4614 3364 4797 gards ſe raſſurerent un peu, & avec des
170 4785 3257 4962 mains décharnées & des yeux enfoncés,
166 4948 3331 5129 ils ſe mirent à rendre graces à Dieu de la
173 5118 3327 5292 miſéricorde qu'il nous faiſoit entrevoir. Le
166 5264 3468 5465 lendemain la tempête ceſſa pour peu de
170 5447 3275 5620 tems; & le ciel s'étant un peu éclairci,
173 5620 3249 5803 nous aperçûmes clairement que ce que
170 5758 3579 5967 l'on voyoit étoit certainement la terre qui
188 5948 3502 6133 s'élevoit vers le milieu, & ſe terminoit
199 6121 3249 6300 en pointe des deux côtés. Nous ne pou-
203 6276 3316 6465 vions nous imaginer quelle terre c'étoit;
188 6447 3245 6659 mais nous y dirigeâmes notre route; &
2449 6637 3046 6838 A
