4266 7656
1059 675 3601 886 La viEET LES AVENTUREs
872 864 3978 1038 nous comptions n'en être plus qu'à ſept
926 1031 3960 1194 lieues, lorſque le vent s'éleva de nouveau,
1131 1185 3971 1365 avec la même fureur qu'auparavant, & nous
1128 1347 4000 1505 y pouſſa directement. Nous entrevîmes
873 1515 3996 1684 alors un nouveau danger. Nous ne ſçavions
1137 1677 4003 1847 comment empêcher le vaiſſeau de ſe briſer
1142 1836 4021 2005 contre les rochers. Après avoir viré de
1146 1994 3993 2156 bord, nous trouvâmes qu'il n'étoit pas poſ-
1146 2152 3993 2327 ſible de réſiſter au vent; & preſque morts
1153 2317 4039 2483 de fatigue, nous laiſſâmes aller le vaiſſeau,
1156 2483 4000 2649 en invoquant le grand Pilote du monde de
1156 2642 4011 2807 venir à notre ſecours. Nous nous trouvâ-
1160 2806 4032 2973 mes en trois ou quatre heures au milieu
916 2961 4011 3134 des briſans. La quille fut endommagée, &
1171 3126 4018 3296 quelques planches déchirées; de ſorte que
1167 3284 4050 3458 l'eau nous gagnant de tous côtés, nous
923 3442 4057 3618 fumes obligés de mettre en mer la barque
919 3589 4029 3774 longue & la pinaſſe; & déchargeant dans
1185 3770 4061 3930 cette derniere l'argent de la Compagnie,
1181 3924 4065 4096 nous fîmes proviſion de poudre, d'armes
937 4086 4075 4256 à feu, & d'inſtrumens de Mathématique
1192 4247 4054 4419 avec tous nos livres & nos papiers. Après
1199 4406 4097 4579 quoi nous y deſcendîmes au nombre de
1192 4571 4086 4739 quarante-trois perſonnes; & nous nous
1207 4729 4065 4905 abandonnâmes à la Providence dont nous
1214 4895 4064 5065 éprouvâmes encore les ſecours; car nous
1217 5053 4068 5223 arrivâmes heureuſement à terre, & vîmes
1221 5208 4108 5389 de loin notre pauvre vaiſſeau ſe briſer en
901 5388 1671 5545 pieces.
1397 5531 4101 5707 Notre premier ſoin fut de mettre nos
1236 5689 4104 5871 bateaux en sûreté; & tandis qu'une partie
1246 5854 4090 6020 de nous étoit occupée à conſtruire des bar-
1261 6018 4118 6184 raques pour ceux de nos gens qui étoient
1268 6174 4115 6347 malades, & hors d'état de s'aider eux-
