4266 7776
730 666 3137 905 be JosEpu Thopson.
65 896 3270 1080 mêmes, & que nous avions eu beaucoup
65 1065 3097 1234 de peine à ſauver avec nous, le Capitaine,
61 1226 3090 1396 deux autres & moi bien armés, nous avan-
54 1388 3340 1565 çâmes dans les terres pour découvrir ſi le
124 1557 3101 1728 pays étoit habité, & ſi nous pourrions y
120 1719 3119 1890 trouver les néceſſités de la vie. Le terrein
73 1884 3101 2052 étoit ſablonneux; nous vîmes pluſieurs eſ-
76 2046 3108 2220 péces d'arbres & de buiſſons, parmi leſ-
168 2211 3112 2383 quels nous trouvâmes avec ſatisfaction
85 2377 3108 2550 quelques palmiers qui nous firent eſpérer
73 2538 3119 2712 qu'il y en avoit beaucoup d'autres. Nous
105 2707 3105 2877 rencontrâmes auſſi des cerfs, des ſangliers
142 2869 3112 3043 & pluſieurs autres eſpeces d'animaux pro-
113 3034 3123 3211 pres à la nourriture de l'homme, avec une
160 3200 3116 3375 ſorte particuliere d'herbes à peu près ſem-
98 3350 3112 3534 blable aux épinards. Nous fumes bientôt
230 3520 3130 3701 rétablis au moyen de ces rafraîchiſſemens,
58 3685 3119 3856 à l'exception de ſix qui moururent auſſi-tôt
54 3847 3112 4016 après le débarquement. Nous commençâ-
91 4012 3116 4178 mes à former une eſpece de gouverne-
83 4174 3137 4344 ment domeſtique: les uns furent nommés
142 4339 3141 4510 pour aller à la chaſſe; d'autres pour cou-
135 4504 3432 4676 per du bois, & le reſte s'occupa à allon-
231 4666 3432 4837 ger notre bateau dont nous eſpérions nous
149 4831 3145 5004 ſervir pour quitter cet endroit. Nous fumes
135 4993 3145 5167 long tems à examiner quelle pouvoit être
186 5155 3145 5332 la terre où nous étions. Quelques-uns des
131 5320 3141 5492 plus anciens voyageurs aſſuroient poſitive-
260 5489 3145 5660 ment que c'étoit l'une des plus ſeptentrion-
109 5647 3145 5827 nales des Iſles Marianes, qui ſont ſituées
146 5813 3141 5985 depuis le treizieme juſqu'au vingt-deuxieme
139 5978 3159 6155 degré de latitude ſeptentrionnale, & au cent
271 6144 3160 6315 quarante huitieme degré de longitude à
157 6305 3156 6445 l'eſt du méridien de Londres. Nos obſer-
