4266 7902
859 720 3612 924 La vieeTLEs Avetures
1144 900 4108 1088 vations confirmerent cet avis; & quelques-
957 1084 4052 1264 uns de nos gens deſirant d'aller dans la
1156 1253 4052 1432 Pinaſſe, pour découvrir ſi nous étions réel-
1156 1419 4055 1598 lement dans une de ces Iſles ou non,
1159 1588 4108 1766 & pour chercher les habitans (car juſ-
1159 1753 4093 1934 qu'alors nous n'en avions vu aucuns) nous
1152 1926 4089 2272 ir iſes len rarpue, & vn iheieta
1152 2256 4063 2436 leur tête. Nous les avitaillâmes de notre
1156 2425 4123 2604 mieux; & leur ayant donné des inſtrumens
1167 2590 4119 2772 & quelques bagatelles ſauvées du vaiſſeau
1167 2759 4063 2935 pour trafiquer avec les naturels du pays,
1163 2928 4070 3107 ils partirent pour leur voyage; mais ſoit
1167 3090 4067 3269 qu'ils aient été engloutis dans la mer, ou
1171 3259 4074 3441 détruits par les Barbares, nous ne les revî-
1171 3432 4070 3603 mes plus. La perte de tant de nos camara-
1152 3593 4145 3777 des nous donna beaucoup de chagrin, &
1167 3762 4074 3941 nous découragea. Nous étions alors réduits
1167 3931 4130 4098 au nombre de vingt-ſept; outre qu'en per-
1175 4093 4067 4267 dant la Pinaſſe, nous ne pouvions plus aller
1175 4258 4074 4433 à la pêche, qui faiſoit pourtant la plus gran-
1174 4423 4138 4599 de partie de notre nourriture. L'intérieur de
923 4592 4157 4769 l'Iſle étoit comme un jardin; l'air en étoit
866 4758 4078 4933 ſi tempéré, que tout bien conſidéré, nous
1171 4927 4142 5100 pouvions nous eſtimer auſſi heureux qu'il
1175 5092 4078 5269 étoit poſſible de l'être en pareilles circonſ-
1178 5261 4070 5436 tances. Nous ne doutions pas que, ſi nous
1171 5426 4175 5772 onpoiis, d&reoeoaree e la ee ooeoe,
1174 5749 4175 5937 la Compagnie n'aprouvât notre conduite;
990 5926 4074 6102 & nous eſpérions qu'en ce cas elle ne fe-
1186 6098 4157 6270 roit point de difficulté de nous employer
1182 6264 4078 6437 encore à ſon ſervice. Nous prenions ſur le
1182 6429 4078 6602 ſoir tous les divertiſſemens que nous pou-
