4266 7841
933 713 3572 889 LAviEETTLlESAvetures
925 881 3812 1068 chacun avoit rempli de bonne volonté la
925 1048 3830 1217 tâche qui lui avoit été impoſée; on obéiſ-
921 1214 3812 1386 ſoit au commandement des Officiers avec
925 1379 3853 1550 autant de ſoumiſſion qu'auparavant notre
921 1546 3827 1720 naufrage. Par ce moyen notre chaloupe
918 1710 3834 1888 longue étoit prête à mettre à la mer; on
921 1881 3823 2051 y avoit fait des ponts, & on l'avoit for-
918 2041 3823 2220 tifiée de maniere qu'elle pouvoit paſſer pour
918 2208 3827 2390 un aſſez bon bâtiment: les agrès, dont
921 2380 3830 2550 nous étions redevables aux palmiers, étoient
918 2543 3845 2718 près d'être finis, lorſque l'on découvrit la
921 2707 3853 2885 conſpiration la plus horrible, machinée par
921 2870 3830 3047 douze de nos meilleurs hommes qui avoient
925 3045 3823 3216 comploté d'emporter le tréſor de la Com-
921 3205 3838 3382 pagnie, de ſe ſauver dans notre petit vaiſ-
918 3377 3830 3540 ſeau; & nous laiſſant dans cet état déplo-
918 3540 3857 3711 rable, de ſe retirer dans quelques-unes des
936 3704 3834 3878 Colonies Portugaiſes, pour y partager en-
921 3868 3827 4033 tr'eux l'argent, & travai ler enſuite chacun
918 4031 3831 4206 pour ſon compte. Tel étoit leur premier
918 4191 3838 4372 plan; mais ils le changerent enſuite, &
918 4358 3827 4538 convinrent de côtoyer les Iſles Philippines,
613 4530 3853 4695 ou de diriger leur courſe vers les détroits
925 4692 3834 4870 de Manille, de tâcher d'y ſurprendre quel-
922 4857 3827 5034 ques gros vaiſſeaux, & d'exercer la pirate-
922 5021 3838 5201 rie. Le principal conſpirateur étoit le Bof-
736 5188 3831 5365 man, Ecoſſois, en qui j'avois toujours re-
918 5355 3857 5530 marqué un eſprit mutin & beaucoup de
922 5519 3849 5697 ſévérité pour l'Equipage dans l'Exercice de
799 5686 3987 5862 ſes fonctions. En un mot, je ne l'avois ja-
921 5856 3827 6192 piraainmi, i is coeius ee caai dens
929 6186 3857 6359 conſpection, que nous étions en quelque
929 6344 3834 6520 forte, le Capitaine Friendly & moi, re-
