4266 7544
879 637 3160 883 DE JosEph THompson.
72 865 3347 1036 venus de nos préjugés. Ils étoient tous ar-
97 1023 3157 1189 més de fuſils & de ſabres, auſſi-bien que
76 1178 3389 1352 nous, ce qui les rendoit plus dangereux;
83 1337 3368 1510 & ils étoient ſur le point d'exécuter leur
122 1495 3174 1665 deſſein, lorſque j'eus le bonheur de le dé-
98 1650 3171 1823 couvrir & d'y remédier. Un jour, étant
411 1808 3175 1979 ſorti avec mon fuſil & un chien favori,
140 1967 3178 2137 qui avoit déjà fait le voyage des Indes avec
115 2122 3182 2287 moi, fatigué de chaſſer, je m'étois mis à
119 2280 3171 2435 l'affus dans un taillis, dans le deſſein de
421 2442 3178 2606 tuer quelque choſe avant que de retourner.
414 2600 3185 2761 J'entendis une voix que je reconnus pour
288 2755 3185 2918 celle de l'Ecoſſois, qui crioit à un autre:
150 2910 3185 3078 comment ce diable de chien eſt-il venu
164 3072 3182 3232 ici; il reſſemble à ſon maître, on le trouve
425 3227 3192 3390 par-tout. Je voudrois pouvoir m'en débar-
428 3382 3185 3552 raſſer auſſi aiſément que de ſon chien,
428 3544 3301 3703 nous n'aurions plus rien à craindre; mais
140 3692 3175 3861 de façon ou d'autre je m'en déferai. A ces
164 3850 3185 4010 mots, il donna un coup de pied à mon
168 4005 3189 4175 chien, qui s'enfuit en aboyant, & heu-
214 4163 3189 4328 reuſement fort loin de l'endroit où j'étois.
186 4318 3189 4481 Ma foi, repliqua un autre que je reconnus
446 4477 3192 4648 pour Will Jones, aide du Charpentier, il
213 4632 3196 4826 eſt trop bon garçon pour cela. Je voudrois
217 4793 3196 4960 qu'on ne répandît point de ſang, ſi cela
224 4949 3196 5119 étoit poſſible; mais pour la Compagnie,
245 5107 3199 5271 qui n'eſt qu'une troupe de riches coquins,
242 5262 3199 5434 je penſe qu'il n'y a point de mal à la voler,
252 5420 3199 5586 y eût-il le double à prendre. Je me tins
471 5579 3206 5739 caché pendant tout ce tems-là, & je
471 5734 3203 5906 les entendis parler de tous leurs projets.
471 5885 3203 6062 Heureuſement je quittai l'endroit où j'étois
263 6047 3210 6220 ſans en être aperçu. Je leur avois entendu
