4266 7632
1079 689 3637 893 1 LA VeEETLES AVetures
1079 882 3915 1051 nommer tous les conjurés. Je fus ſurpris
1104 1036 3908 1224 au dernier point d'un complot auſſi affreux;
1100 1202 3901 1378 mais comme je vis qu'ils étoient forts, je
1101 1358 3912 1535 réſolus d'agir avec beaucoup de précaution.
1079 1519 3915 1687 Le lendemain, je pris avec moi le Capi-
1093 1677 3986 1849 taine Friendly & M. Benſon, l'un de nos
1104 1836 4001 2004 Officiers, & le ſeul qui nous reſtât, ſous
1068 1995 3901 2162 prétexte de leur montrer un beau payſage
1097 2152 3926 2325 que j'avois découvert dans ma promenade
1104 2316 3905 2488 de la veille. Mais quand nous fûmes un peu
1104 2474 3908 2637 éloignés, je leur détaillai ce que j'avois en-
1104 2636 3901 2805 tendu, & mon importante découverte. Le
1104 2792 3904 2964 danger les fit trembler, & quoiqu'ils fuſſent
1108 2953 3897 3110 tous les deux très-braves, l'étonnement les
1104 3110 3905 3283 fit reſter quelques momens ſans parler. En-
804 3271 3901 3443 fin quand leur ſurpriſe fut un peu ceſſée,
1090 3433 3897 3596 nous commençâmes à conſulter enſemble,
1093 3590 3901 3762 & à chercher les moyens d'arrêter la conſ-
1093 3747 3901 3913 piration avant qu'elle fût plus avancée. Pour
940 3908 3926 4074 cet effet, nous jugeâmes à propos que l'on
1100 4058 3897 4231 mettroit le treſor de la Compagnie ſous la
1100 4219 3897 4391 garde de deux des plus fidéles de nos com-
1100 4384 3894 4552 pagnons que l'on releveroit toutes les qua-
1104 4541 3890 4711 tre heures, & que je coucherois dans la
1080 4698 3887 4870 cabane où le treſor ſeroit dépoſé: que
1076 4859 3887 5026 le Capitaine raſſembleroit le lendemain nos
1090 5020 3890 5186 forces; & que par le moyen de ceux qui
1082 5178 3887 5346 nous reſtoient attachés, & à qui nous de-
1086 5335 3887 5503 vions faire part de toute l'affaire dès le ſoir
786 5496 3897 5671 même, on tâcheroit de ſurprendre les conſ-
1083 5657 3887 5840 pirateurs deſarmés. En effet, nous les en-
1086 5817 3880 5990 voyâmes chercher ſéparément les uns après
1079 5975 3880 6156 les autres, pour éviter les ſoupçons; & ils
1082 6132 3915 6346 nous promirent tous de reſter attachés à
