4266 7828
644 722 2634 917 DE JosePi Thompson.
2912 722 3131 905 .
-15 882 3060 1083 mes gens du bois; ils tuerent deux des
-14 1067 3053 1247 onſpirateurs, qui, dans le même inſtant,
-14 1234 3078 1411 firent leur décharge, & tuerent auſſi un
-13 1401 3053 1574 de mes compagnons. Cependant ils ſe bat-
-13 1568 3082 1743 toient comme des bêtes féroces. Le ſort
-13 1732 3075 1905 de leurs amis, bien loin de les intimider,
-12 1898 3056 2070 ne fit que redoubler leur furie; & l'Ecoſ-
-12 2065 3075 2244 fois s'avançant devant les deux autres, pour
-12 2214 3071 2406 m'aſſommer d'un coup de croſſe, je lui
-11 2398 3075 2568 tirai dans la poitrine à bout portant, & le
-11 2565 3060 2747 jettai mort ſur la place. Alors ſes compa-
-11 2726 3082 2914 gnons ſe rendirent à diſcrétion. Nous leur
-10 2893 3056 3073 liâmes les mains, & les fîmes marcher de-
-10 3059 3082 3236 vant nous juſqu'à notre habitation. Puis
-9 3223 3056 3396 les laiſſant à la garde de deux hommes,
-9 3372 3079 3566 les autres entrerent dans notre petite plan-
-9 3555 3078 3725 tation, où le Capitaine étoit dans une crain-
-8 3722 3079 3894 re continuelle que notre projet n'eût échoué.
-8 3860 3049 4054 Mais lorſque par la dépoſition de nos pri-
-8 4039 3082 4220 fonniers, je fus en état de lui rendre un
-7 4206 3082 4386 compte exact du nombre & des projets de
-7 4376 3238 4549 ces miſérables, il ſe ſentit bien ſoulagé, &
-7 4546 3067 4719 nous nous préparâmes à exécuter la ſecon-
-6 4707 3078 4874 de partie de notre deſſein. Le Capitaine
-6 4854 3071 5044 & M. Benſon prenant chacun ſix hommes
-6 5022 3079 5203 bien armés, s'avancerent devant leur hut-
-5 5203 3082 5379 te, & les ſommerent de ſe rendre, ſans
-5 5367 3079 5539 quoi ils ſeroient traités ſans miſéricorde,
-4 5534 3060 5711 comme l'avoient été l'Ecoſſois & le reſte
-4 5698 3068 5871 de ſes compagnons; mais s'écriant tous à
-4 5847 3075 6044 la fois, ils ſortirent de la hutte comme des
-3 6024 3042 6208 déſeſpérés; ils firent une décharge géné-
-3 6199 3079 6380 rale ſur les deux détachemens, & nous
-3 6344 3078 6540 tuerent deux hommes. Nous répondîmes à
-1 6521 1146 6726 V. Partie.
2370 6532 2511 6677 B
