4266 7819
1194 747 3733 959 Lavveetlesaventures
1187 928 4133 1122 leur feu, & jettâmes auſſi deux d'entr'eux
1190 1116 4103 1243 ſur le carreau. Alors ils allerent ſe retran-
1194 1279 4092 1449 cher derriere un gros arbre que nous avions
1194 1446 4099 1605 coupé quelque tems auparavant, & s'en
869 1609 4103 1780 firent une eſpece de parapet. Avant que
1168 1775 4107 1945 nos gens puſſent les entourer, ils eurent
1187 1942 4114 2110 le tems de recharger, & ils tirerent une
1180 2101 4099 2274 ſeconde fois, nous tuerent encore un hom-
1180 2267 4095 2438 me, & bleſſerent le Capitaine Friendly à
1187 2426 4099 2604 l'épaule. Nos détachemens firent feu auſſi,
1191 2593 4114 2761 & en tuerent trois. Les deux autres mirent
1183 2759 4148 2934 bas les armes, & ſe rendirent. Comme il
1183 2926 4118 3101 y avoit eu tant de ſang répandu, & que
1183 3092 4196 3263 nos quatre priſonniers étoient les moins
1194 3252 4110 3428 coupables de tous, le Capitaine Friendly
1187 3418 4125 3594 différa de procéder contre eux, & propo-
1194 3585 4110 3757 ſa de les tenir aux fers, juſqu'à ce que
1190 3747 4110 3918 nous miſſions à la voile, & de les dépo-
1191 3910 4107 4081 ſer au premier Comptoir où nous touche-
1183 4073 4114 4246 rions, afin que la Compagnie put en diſpo-
1190 4240 4110 4411 ſer comme elle le jugeroit à propos. Mais
1194 4402 4110 4575 tandis que nous étions occupés à éteindre
1194 4565 4103 4741 cette conſpiration, cinq de nos gens qui
1190 4724 4114 4904 étoient à bord de l'Eſcarpe, (car c'eſt
1190 4898 4092 5068 ainſi que nous avions nommé notre vaiſ-
1109 5057 4114 5233 ſeau) comploterent de ſe ſauver; & s'é-
1190 5220 4110 5395 tant pourvus en cachette d'eau & de quel-
1190 5387 4199 5560 ques proviſions, ils mirent à la voile.
1187 5550 4110 5725 Nous étions tous ſi occupés à l'expédition
1194 5716 4114 5885 que je viens de rapporter, qu'aucun de
1209 5875 4110 6056 nous ne s'aperçut de leur évaſion. Ainſi,
1216 6045 4110 6218 tandis que nous combattions pour conſer-
1216 6208 4110 6384 ver ce vaiſſeau, un autre complot nous
1187 6368 4114 6545 en priva. Jugez quel fût notre conſterna-
