4266 7902
390 735 3143 950 De Josepn Thompson.
-2 907 3128 1118 tion, quand nous découvrîmes cette per-
-2 1094 3191 1285 fidie, & que nous vîmes de loin notre bâ-
-3 1273 3139 1454 timent à la voile & fendant les flots. Nous
-3 1441 3135 1624 ne ſçavions que dire ni que penſer, & nous
-3 1609 3225 1791 nous livrâmes au plus cruel déſeſpoir, voyant
-4 1774 3244 1960 tous nos projets évanouis, & qu'il ne nous
-4 1941 3139 2117 reſtoit plus d'eſpérance de ſortir de là, à
-4 2110 3147 2294 moins que la Providence ne fît venir quel-
-5 2282 3143 2459 ques vaiſſeaux de ce côté; choſe que nons
-5 2449 3143 2629 ne pouvions ſupoſer avec fondement. Nous
-5 2613 3146 2800 n'étions plus alors que dix, y compris nos
-6 2782 3146 2961 priſonniers, dont le repentir nous parut ſi
-6 2947 3154 3136 ſincere, que nous leur donnâmes la liberté
-7 3097 3154 3304 d'aller & venir, mais néanmoins ſans ar-
-7 3285 3150 3473 mes. Rien ne peut aprocher de l'état triſte
-7 3457 3154 3639 où nous étions réduits; nous commencions
-8 3624 3154 3790 à croire que le Ciel nous avoit abandon-
-8 3786 3158 3968 nés, & qu'il nous faudroit paſſer le reſte
-8 3946 3162 4139 de nos jours éloignés de nos amis & du
-9 4093 3158 4303 lieu de notre naiſſance, & privés à jamais
-9 4277 3158 4465 de ce qui faiſoit l'objet de nos plus chers
-9 4450 3177 4642 deſirs, lorſqu'un matin, par un tems calme,
-10 4620 3169 4806 nous eûmes le plaiſir de découvrir un vaiſ-
-10 4783 3169 4976 ſeau à quelques lieues de diſtance. Alors
-11 4954 3169 5139 nous fîmes un grand feu ſur une petite émi-
-11 5122 3176 5291 nence; & paſſant ſur une autre colline,
-11 5289 3188 5481 nous dreſſâmes une grande perche, au haut
-12 5452 3180 5639 de laquelle on avoit attaché une chemiſe,
-12 5602 3184 5814 & nous continuâmes de tirer ſans ceſſe des
-12 5794 3192 5980 coups de fuſil, dans l'eſpérance que quel-
-13 5962 3173 6152 qu'un à bord de ce vaiſſeau, découvriroit
-13 6125 3353 6317 nos ſignaux. Quelle fut notre joie, lorſ-
-13 6304 3410 6485 que nous apperçûmes une chaloupe rem-
-14 6463 3199 6700 plie d'hommes qui ramoient vers l'Iſle de
2354 6651 2629 6783 Ba
