4266 7902
1246 739 3744 946 2 La Vi ET LES AVENtuRes
1051 934 4164 1112 nous firent de grands preſens, donnerent
1250 1099 4168 1276 au Capitaine Friendly un autre vaiſſeau à
1265 1265 4183 1449 commander, & à moi un emploi pour Can-
1253 1430 4183 1610 ton mon ancienne demeure, d'où j'arrive
1043 1606 4183 1781 pour me rendre en Angleterre; heureux
1186 1764 4176 1947 d'avoir retrouvé un ami qui m'eſt ſi cher,
1246 1932 4194 2115 & dont j'ai toujours conſervé la mé-
1253 2114 1870 2244 moire.
1370 2256 4191 2449 Nous prîmes part l'un & l'autre aux dif-
1261 2433 4198 2617 férens haſards que nous avions courus, &
1276 2605 4198 2787 nous félicitâmes ſincérement de nos heureux
1268 2774 4198 2953 ſuccès, qui vraiſemblablement alloient nous
1212 2932 4206 3117 procurer un ſort heureux, s'il eſt poſſible
968 3105 4194 3283 aux hommes de l'être. Mon ami aprit les
1276 3274 4206 3452 aventures de Prim avec plaiſir & ſurpriſe,
968 3439 4202 3624 & il conçut la plus haute opinion de M.
1280 3601 4232 3791 Saris. Quand il me parla de ſa chere Miſſ
1276 3774 4209 3954 Bellair, il aperçut que les larmes couloient
1201 3943 4213 4119 de mes yeux malgré moi. En effet, je ne
1246 4108 4217 4286 pus m'empêcher de faire une comparaiſon
1280 4275 4217 4455 triſte de ſon bonheur avec ma miſere, privé
1276 4438 4214 4619 pour toujours, comme je l'étois, de la poſ-
1280 4607 4213 4791 ſeſſion de mon adorable Louiſe. Il vit ma
1287 4776 4221 4949 peine, & me ſerrant dans ſes bras, il me
1287 4948 4213 5112 dit affectueuſement tout ce qu'il put pour
1295 5107 4224 5292 diſſiper mon chagrin, & ſe reprocha d'avoir
1291 5280 4228 5626 ddée demm vlaireſee 'aaroii ienn oole
1291 5610 4224 5797 nous engager à quitter le vaiſſeau Hollan-
1287 5779 4236 5958 dois, & à paſſer dans le ſien en qualité de
1302 5938 4232 6130 Paſſagers; mais nous avions pris une telle
1310 6114 4243 6295 amitié pour le Capitaine Beeckman, & il
1295 6285 4251 6465 avoit fait tant de choſes pour nous fournir
1205 6444 4251 6651 les commodités que l'on peut avoir dans un
