4266 7902
311 746 3124 965 DE Joserh Thompson.
40 918 3015 1134 voyage, que mon ami convint enfin que
33 1122 3113 1300 ce ſeroit preſque un crime de le quitter;
33 1283 3030 1456 d'autant mieux que leur vaiſſeau étoit fort
29 1456 3041 1632 rempli, & qu'il ne pourroit pas nous pro-
33 1621 3041 1799 curer à beaucoup près un ſi bon traitement.
36 1767 3041 1957 Il invita avec nous le Capitaine à un grand
63 1952 3131 2136 feſtin qu'il nous donna ſur ſon bord; &
25 2125 3131 2302 tant que nous reſtâmes au Cap, il y eut
36 2294 3327 2475 entre nos vaiſſeaux un grand commerce de
36 2460 3316 2640 civilité. Nous nous comportâmes tous com-
36 2628 3049 2801 me des gens qui ſe plaiſoient ſincérement
51 2797 3053 2975 à s'obliger les uns les autres. La grande amitié
37 2968 3049 3139 qui régnoit entre M. Diaper, M.Saris & moi,
33 3131 3034 3309 fut d'un bon exemple, & inſpira à tout le
25 3297 3038 3475 monde des ſentimens de douceur & d'hu-
33 3473 3267 3644 manité. Quand nous eûmes pourvu notre
25 3631 3056 3805 vaiſſeau de tout ce qui nous étoit néceſ-
10 3800 3060 3973 ſaire pour notre voyage, mon ami prit
10 3965 3064 4137 congé de nous, & nous ſouhaita un heu-
44 4134 3297 4304 reux retour dans un pays dont nous avions
29 4296 3056 4478 été ſi long - tems abſens. Le Capitaine
48 4444 3064 4642 Beeckman, à la priere des autres Capi-
33 4634 3060 4791 taines, ſe chargea du commandement,
29 4790 3068 4979 comme Chef d'Eſcadre, & donna ſes or-
36 4968 3064 5145 dres en conſéquence, réſolu, s'il étoit poſ-
29 5129 3068 5340 ſible, d'aller tous de conſerve juſqu'en Eu-
25 5302 3060 5480 rope. Nous levâmes l'ancre, mmes à la
25 5475 3060 5650 voile, & continuâmes notre route tous en-
10 5636 3064 5817 enſemble juſqu'à la hauteur des Iſles Cana-
10 5805 3357 5979 ries. Pour lors il s'éleva une violente tem-
10 5973 3060 6164 pête qui nous donna les plus grandes inquié-
10 6143 3064 6326 tudes les uns pour les autres. Notre vaiſſeau
10 6313 3086 6486 alloit aſſez bien, mais celui du Capitaine
10 6457 3083 6686 Friendly & l'autre dans lequel étoit mon
