4266 7799
1271 666 3665 845 LAieeelesaventures
1279 835 4133 1010 ſecours de cet inconnu. Il faiſoit encore
1264 1002 4126 1180 aſſez clair pour apercevoir qu'il étoit atta-
1260 1161 4115 1335 qué par ſix hommes, dont il étoit envi-
1271 1326 4122 1478 ronné de toutes parts. Je lui criai dans la
1267 1489 4126 1667 même Langue: Courage, Monſieur, votre
1271 1658 4122 1833 cauſe eſt bonne; j'en juge par le nombre
1264 1824 4126 1992 de vos ennemis; la fortune vous envoie un
1260 1992 4118 2163 compagnon qui peut - être fera pancher la
1260 2149 4114 2327 balance en votre faveur. A ces mots je me
1264 2318 4126 2489 préſentai d'un air qui ſit croire à nos enne-
1264 2484 4111 2657 mis qu'il étoit tems d'agir avec plus de pré-
1264 2650 4118 2822 caution qu'ils n'avoient fait juſqu'alors:
1267 2813 4126 2991 mais les coquins ſont toujours lâches, &
1131 2971 4114 3150 après avoir bleſſé mon compagnon d'un
1267 3145 4126 3315 coup qui le renverſa par terre, & m'avoir
1264 3307 4122 3481 percé l'épaule gauche, voyant l'un d'entre
1271 3465 4122 3645 eux couché par terre, & le reſte bleſſé,
1168 3628 4115 3810 ils prirent la fuite & nous laiſſerent maîtres
1168 3794 4118 3972 du champ de bataille. Pendant ce tems on
1271 3960 4115 4134 avoit mis l'allarme dans la garniſon, & un
1267 4122 4122 4284 détachement conſidérable ayant été envoyé
1267 4288 4122 4464 avec un Officier pour faire ceſſer le deſor-
1279 4454 4126 4620 dre qui pouvoit être ſurvenu, ils me trou-
1271 4620 4122 4791 verent occupé à relever mon compagnon
1275 4782 4118 4956 inconnu, qui avoit reçu pluſieurs bleſſures.
1278 4951 4118 5127 Quand ils eurent examiné de près le mort,
1282 5114 4122 5285 ils le reconnurent pour un de ces malheu-
1282 5277 4118 5446 reux qui entreprennent à prix d'argent de
1278 5442 4203 5610 défaire un homme de ſon ennemi, ſoit en
1279 5604 4118 5776 l'aſſaſſinant à coups de poignard, ſoit en
1279 5774 4115 5914 le bleſſant à la tête, ou en le faiſant ſuc-
1279 5936 4115 6108 comber ſous le nombre. Cet uſage eſt en-
1275 6102 4115 6265 core plus commun chez les Portugais qu'en
1279 6269 4127 6442 Eſpagne ou en ltalie. Ces coquins ſe font
