4266 7716
1197 692 3685 924 LA vIE ES
1056 914 3848 1082 qui m'a ſauvé la vie! Ah! mon cher a
1335 1077 3812 1246 ſe peut il que ce ſoit lui? .... Oui
1339 1241 3837 1408 lui même; il a tout-à fait oublié Arche
1313 1404 3903 1573 fidele ami. A ce nom je le reconnus
1320 1569 3942 1736 ce jeune homme que j'avois tant aimé
1110 1727 3921 1898 il étoit ſi changé, que ſans cela il m'et
1110 1887 3924 2060 impoſſible de le reconnoître. Notre
1288 2059 3895 2223 contre, quoique certaine, nous par
1070 2221 3946 2381 toujours un ſonge: je le ſerrai dan
1063 2377 3837 2523 bras, & nos amitiés furent ſi tend
1086 2542 3806 2698 ſi affectueuſes, que toute la compag
1317 2704 3768 2873 fut touchée. En un mot, nous l'étions
1281 2868 3732 3036 coup nous-mêmes, toutes les petites
1125 3027 3924 3197 ves d'affection que nous nous étions
1313 3194 3812 3361 nées réciproquement dans notre jeu
1179 3358 3750 3525 nous revinrent tout à la fois dansl
1106 3502 3768 3674 & nous cauſoient une joie inexpri
1092 3670 4001 3845 Dom Hentiquez & les autres eurent
1103 3841 4149 3997 à le réſoudre à ſe mettre au lit, & à lanle
1353 4000 4142 4166 panſer ſes bleſſures, qui heureuſement
1223 4164 4146 4329 ſe trouverent point dangereuſes. Pour
1342 4324 4066 4495 mienne, elle paroiſſoit ſi légere, que
1353 4487 3993 4655 rois voulu paſſer toute la nuit avec
1038 4647 3997 4818 ami; mais le Chirurgien ne voulut
1277 4810 4157 4982 permettre. Car notre entrevue avoit
1039 4974 4164 5143 cauſé à Archer un accès de fievre dont
1244 5137 4168 5308 craignoit les ſuites. Ainſi après avoir rema
1048 5297 4153 5478 cié ce Gentilhomme & toute ſa famide
1357 5464 4157 5620 je m'en retournai chez moi, promettant
1354 5625 4147 5793 Archer de revenir le voir le lendemain ta
1357 5792 1793 5952 tin.
1375 5929 4139 6116 J'apris à M. Saris le bonheur que j'avoise
1361 6110 4143 6277 de ſauver la vie à un de mes bons amis, qu
1197 6270 4135 6470 je n'avois pas vu depuis tant d'années. I
