4266 7902
1280 780 3853 979 3O LAVVEETLEEsAverurEs
1107 968 4213 1146 d'Oporto; il avoit fait de fréquens voyages
1156 1137 4194 1315 à Lisbonne, d'où il avoit pris une cargai-
1283 1310 4202 1483 ſon pour aller à Madere; mais en ayant
1287 1479 4187 1646 diſpoſé fort avantageuſement, il avoit deſ-
1280 1644 4221 1820 ſein de paſſer avec nous en Hollande, où
1280 1813 4198 1991 il comptoit pouvoir faire un autre charge-
1283 1986 4191 2160 ment pour Oporto. Les lettres qu'il avoit
1283 2147 4198 2325 reçues d'Angleterre étoient de bien plus fraî-
1284 2316 4198 2496 ches dates que les miennes; il m'aprit que
1280 2478 4225 2662 mon pere & tous nos amis du pays d'York
1259 2654 4198 2829 ſe portoient bien; il me dit qu'il ſe propo-
1242 2820 4210 2998 ſoit de venir nous y voir dans un an, &
1280 2989 4191 3163 que ſi ſes affaires tournoient à ſa ſatisfaction,
1280 3158 4202 3335 il s'établiroit à Londres. Je fus charmé de
1280 3327 4232 3502 la propoſition qu'il me fit de venir avec
1284 3492 4228 3665 nous en Hollande, & je l'aſſurai qu'il ne
1283 3661 4217 3838 manqueroit d'aucune des commodités du
1272 3826 4198 4000 voyage, duſſai-je moi-même coucher dans
1280 3999 4228 4170 un branle. M. Archer avoit mené juſqu'alors
1272 4160 4221 4337 une vie toute unie, telle que la mene un
1272 4326 4225 4499 Marchand qui ne ſonge qu'à s'enrichir dans
1276 4495 4198 4669 ſa profeſſion. En effet, perſonne ne paroiſ-
1280 4664 4206 4837 ſoit plus propre au trafic que lui, & il poſ-
1272 4829 4236 5009 ſédoit tous les talens qu'on peut exiger de
1276 5001 4251 5175 ceux qui s'y deſtinent. Comme il ne m'a-
1276 5167 4236 5344 voit pas dit un ſeul mot d'amour dans toute
1272 5336 4243 5514 ſon hiſtoire, je ne pouvois m'imaginer com-
1268 5497 4191 5680 ment il avoit pu être attaqué par ces bra-
1272 5668 4232 5845 ves, ces ſortes d'aventures étant ordinaire-
1261 5839 4202 6013 ment la ſuite de quelques intrigues amou-
1261 6001 4194 6182 reuſes. C'eſt pourquoi je pris la liberté de
1257 6170 4187 6354 lui demander s'il ſçavoit ce qui lui avoit
1103 6331 4236 6518 attiré de leur part un pareil traitement? Il
1024 6500 4217 6707 me répondit qu'il en ſoupçonnoit quelque
