4266 7902
667 746 3079 945 DE Joseph Thonson.
-2 900 3101 1107 choſe; que ſans doute les careſſes qu'il re-
-2 1104 3102 1289 cevoit de Dom Henriquez & de ſon aima-
-3 1249 3116 1457 ble fille, avoient allumé la haine de Dom
-3 1434 3101 1622 Juan, noble Portugais, qui avoit des pré-
-3 1609 3105 1785 tentions ſur elle; & que comme l'amour &
-4 1772 3120 1962 la jalouſie ne vont preſque jamais l'un ſans
-4 1948 3124 2131 l'autre dans le cœur d'un Portugais, il avoit
-4 2101 3331 2297 ſaiſi ce moyen de ſe défaire de lui. Nous
-5 2279 3128 2461 raiſonnâmes long-tems ſur les principes bas
-5 2451 3128 2631 qui animent bien des gens de cette Nation,
-5 2604 3132 2797 & enſuite nous tombâmes ſur les duels qui
-6 2782 3177 2965 ſont ſi communs dans d'autres Pays. M.
-6 2936 3116 3139 Saris remarqua que la façon de ſe débarraſ-
-7 3113 3124 3303 ſer d'un ennemi comme les Portugais vin-
-7 3285 3131 3462 dicatifs, eu égard aux idées que les diffé-
-7 3454 3139 3635 rentes Nations ſe forment des choſes, n'eſt
-8 3626 3147 3810 guere plus blâmable que le duel, ſi on la
-8 3791 3143 3970 conſidere ſous le point de vue qu'a le duel-
-8 3932 3132 4140 liſte auſſi-bien que l'aſſaſſin, qu'il n'y a
-9 4123 3162 4306 que le ſang de ſon ennemi qui puiſſe réparer
-9 4281 3128 4471 ſon honneur, ou le mettre à couvert. En
-9 4450 3143 4638 effet, l'Anglois & le François plus géné-
-10 4622 3169 4806 reux, combattent ſeul à ſeul, & font face
-10 4792 3237 4973 à leur ennemi; mais ils ont dans le cœur
-11 4940 3139 5139 les mêmes principes qu'un Italien, qui vous
-11 5122 3177 5302 aſſaſſine par derriere d'un coup de ſtilet:
-11 5293 3173 5472 ils viſent tous au même but, & y arrivent
-12 5462 3177 5809 ſige des ainelnia lé des é aeoisi et ee
-12 5794 3180 5973 core plus abſurde; car recevoir une injure,
-13 5943 3191 6143 & mettre encore votre ennemi à même de
-13 6130 3150 6315 vous ôter la vie, c'eſt confondre le bien &
-13 6265 3184 6480 le mal. Il eſt donc ridicule que l'on ne paie
-14 6463 3180 6701 pas du dernier mépris les uns & les autres,
2275 6639 2599 6809 Ca
