4266 7776
1127 704 4012 1055 &eenn ur oigs naauo one es re
1009 1043 4012 1220 tranche pas de la ſociété, comme ennemis
1145 1204 4020 1411 des vertus les plus eſſentielles, qui ſont la
1145 1355 3438 1547 miſéricorde & l'oubli des injures.
1076 1531 4016 1707 Le Capitaine Beeckman ayant bien voulu
1146 1701 4023 1871 à notre priere permettre que M. Archer
1142 1864 4027 2038 vint ſur ſon bord, nous nous arrangeâmes
1149 2024 4031 2202 de notre mieux; lorſqu'il fut tout-à-fait ré-
1142 2186 4020 2359 tabli, & qu'il eût arrangé ſes affaires à ſa
1149 2352 4023 2530 ſatisfaction avec ſon Correſpondant de
1153 2516 4027 2690 Lisbonne, nous prîmes congé de tous nos
1153 2684 4031 2854 amis & de nos connoiſſances; & ayant
1149 2847 4031 3019 levé l'ancre, nous prîmes la route du nord-
1157 3001 4023 3182 eſt. Nous eûmes bientôt perdu l'Iſle de vue,
1156 3174 4038 3345 nous avions un vent favorable qui nous fai-
1153 3336 4034 3507 ſoit eſpérer de voir bientôt la fin de notre
1156 3505 4030 3671 ennuyeux voyage. Le beau tems continua
1156 3663 4038 3999 eeat ne munr ſ'ions almtse dauns la apui
1153 3990 4038 4161 agréable ſaiſon de l'année, nous fîmes le
1002 4148 4031 4323 voyage avec plaiſir. Il n'eſt pas poſſible d'ex-
1156 4317 4042 4490 primer les mouvemens de joie dont mon
1160 4479 4041 4650 cœur fut ſaiſi en rentrant en Europe, d'où
1157 4644 4049 4810 j'avois été ſi long-tems abſent. Tous juſ-
1164 4802 4045 4973 qu'aux moindres de nos Matelots reſſen-
1164 4971 4042 5141 toient la même ſatisfaction; & M. Saris,
1168 5133 4045 5303 quoiqu'accablé d'une mélancolie noire &
1164 5295 4071 5628 oeſſl lo oiuiuveee deſt le cee maime
914 5625 4038 5796 qui a mis dans nos cœurs cet amour pour
958 5787 4045 5957 notre Patrie, qui anime & dirige nos ac-
1168 5941 4045 6123 tions; le doux penchant qui nous fait deſirer
1179 6111 4042 6284 de vivre & de mourir à l'endroit où nous
1179 6279 4067 6452 avons reçu la naiſſance, & où nous avons
