<PcGts xmlns="http://schema.primaresearch.org/PAGE/gts/pagecontent/2017-07-15" xmlns:xsi="http://www.w3.org/2001/XMLSchema-instance" xsi:schemaLocation="http://schema.primaresearch.org/PAGE/gts/pagecontent/2017-07-15 http://schema.primaresearch.org/PAGE/gts/pagecontent/2017-07-15/pagecontent.xsd"><Metadata><Creator>User123</Creator><Created>2020-10-12T18:31:04</Created><LastChange>2020-10-12T18:31:04</LastChange></Metadata><Page imageFilename="0042.png" imageHeight="7902" imageWidth="4266"><TextRegion id="r0" type="paragraph" orientation="-0.125"><Coords points="1,1 4264,1 4264,7900 1,7900"/><TextLine id="r0_l001"><Coords points="1800,3 3522,7 3522,109 1800,105"/><TextEquiv index="1"><Unicode></Unicode></TextEquiv></TextLine><TextLine id="r0_l002"><Coords points="3778,97 4281,98 4281,283 3778,282"/><TextEquiv index="1"><Unicode></Unicode></TextEquiv></TextLine><TextLine id="r0_l003"><Coords points="863,954 863,954 863,909 862,908 684,908 679,902 679,825 678,825 676,825 675,823 675,815 676,814 696,814 697,814 697,815 699,818 937,818 938,818 938,782 939,780 944,780 945,780 945,779 947,776 955,776 957,775 957,774 957,773 982,773 983,773 983,752 984,750 987,750 988,749 989,749 990,750 990,779 990,780 996,780 998,781 998,817 998,818 1150,818 1152,816 1152,815 1153,814 1384,814 1385,814 1385,812 1386,810 1399,810 1400,810 1400,744 1400,743 1401,743 1402,743 1404,741 1404,740 1405,739 1407,739 1408,741 1408,813 1408,813 1557,814 1558,813 1558,781 1559,780 1560,780 1561,779 1561,778 1563,776 1564,776 1565,775 1565,774 1566,773 1590,773 1591,773 1591,774 1592,776 1638,776 1640,777 1640,778 1641,780 1664,780 1667,782 1667,783 1667,784 1672,784 1674,785 1674,786 1675,788 1676,788 1678,790 1678,810 1678,810 1860,810 1862,812 1862,813 1862,813 2273,814 2275,813 2275,812 2276,810 2277,810 2279,812 2279,813 2280,814 2352,814 2354,816 2354,817 2354,817 2431,818 2433,819 2433,820 2433,821 2434,821 2437,823 2437,869 2437,870 2472,870 2474,871 2474,876 2475,878 2476,878 2478,879 2478,887 2476,889 2475,889 2474,890 2474,895 2472,897 2467,897 2467,897 2467,898 2466,899 2465,900 2464,900 2463,901 2422,901 2422,901 2422,906 2420,908 2363,907 2362,908 2290,908 2290,909 2290,926 2288,927 2287,927 2287,928 2287,929 2285,930 2283,930 2282,929 2282,928 2281,927 2280,927 2279,926 2279,913 2278,912 2265,912 2264,911 2264,910 2262,908 1868,907 1867,908 1604,908 1603,906 1603,905 1602,905 1557,905 1557,905 1557,953 1556,954 1543,954 1543,953 1543,905 1542,905 1326,904 1325,906 1325,907 1323,908 998,908 998,908 998,954 997,955"/><TextEquiv index="1"><Unicode>De JosrPn Thompson.</Unicode></TextEquiv></TextLine><TextLine id="r0_l004"><Coords points="3343,979 3342,978 3342,975 3341,974 3342,970 3341,970 2931,969 2926,964 2925,964 2925,963 2925,946 2924,946 2916,946 2915,945 2914,945 2914,944 2914,943 2913,942 2913,852 2912,852 2911,852 2910,850 2910,837 2910,837 2911,837 2914,834 2914,833 2914,833 2915,833 2917,831 2917,827 2919,825 2927,825 2929,823 2929,822 2929,822 2930,822 2931,821 3044,821 3045,820 3045,818 3045,818 3341,819 3342,818 3342,758 3341,758 3328,758 3327,756 3327,755 3326,754 3325,754 3324,754 3323,752 3323,751 3324,750 3328,750 3329,751 3335,751 3336,752 3339,752 3340,753 3342,753 3343,754 3344,754 3345,754 3345,971 3345,972 3348,972 3348,972 3348,974 3349,975 3349,978 3349,979"/><TextEquiv index="1"><Unicode>L</Unicode></TextEquiv></TextLine><TextLine id="r0_l005"><Coords points="-1,1110 -2,1110 -1,913 -1,912 0,912 1,913 1,915 1,915 12,915 14,917 14,918 15,919 16,919 18,921 18,930 18,930 23,930 25,932 25,933 25,933 91,934 93,935 93,936 94,938 95,938 97,939 97,967 97,968 201,968 202,967 202,913 202,913 205,913 206,913 206,967 206,968 268,968 269,967 269,958 270,957 272,957 273,957 273,958 275,961 276,961 277,961 276,986 277,987 532,988 532,987 532,973 534,972 558,972 559,973 559,974 561,976 562,976 562,976 562,977 564,979 565,979 566,980 566,993 567,994 629,994 630,995 630,996 632,998 851,998 851,998 851,979 852,978 852,977 853,976 854,976 855,975 856,969 856,968 857,968 859,967 859,959 860,957 861,957 862,957 863,956 863,955 863,954 997,955 998,955 998,959 998,960 999,960 1002,962 1002,969 1004,972 1005,972 1006,973 1006,981 1008,983 1009,983 1009,983 1009,999 1012,1002 1166,1002 1166,1001 1167,954 1168,953 1176,953 1186,962 1186,969 1186,970 1186,997 1187,998 1253,998 1253,999 1253,1000 1255,1001 1396,1001 1396,1001 1396,1000 1398,998 1461,999 1462,998 1542,998 1542,997 1543,954 1543,954 1557,954 1558,954 1558,959 1558,960 1559,960 1561,961 1560,1001 1561,1002 1703,1002 1704,1001 1704,1000 1706,998 1711,998 1711,998 1711,997 1712,996 1712,995 1713,994 1715,994 1716,995 1716,996 1716,998 1717,998 1904,998 1905,997 2026,998 2026,997 2027,954 2028,953 2044,953 2046,954 2046,966 2047,968 2048,968 2050,969 2049,997 2050,998 2389,999 2390,998 2406,998 2406,997 2407,953 2407,953 2416,953 2417,952 2417,951 2419,949 2420,949 2421,949 2421,950 2422,951 2422,952 2422,953 2427,953 2428,954 2568,954 2569,953 2570,953 2571,952 2572,951 2572,950 2573,949 2578,949 2579,948 2579,947 2581,945 2588,945 2591,947 2590,972 2591,973 2591,993 2592,994 2733,994 2733,994 2733,978 2736,975 2737,975 2737,975 2737,973 2738,972 2739,972 2741,971 2741,962 2741,961 2747,961 2748,961 2748,959 2749,957 2750,957 2752,956 2752,955 2753,953 2758,953 2759,953 2759,952 2761,949 2772,949 2778,955 2777,997 2778,997 2931,998 2931,997 2932,969 2932,969 3018,969 3019,969 3018,974 3019,975 3108,975 3109,977 3109,979 3109,979 3108,979 3107,980 3106,980 3105,981 3105,983 3105,983 3087,983 3086,984 3086,1043 3086,1043 3085,1043 3082,1046 3082,1047 3082,1047 3027,1047 3026,1047 3026,1064 3025,1066 3024,1066 3023,1066 3023,1067 3022,1069 3018,1069 3017,1070 3016,1070 3015,1070 3015,1071 3014,1073 2886,1073 2884,1074 2884,1075 2883,1077 2881,1077 2880,1076 2880,1075 2879,1074 2336,1072 2335,1073 2335,1076 2330,1081 2303,1081 2302,1082 2302,1087 2301,1088 2299,1088 2297,1087 2297,1086 2297,1085 2296,1085 2294,1084 2294,1082 2294,1081 2210,1081 2207,1079 2207,1078 2207,1077 2194,1077 2193,1077 2193,1076 2191,1073 2029,1073 2027,1071 2027,1070 2027,1070 1861,1069 1857,1073 1412,1072 1411,1073 1402,1073 1400,1072 1400,1071 1400,1070 1259,1070 1257,1072 1257,1073 1257,1073 1007,1073 1006,1072 1006,1071 1006,1071 849,1070 848,1071 848,1072 847,1073 771,1073 769,1072 769,1071 769,1070 551,1070 550,1069 549,1069 547,1067 189,1066 187,1064 187,1063 186,1062 45,1061 44,1062 44,1069 43,1070 30,1070 29,1071 29,1099 29,1099 23,1099 22,1100 22,1110 22,1110"/><TextEquiv index="1"><Unicode>commencé à devenir membres de la ſocié-</Unicode></TextEquiv></TextLine><TextLine id="r0_l006"><Coords points="11,1291 10,1290 10,1277 9,1276 -2,1276 -2,1276 -2,1111 -1,1110 437,1111 438,1110 562,1111 564,1113 2343,1116 2344,1115 2354,1115 2355,1116 2875,1118 2876,1119 2876,1120 2878,1122 2879,1122 2880,1123 2880,1151 2881,1152 2999,1152 3000,1153 3000,1165 3002,1167 3014,1167 3015,1168 3015,1169 3017,1171 3018,1171 3019,1172 3019,1192 3020,1193 3085,1193 3086,1195 3086,1208 3085,1208 3084,1208 3083,1209 3082,1211 3082,1212 3081,1212 3080,1212 3079,1213 3079,1214 3079,1215 3077,1216 3011,1216 3011,1216 3011,1241 3010,1242 2925,1242 2925,1242 2925,1288 2924,1289 1557,1286 1557,1286 1557,1288 1556,1289 14,1285 14,1286 14,1291 13,1291"/><TextEquiv index="1"><Unicode>té. L'Habitant glacé de Laplande, le Hot-</Unicode></TextEquiv></TextLine><TextLine id="r0_l007"><Coords points="167,1454 167,1453 166,1452 166,1451 165,1450 165,1449 164,1448 164,1447 163,1446 163,1445 162,1444 162,1443 161,1442 161,1441 160,1440 160,1439 159,1438 159,1437 158,1436 158,1435 157,1434 157,1433 156,1432 156,1431 155,1430 155,1429 154,1428 154,1427 154,1426 154,1425 153,1425 -2,1424 -2,1424 -2,1277 -2,1276 152,1277 153,1276 153,1275 153,1275 2480,1280 2482,1281 2482,1282 2483,1284 2484,1284 2485,1284 2485,1287 2485,1288 2924,1289 2926,1291 2931,1291 2932,1291 2932,1296 2933,1298 2934,1298 2936,1299 2936,1327 2936,1328 3060,1328 3061,1329 3062,1329 3064,1331 3064,1332 3064,1332 3065,1332 3069,1336 3070,1336 3071,1337 3071,1387 3079,1395 3078,1460 3079,1460 3120,1460 3120,1461 3120,1461 348,1455 347,1456"/><TextEquiv index="1"><Unicode>tentot brûlé du Soleil, ſont du même avis;</Unicode></TextEquiv></TextLine><TextLine id="r0_l008"><Coords points="668,1625 667,1624 667,1616 667,1616 -2,1614 -3,1614 -2,1425 -2,1424 13,1424 14,1425 13,1427 14,1427 209,1428 209,1428 209,1444 210,1445 385,1445 386,1447 386,1448 387,1448 2496,1453 2497,1454 2497,1455 2498,1456 2499,1456 2500,1457 2500,1458 2502,1460 3120,1461 3120,1462 3120,1463 3121,1463 3122,1463 3123,1464 3124,1464 3124,1465 3124,1599 3125,1599 3149,1599 3150,1601 3150,1606 3151,1606 3153,1606 3154,1608 3154,1610 3154,1610 3049,1610 3048,1610 3048,1622 3048,1623 3032,1623 3031,1624 691,1619 690,1619 690,1624 690,1625"/><TextEquiv index="1"><Unicode>&amp; lorſqu'ils ſe voient privés de leur pays</Unicode></TextEquiv></TextLine><TextLine id="r0_l009"><Coords points="3067,1819 3067,1818 3066,1817 3065,1817 3064,1816 3064,1794 3063,1793 1392,1789 1392,1789 1392,1788 1391,1787 1390,1787 1389,1786 1389,1775 1388,1774 -3,1771 -3,1771 -3,1615 -2,1614 458,1615 459,1614 916,1615 917,1614 922,1614 923,1616 923,1617 925,1618 3049,1623 3049,1623 3049,1688 3049,1689 3085,1689 3086,1690 3086,1693 3085,1693 3084,1693 3083,1695 3083,1714 3081,1715 3080,1715 3079,1717 3079,1730 3079,1730 3193,1730 3195,1732 3195,1733 3196,1734 3196,1739 3195,1740 3195,1741 3193,1742 3079,1742 3079,1743 3079,1812 3077,1813 3076,1813 3075,1815 3075,1816 3073,1817 3072,1817 3071,1818 3068,1818 3067,1819"/><TextEquiv index="1"><Unicode>natal, ils ſe croient malheureux, languiſ-</Unicode></TextEquiv></TextLine><TextLine id="r0_l010"><Coords points="-3,1977 -4,1977 -3,1772 -3,1771 13,1771 14,1772 14,1774 18,1778 218,1779 225,1786 2400,1791 2403,1788 2403,1787 2403,1787 2427,1787 2433,1792 2433,1796 2434,1798 2435,1798 2436,1798 2436,1799 2437,1800 2437,1834 2438,1836 2510,1836 2512,1837 2512,1838 2512,1839 2517,1839 2519,1840 2519,1841 2520,1843 2521,1843 2523,1844 2523,1849 2524,1851 2525,1851 2527,1852 2527,1876 2527,1877 2559,1877 2560,1877 2560,1878 2560,1879 2562,1881 2563,1881 2564,1881 2564,1882 2566,1885 2567,1885 2568,1885 2567,1889 2568,1890 2568,1901 2567,1903 2559,1903 2557,1904 2557,1905 2556,1907 2514,1907 2506,1915 1923,1914 1922,1914 1922,1939 1921,1941 1920,1941 1919,1942 1918,1942 1918,1943 1917,1945 1909,1945 1907,1946 1907,1947 1907,1948 1397,1946 1396,1947 1396,1955 1396,1955 1385,1955 1384,1956 83,1954 82,1954 82,1969 82,1970 38,1969 37,1970 37,1977 37,1977"/><TextEquiv index="1"><Unicode>ſent, &amp; menent la vie la plus triſte.</Unicode></TextEquiv></TextLine><TextLine id="r0_l011"><Coords points="903,2123 902,2122 898,2122 898,2122 898,2098 898,2097 68,2095 67,2095 67,2073 67,2072 45,2072 44,2072 44,2070 44,2069 43,2069 42,2068 41,2068 40,2068 40,2058 40,2057 24,2057 23,2057 23,2036 24,2035 24,2017 25,2016 79,2017 79,2016 79,1970 80,1970 333,1970 333,1970 333,1947 337,1943 337,1942 338,1941 446,1941 446,1942 446,1943 450,1947 450,1948 451,1948 452,1948 457,1953 2418,1958 2418,1957 2418,1956 2419,1956 2436,1956 2436,1956 2436,1957 2439,1960 2440,1960 2440,1960 2440,1970 2441,1971 2481,1971 2482,1972 2482,1973 2483,1974 2484,1974 2485,1975 2485,1988 2486,1989 2988,1990 2989,1991 2989,2000 2990,2001 3067,2001 3067,2002 3067,2003 3069,2004 3092,2004 3093,2005 3094,2005 3094,2006 3094,2008 3094,2008 3093,2008 3090,2011 3090,2012 3090,2012 3084,2012 3083,2013 3083,2029 3082,2030 3082,2031 3082,2031 3081,2031 3079,2033 3079,2060 3078,2061 3077,2061 3075,2063 3075,2068 3075,2068 3074,2068 3071,2071 3071,2072 3071,2072 3070,2072 3067,2075 3067,2076 3067,2076 3062,2076 3060,2078 3060,2079 3059,2080 2997,2080 2996,2080 2996,2082 2995,2084 1454,2081 1453,2081 1453,2123 1452,2124 1032,2123 1031,2124"/><TextEquiv index="1"><Unicode>Nous vînmes jetter l'ancre dans cette</Unicode></TextEquiv></TextLine><TextLine id="r0_l012"><Coords points="2989,2301 2989,2300 2989,2249 2988,2249 2960,2249 2959,2247 2959,2245 2958,2245 2818,2244 2816,2247 2816,2248 2814,2249 2813,2249 2812,2248 2812,2247 2810,2245 2751,2245 2751,2246 2751,2291 2750,2291 2746,2291 2746,2291 2746,2246 2745,2245 2338,2244 2337,2245 2238,2245 2238,2245 2238,2244 2237,2243 2237,2242 2236,2241 2062,2241 2061,2242 2061,2243 2059,2245 2058,2245 2058,2245 2057,2246 2057,2247 2055,2249 2047,2249 2046,2247 2046,2246 2044,2245 2027,2245 2027,2245 2027,2291 2026,2292 2016,2292 2016,2291 2016,2245 2015,2245 1902,2244 1901,2245 1604,2245 1602,2242 1602,2241 1601,2241 1554,2241 1554,2241 1554,2277 1552,2279 1551,2279 1550,2277 1550,2276 1548,2275 1547,2275 1547,2274 1547,2273 1544,2271 1543,2271 1543,2270 1543,2241 1542,2241 1458,2241 1454,2245 1443,2244 1442,2245 1029,2245 1028,2243 1028,2242 1027,2242 905,2241 905,2242 905,2243 904,2244 904,2245 903,2245 788,2245 788,2245 788,2244 785,2241 517,2240 516,2241 503,2241 502,2240 502,2239 501,2238 444,2238 443,2237 225,2237 224,2235 224,2234 223,2234 154,2234 153,2232 153,2175 152,2175 48,2174 48,2175 48,2184 46,2185 45,2185 44,2187 44,2188 42,2189 33,2189 33,2190 33,2252 32,2252 29,2252 29,2253 29,2263 27,2264 25,2264 25,2265 25,2282 24,2282 13,2282 12,2283 -4,2283 -4,2283 -4,2083 -3,2082 22,2082 22,2083 22,2117 22,2117 38,2117 41,2120 41,2165 41,2165 156,2166 157,2165 157,2163 158,2162 159,2162 160,2161 160,2157 161,2156 161,2155 161,2155 163,2155 164,2154 164,2145 166,2143 167,2143 168,2142 168,2141 169,2140 170,2140 172,2138 172,2133 173,2132 174,2132 175,2131 175,2127 176,2126 176,2125 176,2125 177,2125 178,2124 180,2122 180,2121 180,2121 181,2121 183,2119 183,2118 183,2118 184,2118 187,2115 187,2114 188,2114 189,2114 190,2113 194,2113 194,2112 194,2111 196,2110 208,2110 209,2108 209,2107 211,2106 212,2106 213,2107 213,2108 215,2110 220,2110 221,2111 221,2112 223,2114 224,2114 224,2114 224,2154 224,2155 253,2155 254,2155 254,2156 255,2158 369,2158 372,2155 380,2155 383,2158 438,2158 439,2159 459,2159 462,2162 586,2163 589,2160 589,2148 590,2147 591,2147 592,2146 592,2142 593,2141 593,2140 593,2140 594,2140 596,2138 596,2137 597,2136 598,2136 600,2134 600,2129 600,2129 601,2129 602,2128 604,2126 604,2125 604,2125 609,2125 611,2123 611,2122 612,2121 624,2121 626,2119 626,2118 627,2117 628,2117 630,2118 630,2119 631,2121 632,2121 634,2122 634,2131 634,2132 635,2132 637,2133 637,2161 637,2162 665,2162 668,2164 668,2165 668,2166 775,2166 776,2166 776,2127 777,2125 778,2125 780,2124 780,2119 780,2118 781,2118 782,2117 804,2117 807,2120 807,2121 807,2121 835,2121 836,2122 902,2122 905,2125 906,2125 908,2127 908,2128 908,2128 1023,2129 1024,2128 1024,2124 1024,2124 1032,2124 1033,2125 1038,2125 1039,2125 1039,2130 1040,2132 1041,2132 1043,2133 1043,2165 1043,2166 1109,2166 1111,2167 1111,2168 1112,2170 1233,2170 1234,2170 1234,2169 1236,2166 1244,2166 1245,2167 1359,2167 1360,2166 1440,2166 1441,2166 1441,2124 1441,2123 1451,2124 1452,2124 1452,2126 1454,2129 1455,2129 1456,2129 1456,2134 1457,2136 1458,2136 1460,2137 1460,2142 1460,2143 1461,2143 1464,2145 1464,2149 1469,2155 1470,2155 1471,2155 1471,2165 1471,2166 1477,2166 1479,2167 1479,2168 1480,2170 1597,2170 1599,2168 1599,2167 1600,2166 1665,2166 1667,2164 1667,2155 1667,2155 1668,2155 1670,2153 1670,2141 1671,2140 1672,2140 1673,2139 1674,2138 1674,2137 1675,2136 1680,2136 1682,2135 1682,2130 1682,2129 1687,2129 1689,2128 1689,2127 1690,2125 1691,2125 1692,2125 1693,2124 1693,2123 1694,2121 1699,2121 1700,2121 1700,2120 1702,2117 1713,2117 1716,2120 1716,2121 1716,2121 1841,2121 1843,2120 1843,2119 1844,2117 1852,2117 1855,2120 1855,2121 1855,2121 1856,2121 1858,2123 1858,2124 1859,2125 1864,2125 1866,2127 1866,2166 1866,2166 1944,2167 1945,2166 1946,2166 1949,2168 1949,2169 1949,2170 2048,2170 2049,2169 2049,2159 2050,2158 2050,2152 2051,2151 2052,2151 2053,2150 2053,2145 2054,2144 2055,2144 2057,2142 2057,2130 2058,2129 2059,2129 2060,2128 2061,2129 2071,2129 2072,2129 2072,2154 2072,2155 2097,2155 2099,2156 2099,2169 2099,2170 2142,2170 2143,2171 2143,2172 2145,2174 2146,2174 2147,2175 2147,2176 2149,2178 2263,2178 2264,2178 2264,2175 2264,2174 2265,2174 2267,2173 2267,2166 2268,2165 2268,2164 2268,2163 2269,2162 2270,2162 2271,2162 2271,2157 2272,2155 2273,2155 2275,2154 2275,2142 2276,2140 2277,2140 2279,2139 2279,2134 2280,2132 2281,2132 2283,2131 2283,2126 2283,2125 2288,2125 2290,2124 2290,2123 2291,2121 2292,2121 2294,2123 2294,2124 2295,2125 2296,2125 2298,2127 2298,2139 2299,2140 2303,2140 2305,2142 2305,2158 2305,2158 2306,2158 2309,2161 2309,2165 2309,2165 2492,2166 2493,2165 2493,2156 2494,2155 2495,2155 2496,2154 2496,2153 2497,2152 2497,2148 2498,2147 2499,2147 2500,2146 2500,2145 2501,2144 2503,2144 2504,2143 2504,2133 2504,2133 2505,2133 2508,2130 2508,2129 2508,2129 2509,2129 2512,2126 2512,2125 2512,2125 2513,2125 2515,2123 2515,2122 2516,2121 2518,2121 2519,2120 2519,2118 2521,2117 2522,2117 2523,2118 2523,2124 2523,2125 2525,2125 2527,2126 2527,2128 2527,2129 2548,2129 2549,2129 2549,2164 2550,2166 2551,2166 2553,2167 2553,2169 2553,2170 2630,2170 2632,2172 2632,2173 2632,2173 2747,2173 2748,2173 2748,2172 2749,2170 2755,2170 2756,2170 2756,2123 2757,2121 2765,2121 2767,2123 2767,2124 2768,2125 2769,2125 2771,2127 2771,2128 2771,2128 2772,2128 2775,2131 2775,2169 2776,2170 2777,2170 2778,2171 2778,2173 2778,2173 2949,2174 2951,2172 2951,2171 2952,2170 2968,2170 2970,2171 2970,2176 2970,2177 2971,2177 2974,2179 2974,2187 2975,2189 2976,2189 2977,2189 2977,2190 2978,2191 2978,2214 2978,2215 3058,2215 3060,2217 3060,2218 3061,2219 3070,2219 3071,2220 3071,2221 3072,2222 3092,2222 3094,2224 3094,2226 3093,2226 3092,2226 3091,2227 3090,2227 3090,2228 3090,2229 3088,2230 3083,2230 3083,2231 3083,2232 3082,2232 3080,2234 3079,2234 3079,2235 3079,2259 3077,2260 3076,2260 3075,2262 3075,2263 3073,2264 3072,2264 3071,2266 3071,2267 3069,2268 3068,2268 3068,2269 3068,2270 3066,2271 3065,2271 3064,2273 3064,2274 3062,2275 3057,2275 3056,2277 3056,2278 3054,2279 3046,2279 3045,2280 3045,2281 3043,2283 3042,2282 3041,2282 3041,2281 3041,2249 3040,2249 3004,2249 3004,2249 3004,2300 3003,2301"/><TextEquiv index="1"><Unicode>fameuſe Riviere où eſt ſituée Amſterdam,</Unicode></TextEquiv></TextLine><TextLine id="r0_l013"><Coords points="-4,2449 -5,2449 -4,2284 -4,2283 12,2283 13,2282 27,2282 29,2284 29,2293 29,2293 152,2294 153,2293 153,2291 154,2290 155,2290 157,2288 157,2279 157,2279 158,2279 159,2278 161,2276 161,2275 161,2275 181,2275 183,2276 183,2277 184,2279 185,2279 187,2280 187,2292 188,2294 189,2294 191,2295 191,2323 191,2324 429,2324 431,2326 431,2327 432,2328 497,2328 499,2330 628,2331 631,2328 632,2328 633,2327 663,2327 664,2326 664,2290 664,2290 801,2290 802,2290 802,2289 804,2286 808,2290 902,2290 904,2292 904,2293 905,2294 955,2294 957,2296 957,2297 957,2297 958,2297 961,2300 961,2331 961,2331 977,2331 979,2333 979,2334 979,2334 980,2335 981,2335 983,2337 983,2338 983,2338 1113,2339 1114,2338 1114,2336 1115,2335 1166,2335 1167,2334 1167,2302 1168,2301 1173,2301 1174,2300 1174,2299 1175,2298 1177,2298 1179,2299 1179,2300 1179,2301 1180,2301 1182,2302 1182,2338 1182,2339 1308,2339 1310,2338 1310,2337 1311,2335 1417,2335 1418,2335 1418,2334 1420,2331 1423,2334 1930,2336 1931,2335 2004,2335 2005,2334 2005,2317 2006,2316 2007,2316 2008,2315 2008,2310 2009,2309 2010,2309 2012,2307 2012,2295 2013,2294 2014,2294 2016,2292 2026,2292 2027,2292 2027,2338 2027,2339 2169,2339 2170,2339 2170,2295 2170,2294 2171,2294 2175,2290 2179,2290 2181,2292 2181,2293 2182,2294 2187,2294 2189,2296 2189,2297 2190,2298 2191,2298 2192,2299 2192,2300 2193,2301 2193,2335 2193,2335 2357,2335 2358,2335 2358,2333 2360,2330 2367,2331 2369,2329 2369,2328 2369,2328 2372,2328 2373,2328 2373,2334 2373,2335 2435,2335 2436,2335 2436,2336 2438,2339 2577,2339 2579,2337 2579,2333 2584,2328 2585,2328 2586,2327 2695,2327 2696,2327 2696,2303 2697,2301 2698,2301 2699,2301 2699,2300 2700,2298 2701,2298 2702,2298 2703,2297 2703,2296 2704,2294 2742,2294 2745,2291 2767,2291 2768,2290 2817,2290 2818,2289 2874,2290 2876,2288 2876,2287 2877,2286 2885,2286 2888,2288 2888,2289 2888,2290 2889,2290 2891,2291 2891,2300 2891,2301 3005,2301 3007,2302 3007,2340 3009,2343 3010,2343 3011,2343 3010,2360 3011,2361 3073,2361 3074,2362 3075,2362 3075,2363 3075,2364 3076,2364 3077,2365 3078,2365 3079,2367 3079,2383 3078,2384 3077,2384 3075,2386 3075,2387 3074,2388 3020,2388 3019,2388 3019,2412 3018,2414 2818,2413 2817,2414 2792,2414 2782,2424 2782,2425 2782,2425 2781,2425 2778,2428 2778,2429 2778,2429 2776,2429 2774,2428 2774,2415 2774,2414 2589,2414 2587,2415 2587,2416 2586,2418 2585,2418 2583,2416 2583,2415 2582,2414 2260,2413 2259,2414 2149,2414 2148,2414 2148,2413 2146,2410 2018,2410 2016,2411 2016,2412 2015,2414 1896,2413 1895,2414 1496,2414 1494,2412 1494,2411 1494,2411 1308,2410 1306,2412 1306,2413 1305,2414 1104,2414 1103,2414 1103,2446 1102,2448 1083,2448 1081,2446 1081,2415 1081,2415 955,2414 953,2413 953,2412 952,2410 722,2410 720,2408 720,2407 720,2407 597,2407 596,2407 596,2446 595,2448 576,2448 574,2446 574,2445 573,2444 573,2407 573,2407 524,2406 521,2409 521,2410 521,2410 519,2410 517,2409 517,2408 517,2407 516,2407 515,2406 447,2406 446,2406 446,2405 445,2403 159,2403 157,2401 157,2393 156,2392 83,2392 82,2392 82,2412 81,2414 23,2413 22,2414 22,2435 20,2437 19,2437 18,2438 18,2449 18,2449"/><TextEquiv index="1"><Unicode>le marché le plus renommé de tout l'Uni-</Unicode></TextEquiv></TextLine><TextLine id="r0_l014"><Coords points="14,2628 14,2628 14,2622 13,2621 12,2621 10,2619 10,2613 9,2612 -5,2612 -5,2612 -5,2450 -4,2449 18,2449 18,2450 18,2463 19,2463 55,2463 55,2464 55,2466 56,2467 56,2469 57,2469 107,2470 108,2471 108,2503 109,2504 160,2504 160,2503 160,2502 163,2500 164,2500 164,2499 164,2494 166,2493 171,2493 171,2492 171,2491 174,2489 262,2489 262,2488 262,2474 263,2474 265,2474 266,2472 266,2471 268,2470 291,2470 292,2471 292,2488 293,2489 303,2489 303,2490 303,2493 304,2493 426,2493 431,2499 431,2500 432,2500 433,2500 435,2503 435,2545 436,2545 474,2545 475,2546 476,2546 476,2547 476,2548 479,2550 480,2550 480,2551 480,2556 481,2556 607,2557 607,2556 607,2453 609,2452 610,2452 611,2451 639,2451 640,2452 641,2452 641,2452 641,2453 643,2455 644,2455 645,2456 645,2499 646,2500 704,2500 705,2501 705,2502 707,2504 712,2504 712,2504 712,2505 713,2506 837,2506 839,2504 840,2504 840,2504 840,2503 843,2500 855,2500 855,2500 855,2499 857,2497 859,2497 859,2498 859,2499 861,2500 865,2500 867,2503 867,2504 868,2504 995,2505 996,2504 1072,2504 1073,2505 1073,2506 1075,2508 1200,2508 1201,2506 1201,2505 1203,2504 1305,2504 1306,2503 1306,2502 1307,2501 1308,2501 1309,2500 1482,2501 1482,2500 1482,2461 1489,2455 1492,2455 1500,2463 1501,2463 1501,2463 1501,2503 1502,2504 1689,2504 1689,2504 1689,2498 1690,2497 1692,2497 1693,2496 1693,2494 1694,2493 1791,2493 1791,2493 1791,2472 1793,2470 1794,2470 1794,2470 1794,2465 1796,2463 1809,2463 1809,2464 1809,2480 1812,2482 1813,2482 1813,2483 1813,2504 1814,2504 1872,2504 1875,2507 2026,2508 2027,2506 2027,2505 2029,2504 2166,2504 2166,2504 2166,2502 2167,2501 2168,2501 2170,2499 2170,2498 2171,2497 2173,2497 2174,2496 2175,2497 2177,2497 2177,2498 2177,2499 2179,2500 2374,2501 2375,2500 2379,2500 2380,2501 2380,2502 2382,2504 2443,2504 2444,2505 2444,2506 2446,2508 2451,2508 2451,2508 2451,2509 2454,2512 2582,2512 2583,2510 2583,2505 2585,2504 2773,2504 2775,2506 2898,2507 2901,2504 3059,2504 3060,2506 3060,2507 3062,2508 3067,2508 3067,2509 3067,2510 3068,2510 3070,2512 3071,2512 3071,2513 3071,2514 3074,2516 3075,2516 3075,2517 3075,2560 3076,2560 3077,2560 3085,2568 3086,2568 3086,2569 3086,2579 3085,2579 3084,2579 3083,2580 3075,2580 3075,2581 3075,2582 3073,2583 2982,2583 2981,2581 2981,2580 2980,2580 2979,2580 2978,2579 2774,2578 2773,2579 2761,2579 2760,2581 2760,2582 2758,2583 2749,2583 2748,2582 2748,2580 2747,2579 2628,2579 2628,2580 2628,2609 2627,2609 2626,2609 2624,2612 2624,2616 2622,2617 2595,2617 2594,2616 2594,2584 2593,2583 2580,2583 2579,2581 2579,2580 2577,2579 2572,2579 2572,2578 2572,2576 2571,2576 2448,2576 2448,2576 2448,2577 2446,2579 2442,2579 2440,2581 2440,2582 2439,2583 2388,2583 2388,2582 2388,2581 2386,2580 2280,2579 2280,2580 2280,2628 2279,2628 2274,2628 2274,2628 2274,2580 2273,2579 2250,2579 2249,2581 2249,2582 2247,2583 2072,2583 2072,2583 2072,2596 2066,2602 2065,2602 2065,2602 2065,2607 2063,2609 2059,2609 2055,2613 2036,2613 2034,2615 2034,2616 2033,2617 2028,2617 2027,2615 2027,2614 2025,2613 2013,2613 2012,2611 2012,2610 2011,2610 2010,2609 2009,2609 2008,2607 2008,2579 2007,2579 1876,2578 1875,2579 1794,2579 1793,2580 1729,2580 1729,2581 1729,2625 1728,2625 1721,2625 1721,2625 1721,2581 1720,2580 1701,2580 1700,2582 1700,2583 1699,2583 1697,2583 1697,2583 1697,2582 1695,2580 1656,2580 1655,2579 1464,2579 1464,2578 1464,2577 1463,2577 1415,2576 1415,2577 1415,2624 1414,2624 1412,2624 1411,2625 1404,2625 1404,2625 1404,2577 1403,2576 1321,2576 1321,2577 1321,2579 1320,2579 1319,2579 1318,2580 1278,2580 1278,2581 1278,2625 1277,2625 1270,2625 1270,2625 1270,2581 1269,2580 1212,2580 1212,2580 1212,2608 1211,2609 1202,2609 1201,2610 1201,2611 1199,2613 1187,2613 1186,2611 1186,2570 1186,2570 1070,2570 1069,2570 1069,2574 1067,2576 1062,2576 1062,2576 1062,2577 1060,2579 1055,2579 1053,2577 863,2576 863,2577 863,2578 861,2579 859,2579 859,2579 859,2577 858,2576 842,2576 840,2574 840,2573 840,2572 711,2572 706,2576 705,2576 705,2576 705,2621 704,2622 690,2622 690,2621 690,2576 689,2576 604,2576 604,2576 604,2577 602,2579 593,2579 592,2577 592,2574 591,2574 469,2573 466,2576 465,2575 465,2573 465,2572 297,2572 296,2572 296,2574 295,2575 209,2575 209,2575 209,2578 208,2579 184,2579 183,2577 183,2549 183,2549 45,2548 44,2549 44,2602 43,2602 22,2602 22,2603 22,2623 19,2625 18,2625 18,2626 18,2627 16,2628"/><TextEquiv index="1"><Unicode>vers. Je crus pendant long-tems que ma</Unicode></TextEquiv></TextLine><TextLine id="r0_l015"><Coords points="2260,2795 2260,2795 2260,2789 2259,2788 1002,2786 1002,2786 1002,2792 1001,2793 990,2793 990,2792 990,2786 989,2786 -5,2783 -5,2783 -5,2613 -5,2612 551,2614 552,2613 557,2613 558,2613 558,2614 560,2617 572,2617 574,2618 574,2619 575,2621 576,2621 577,2622 704,2622 705,2623 1906,2626 1908,2624 2194,2624 2196,2626 2196,2627 2197,2628 2284,2628 2286,2630 2286,2631 2286,2631 2675,2632 2677,2634 2677,2635 2677,2635 2678,2635 2681,2638 2681,2639 2681,2639 2682,2639 2684,2641 2684,2642 2685,2643 2685,2666 2685,2666 2747,2666 2748,2667 2748,2668 2748,2668 3050,2669 3053,2672 3053,2673 3053,2673 3069,2673 3072,2676 3072,2677 3072,2677 3073,2677 3075,2679 3075,2684 3075,2684 3076,2684 3079,2687 3079,2736 3077,2737 3076,2737 3076,2738 3075,2739 3075,2740 3073,2741 3072,2741 3072,2742 3071,2743 3071,2744 3069,2745 3068,2745 3068,2746 3068,2747 3066,2748 2910,2748 2910,2748 2910,2780 2908,2782 2500,2781 2499,2782 2275,2781 2275,2782 2275,2784 2275,2784 3130,2786 3132,2788 3131,2789 3131,2795 3130,2795 2275,2793 2275,2794 2275,2795 2274,2795"/><TextEquiv index="1"><Unicode>curioſité ne ſeroit jamais ſatisfaite, &amp; que</Unicode></TextEquiv></TextLine><TextLine id="r0_l016"><Coords points="-5,2968 -6,2968 -5,2784 -5,2783 190,2784 191,2785 1534,2788 1536,2786 1537,2786 1539,2787 1539,2788 1539,2789 1540,2789 1543,2791 1543,2792 1543,2793 1548,2793 1549,2794 2923,2797 2925,2795 2925,2794 2926,2793 2934,2793 2936,2795 3131,2795 3132,2796 3132,2797 3132,2797 3149,2797 3150,2798 3150,2800 3148,2801 3147,2801 3147,2802 3147,2803 3144,2805 3139,2805 3138,2806 3138,2808 3138,2808 3137,2808 3136,2809 2937,2809 2936,2809 2936,2837 2937,2838 3070,2838 3071,2840 3071,2841 3073,2842 3074,2842 3075,2844 3075,2845 3077,2846 3078,2846 3079,2848 3079,2890 3081,2891 3082,2891 3082,2892 3082,2893 3083,2894 3083,2897 3081,2899 3080,2899 3079,2900 3079,2905 3078,2906 3077,2906 3075,2908 3075,2909 3074,2910 3073,2910 3071,2912 3071,2913 3070,2914 3069,2914 3068,2915 3068,2916 3067,2917 3047,2917 3045,2918 3045,2919 3044,2921 2512,2920 2511,2921 1799,2919 1798,2920 1798,2947 1798,2947 1796,2947 1795,2948 1762,2948 1760,2950 1760,2951 1760,2951 1205,2950 1204,2951 1199,2951 1197,2952 1197,2953 1196,2955 45,2952 44,2953 44,2954 43,2955 26,2955 25,2956 25,2958 24,2959 23,2959 22,2960 22,2961 20,2963 19,2963 18,2964 18,2968 18,2968"/><TextEquiv index="1"><Unicode>je ne finirois pas de parcourir toutes les</Unicode></TextEquiv></TextLine><TextLine id="r0_l017"><Coords points="2132,3131 2132,3130 2132,3125 2131,3125 1532,3124 1532,3123 1532,3122 1529,3120 1513,3120 1513,3119 1513,3116 1512,3116 -6,3112 -6,3112 -6,2969 -5,2968 596,2970 596,2969 596,2956 598,2955 1854,2957 1856,2955 2092,2956 2093,2955 2102,2955 2102,2955 2102,2956 2105,2959 2128,2959 2130,2961 2488,2962 2489,2963 2489,2972 2490,2973 2491,2973 2493,2975 2493,3002 2494,3003 2996,3004 2996,3004 2996,3005 3004,3013 3004,3017 3006,3019 3007,3019 3007,3019 3007,3020 3008,3021 3008,3029 3009,3030 3067,3030 3068,3032 3068,3033 3070,3034 3078,3034 3079,3036 3079,3048 3077,3049 3076,3049 3075,3051 3075,3055 3069,3060 3011,3060 3011,3060 3011,3077 3011,3078 3291,3079 3293,3080 3293,3088 3294,3090 3295,3090 3296,3090 3296,3091 3297,3092 3297,3096 3296,3097 3295,3097 3294,3098 2723,3096 2723,3097 2723,3131 2722,3131 2144,3130 2143,3131"/><TextEquiv index="1"><Unicode>merveilles de cette grande Capitale, non-</Unicode></TextEquiv></TextLine><TextLine id="r0_l018"><Coords points="1472,3295 1471,3294 1472,3253 1471,3253 60,3249 60,3250 59,3277 58,3278 20,3278 18,3280 18,3286 18,3286 -6,3286 -7,3286 -6,3113 -6,3112 13,3112 14,3113 20,3113 22,3115 226,3116 228,3117 228,3118 229,3120 391,3120 394,3123 1902,3126 1903,3126 1903,3125 1904,3124 2018,3124 2020,3125 2020,3126 2020,3127 2021,3127 2023,3128 2023,3129 2023,3130 2724,3131 2726,3133 2726,3164 2726,3164 3088,3165 3090,3167 3090,3172 3088,3173 3007,3173 3007,3173 3007,3174 3009,3177 3010,3177 3011,3177 3011,3186 3011,3187 3012,3187 3015,3189 3015,3198 3015,3199 3077,3199 3079,3201 3079,3202 3080,3203 3081,3203 3083,3205 3083,3224 3081,3225 3076,3225 3075,3227 3075,3228 3073,3229 3019,3229 3019,3229 3019,3246 3017,3248 3016,3248 3015,3249 3015,3250 3014,3251 3013,3251 3012,3252 2773,3251 2772,3252 2388,3252 2388,3252 2388,3257 2386,3259 2385,3259 2385,3259 2384,3260 2384,3261 2382,3263 2377,3263 2376,3263 2376,3265 2375,3267 2370,3267 2369,3267 2369,3268 2368,3270 2364,3270 2362,3271 2362,3272 2361,3273 1483,3272 1482,3272 1482,3294 1482,3295"/><TextEquiv index="1"><Unicode>ſeulement des Provinces-Unies, mais en-</Unicode></TextEquiv></TextLine><TextLine id="r0_l019"><Coords points="3054,3464 3053,3464 3053,3418 3053,3417 3050,3417 3049,3417 3049,3418 3047,3421 3033,3421 3032,3420 3031,3420 3030,3419 3030,3418 3029,3417 2793,3416 2792,3417 2309,3416 2308,3417 1858,3416 1857,3417 1743,3417 1742,3418 1742,3428 1742,3428 1733,3428 1731,3430 1731,3433 1730,3434 1730,3435 1729,3436 1728,3436 1727,3437 1727,3438 1725,3440 1724,3440 1723,3441 1723,3446 1722,3447 1721,3447 1719,3449 1719,3450 1718,3451 1717,3451 1716,3452 1716,3456 1715,3457 1715,3458 1715,3458 1691,3458 1689,3457 1689,3414 1689,3413 1502,3413 1501,3413 1501,3449 1500,3451 1496,3451 1494,3449 1494,3413 1494,3413 1481,3413 1479,3414 1479,3415 1478,3417 1415,3416 1414,3417 1053,3417 1050,3414 876,3413 874,3415 874,3416 873,3417 856,3417 855,3418 855,3443 855,3443 854,3443 852,3445 852,3449 850,3451 839,3451 836,3449 836,3448 836,3447 835,3447 833,3446 833,3414 833,3413 586,3413 585,3413 585,3449 584,3451 583,3451 581,3452 581,3453 581,3454 571,3454 570,3453 570,3452 569,3451 565,3451 562,3448 562,3447 562,3447 561,3447 555,3441 555,3437 546,3428 545,3428 544,3427 544,3426 542,3424 541,3424 540,3423 540,3418 539,3417 538,3417 536,3415 536,3410 536,3410 372,3409 371,3410 371,3435 371,3435 370,3435 369,3436 365,3436 363,3435 363,3410 363,3409 282,3409 281,3410 165,3410 164,3410 164,3412 164,3413 23,3412 22,3413 22,3441 21,3442 21,3443 21,3443 20,3443 18,3445 18,3452 18,3452 -6,3452 -7,3452 -7,3287 -6,3286 18,3286 18,3287 18,3288 22,3292 22,3308 23,3308 47,3308 48,3310 48,3333 49,3333 190,3334 190,3333 190,3332 193,3330 198,3330 198,3329 198,3328 200,3327 220,3327 221,3328 221,3329 222,3330 236,3330 236,3329 236,3304 237,3304 238,3304 242,3300 243,3301 243,3329 244,3330 532,3331 532,3330 532,3321 540,3313 540,3301 541,3301 542,3301 544,3298 544,3297 545,3297 546,3297 548,3294 548,3293 549,3293 550,3293 551,3291 551,3290 553,3289 554,3289 555,3287 555,3282 556,3282 561,3282 562,3280 562,3279 564,3278 573,3278 574,3279 574,3280 576,3282 581,3282 581,3282 581,3303 582,3304 705,3304 705,3304 705,3306 707,3308 708,3308 709,3309 709,3337 710,3338 761,3338 761,3339 761,3340 764,3342 937,3342 938,3341 938,3340 940,3338 1036,3339 1037,3338 1087,3338 1088,3336 1088,3332 1092,3328 1092,3327 1093,3327 1193,3327 1193,3326 1193,3302 1194,3301 1194,3300 1195,3300 1200,3300 1201,3298 1201,3297 1202,3297 1212,3297 1212,3297 1212,3302 1214,3304 1215,3304 1216,3306 1216,3338 1217,3338 1422,3338 1422,3338 1422,3299 1425,3296 1426,3296 1426,3296 1426,3291 1428,3289 1436,3289 1440,3293 1441,3293 1442,3294 1483,3295 1485,3297 1486,3297 1486,3297 1486,3337 1487,3338 1685,3338 1685,3338 1685,3292 1686,3291 1686,3290 1687,3289 1699,3289 1701,3292 1701,3293 1702,3293 1880,3293 1880,3293 1880,3292 1881,3291 1881,3290 1882,3289 1884,3289 1885,3291 1885,3337 1886,3337 2060,3338 2061,3336 2061,3331 2062,3331 2063,3331 2064,3330 2074,3330 2075,3331 2076,3331 2076,3331 2076,3333 2077,3334 2116,3334 2118,3336 2118,3337 2119,3338 2285,3338 2287,3336 2287,3335 2288,3334 2399,3335 2399,3334 2399,3297 2400,3297 2405,3297 2407,3294 2407,3293 2408,3293 2413,3293 2414,3294 2414,3295 2415,3296 2416,3296 2418,3298 2418,3337 2419,3338 2598,3338 2598,3338 2598,3302 2600,3300 2601,3300 2601,3300 2602,3299 2602,3298 2603,3297 2604,3297 2606,3295 2606,3294 2607,3293 2729,3293 2730,3295 2730,3296 2732,3297 2733,3297 2733,3298 2733,3307 2735,3308 2737,3308 2737,3309 2737,3322 2738,3322 2955,3323 2955,3322 2955,3297 2956,3297 2957,3297 2958,3295 2959,3294 2959,3293 2960,3293 2977,3293 2977,3293 2977,3294 2978,3295 2980,3297 2981,3297 2981,3297 2981,3337 2982,3338 3044,3338 3045,3339 3045,3340 3047,3342 3052,3342 3052,3343 3052,3344 3054,3345 3058,3345 3059,3346 3060,3346 3060,3347 3060,3348 3066,3353 3067,3353 3067,3354 3067,3355 3068,3356 3068,3464 3068,3464"/><TextEquiv index="1"><Unicode>core (on peut le dire) de tout le Monde</Unicode></TextEquiv></TextLine><TextLine id="r0_l020"><Coords points="757,3632 757,3631 756,3631 755,3631 754,3629 754,3628 753,3628 752,3628 750,3625 750,3624 749,3624 646,3624 646,3623 646,3620 645,3620 -7,3618 -7,3618 -7,3453 -6,3452 18,3452 18,3453 18,3454 19,3454 20,3454 22,3457 22,3459 23,3459 1573,3463 1574,3462 1575,3462 1579,3458 1587,3458 1587,3458 1587,3459 1588,3460 1590,3462 1591,3462 1591,3462 1591,3463 1594,3466 1595,3466 1595,3466 1595,3467 1597,3469 1598,3469 1599,3470 1599,3500 1599,3501 2966,3504 2967,3503 3044,3503 3045,3502 3045,3470 3047,3469 3048,3469 3049,3467 3049,3466 3050,3466 3051,3466 3053,3464 3068,3464 3070,3466 3071,3466 3071,3467 3071,3509 3073,3511 3074,3511 3075,3512 3075,3567 3075,3567 3077,3567 3079,3569 3079,3581 3077,3582 2936,3582 2936,3582 2936,3614 2934,3616 2447,3615 2446,3616 2445,3616 2445,3616 2444,3617 2444,3618 2442,3620 2412,3620 2405,3613 1148,3610 1148,3610 1148,3628 1147,3629 765,3628 765,3629 765,3630 763,3631 762,3631 762,3632 762,3633 759,3635"/><TextEquiv index="1"><Unicode>commerçant. Mes deux compagnons qui</Unicode></TextEquiv></TextLine><TextLine id="r0_l021"><Coords points="3042,3798 3040,3796 3039,3796 3038,3795 3038,3774 3038,3774 3036,3774 3034,3772 3034,3771 3033,3770 3028,3770 3026,3768 3026,3751 3026,3751 2972,3751 2970,3749 2970,3748 2970,3748 2524,3747 2523,3747 2523,3794 2523,3795 2520,3795 2519,3794 2519,3777 2519,3777 2509,3777 2508,3776 2508,3775 2507,3774 2503,3774 2500,3771 2500,3767 2499,3766 2498,3766 2497,3765 2497,3748 2497,3748 2167,3747 2166,3748 2166,3781 2166,3781 2141,3781 2140,3781 2140,3749 2140,3748 1765,3747 1764,3748 1764,3758 1763,3759 1762,3759 1761,3760 1761,3764 1760,3765 1760,3766 1760,3766 1759,3766 1757,3768 1757,3769 1756,3770 1755,3770 1753,3772 1753,3773 1753,3773 1752,3773 1749,3776 1749,3777 1749,3777 1748,3777 1745,3780 1745,3781 1745,3781 1740,3781 1738,3780 1738,3779 1738,3778 1737,3778 1734,3776 1734,3748 1734,3747 1423,3746 1422,3747 1341,3747 1340,3748 1340,3790 1340,3790 1303,3790 1302,3791 1277,3791 1276,3791 1276,3748 1276,3747 1142,3747 1141,3746 1141,3745 1141,3745 906,3744 904,3746 904,3747 904,3747 849,3747 848,3748 848,3758 847,3759 846,3759 844,3761 844,3762 843,3763 827,3763 825,3765 825,3769 824,3770 823,3770 822,3771 822,3772 820,3774 819,3774 818,3775 818,3776 817,3777 813,3777 810,3780 810,3781 810,3781 804,3781 803,3781 803,3745 803,3744 572,3744 570,3742 570,3741 570,3741 19,3739 18,3740 18,3746 14,3750 14,3786 14,3786 -7,3786 -8,3786 -7,3619 -7,3618 17,3618 18,3619 18,3623 18,3623 19,3623 22,3626 22,3664 22,3664 250,3665 251,3664 251,3620 251,3620 252,3620 255,3617 255,3616 255,3616 271,3616 274,3619 349,3619 350,3620 516,3620 517,3621 517,3622 518,3623 648,3624 649,3625 824,3625 825,3626 825,3665 825,3665 832,3665 833,3666 833,3668 833,3668 1132,3669 1133,3668 1133,3632 1134,3631 1135,3631 1137,3629 1147,3629 1148,3629 1148,3632 1150,3635 1151,3635 1152,3635 1152,3671 1152,3672 1472,3673 1473,3672 1582,3672 1584,3670 1584,3669 1584,3669 1587,3669 1588,3669 1588,3671 1588,3672 1941,3673 1942,3672 2218,3672 2219,3672 2219,3636 2219,3635 2220,3635 2223,3633 2223,3632 2223,3631 2232,3631 2234,3633 2234,3634 2235,3635 2236,3635 2237,3636 2237,3637 2238,3638 2238,3668 2238,3668 2586,3669 2587,3669 2587,3670 2588,3672 2969,3673 2970,3672 2970,3632 2971,3631 2983,3631 2985,3632 2985,3633 2985,3634 2986,3634 2989,3636 2989,3679 2989,3680 3006,3680 3007,3680 3007,3681 3008,3682 3008,3712 3008,3713 3061,3713 3064,3716 3064,3717 3064,3717 3065,3717 3068,3720 3068,3721 3068,3721 3069,3721 3072,3724 3073,3724 3075,3727 3075,3739 3074,3740 3073,3740 3071,3742 3071,3751 3071,3751 3070,3751 3068,3753 3068,3757 3066,3759 3065,3759 3064,3760 3064,3761 3062,3763 3061,3763 3060,3764 3060,3765 3059,3766 3055,3766 3052,3769 3052,3770 3052,3770 3046,3770 3045,3770 3045,3797 3045,3798"/><TextEquiv index="1"><Unicode>n'étoient jamais venus, non plus que moi,</Unicode></TextEquiv></TextLine><TextLine id="r0_l022"><Coords points="3037,3960 3037,3959 3037,3958 3036,3958 3035,3958 3034,3956 3034,3905 3034,3905 3012,3905 3011,3905 3011,3907 3010,3909 3009,3909 3008,3909 3008,3910 3006,3913 2804,3912 2803,3913 2799,3913 2797,3915 2797,3916 2797,3916 2772,3916 2771,3916 2771,3915 2770,3913 2354,3912 2353,3913 2352,3913 2350,3912 2350,3911 2349,3909 2190,3909 2189,3910 2189,3911 2187,3913 2036,3913 2035,3913 2035,3944 2033,3947 2017,3947 2016,3947 2016,3948 2015,3950 2014,3950 2012,3948 2012,3947 2011,3946 2006,3946 2005,3945 2005,3916 2005,3916 1916,3916 1915,3915 1915,3914 1915,3914 1694,3913 1693,3914 1693,3915 1692,3916 1691,3916 1690,3917 1689,3917 1688,3916 1687,3916 1686,3916 1685,3915 1685,3914 1685,3913 1422,3912 1421,3913 1353,3913 1351,3912 1351,3911 1350,3909 1277,3909 1276,3910 1276,3956 1275,3956 1269,3956 1269,3956 1269,3910 1269,3909 1101,3909 1100,3909 1100,3910 1100,3911 1098,3913 1097,3913 1096,3913 1096,3918 1095,3920 1090,3920 1088,3921 1088,3922 1087,3924 1086,3924 1085,3924 1085,3925 1083,3928 1068,3928 1066,3926 1066,3925 1065,3924 1064,3924 1062,3922 1062,3910 1062,3910 902,3909 901,3910 901,3918 900,3919 900,3920 900,3920 899,3920 897,3922 897,3926 895,3928 894,3928 893,3929 893,3938 892,3939 891,3939 889,3941 889,3942 888,3943 723,3943 722,3942 721,3942 720,3941 720,3940 719,3939 718,3939 717,3938 717,3937 716,3936 716,3928 716,3928 715,3928 713,3926 713,3905 713,3905 541,3905 540,3904 540,3903 539,3902 361,3901 360,3902 360,3947 360,3947 345,3947 344,3947 344,3902 344,3901 343,3901 342,3902 341,3902 340,3901 188,3901 187,3900 187,3899 186,3898 182,3898 179,3895 179,3894 179,3894 178,3894 175,3891 175,3887 174,3886 173,3886 172,3885 172,3880 171,3879 170,3879 168,3877 168,3868 168,3868 14,3867 13,3868 13,3917 14,3918 14,3923 13,3924 1,3924 1,3925 1,3946 1,3946 -7,3946 -8,3946 -8,3787 -7,3786 14,3786 14,3787 14,3799 16,3800 17,3800 18,3802 18,3853 19,3853 168,3854 169,3853 170,3853 172,3850 172,3846 174,3845 175,3845 175,3844 175,3843 178,3841 179,3841 179,3840 179,3839 182,3837 183,3837 183,3836 183,3835 189,3830 206,3830 206,3829 206,3785 207,3785 208,3785 210,3783 210,3782 210,3781 211,3781 231,3781 232,3782 232,3783 234,3785 239,3785 239,3785 239,3825 240,3826 556,3827 557,3826 561,3826 563,3828 563,3829 564,3830 637,3830 637,3830 637,3831 640,3834 981,3834 982,3833 986,3833 987,3835 987,3836 988,3837 992,3837 993,3838 994,3838 994,3838 994,3839 995,3840 996,3841 997,3841 998,3842 998,3870 999,3871 1190,3871 1190,3870 1190,3845 1191,3845 1192,3845 1200,3837 1238,3837 1238,3837 1238,3836 1240,3834 1276,3834 1276,3834 1276,3792 1277,3791 1336,3791 1337,3790 1340,3790 1340,3791 1340,3792 1341,3792 1342,3792 1343,3793 1344,3793 1344,3794 1344,3837 1345,3837 1447,3838 1448,3837 1554,3837 1554,3836 1554,3831 1556,3830 1557,3830 1558,3828 1558,3816 1560,3815 1561,3815 1561,3814 1561,3809 1564,3807 1565,3807 1565,3806 1565,3805 1568,3803 1569,3803 1569,3802 1569,3801 1571,3800 1572,3800 1572,3799 1573,3798 1573,3797 1575,3796 1576,3796 1576,3795 1576,3794 1579,3792 1583,3792 1586,3789 1606,3789 1606,3789 1606,3790 1607,3791 1607,3799 1608,3800 1629,3800 1629,3800 1629,3836 1630,3837 1905,3838 1909,3834 1918,3834 1918,3834 1918,3835 1921,3838 1922,3838 1922,3838 1922,3839 1924,3841 2102,3841 2102,3840 2102,3839 2105,3837 2371,3838 2372,3837 2497,3837 2497,3836 2497,3808 2499,3807 2500,3807 2500,3806 2500,3801 2502,3800 2511,3800 2511,3799 2511,3798 2514,3796 2518,3796 2519,3795 2524,3795 2529,3800 2530,3800 2530,3800 2530,3836 2531,3837 2604,3837 2606,3840 2606,3841 2607,3841 2778,3841 2778,3841 2778,3840 2781,3837 2827,3838 2827,3837 2827,3801 2829,3800 2837,3800 2838,3798 2838,3797 2840,3796 2841,3796 2843,3798 2843,3799 2844,3800 2853,3800 2853,3800 2853,3836 2854,3837 3024,3837 3025,3838 3026,3838 3026,3838 3026,3839 3027,3840 3028,3841 3029,3841 3030,3842 3030,3848 3031,3849 3041,3849 3041,3848 3041,3798 3042,3798 3045,3798 3047,3800 3048,3800 3049,3802 3049,3803 3048,3803 3048,3852 3049,3854 3049,3867 3050,3867 3080,3867 3081,3868 3082,3868 3083,3870 3083,3897 3084,3897 3107,3897 3108,3898 3109,3898 3109,3899 3109,3901 3109,3901 3108,3901 3106,3903 3105,3904 3105,3905 3105,3905 3050,3905 3049,3906 3049,3960 3048,3960"/><TextEquiv index="1"><Unicode>dans ce pays, n'en furent pas moins char-</Unicode></TextEquiv></TextLine><TextLine id="r0_l023"><Coords points="1558,4128 1558,4127 1558,4097 1557,4097 -8,4093 -8,4093 -8,3947 -7,3946 342,3947 343,3946 344,3946 345,3947 3307,3954 3308,3954 3308,3956 3308,3957 3309,3957 3310,3958 3311,3958 3312,3958 3312,3960 3310,3962 3269,3961 3269,3962 3271,3964 3271,3965 3271,3965 3273,3965 3274,3966 3274,3968 3272,3969 3079,3969 3079,3970 3079,4081 3077,4082 3068,4082 3068,4083 3068,4084 3066,4085 2121,4083 2121,4083 2121,4114 2120,4115 1568,4114 1568,4114 1568,4127 1567,4128"/><TextEquiv index="1"><Unicode>més, &amp; s'inſtruiſirent avec plaiſir des Loix</Unicode></TextEquiv></TextLine><TextLine id="r0_l024"><Coords points="2277,4288 2275,4287 2271,4283 2271,4282 2271,4281 2270,4281 2268,4280 2268,4279 2267,4278 2267,4252 2267,4251 2007,4251 2005,4249 2005,4245 2005,4245 1874,4244 1873,4245 1873,4246 1872,4247 1871,4247 1870,4248 1870,4249 1868,4251 1774,4251 1772,4250 1772,4246 1772,4245 1641,4245 1639,4247 1635,4247 1631,4251 1623,4251 1622,4251 1622,4252 1621,4254 1619,4254 1618,4253 1618,4252 1617,4251 1526,4251 1525,4250 1393,4249 1391,4251 1263,4251 1261,4250 1261,4249 1260,4247 1094,4247 1092,4248 1092,4249 1091,4251 1090,4251 1088,4249 1088,4248 1087,4247 1038,4247 1035,4244 786,4243 784,4242 784,4241 784,4240 783,4240 782,4239 770,4239 769,4239 769,4238 768,4236 764,4236 761,4234 761,4233 761,4232 598,4232 596,4233 596,4234 595,4236 535,4236 534,4235 533,4235 532,4234 532,4229 532,4229 512,4228 509,4225 452,4225 451,4224 444,4224 442,4223 442,4222 442,4221 308,4221 307,4222 307,4231 306,4232 305,4232 304,4233 303,4234 303,4235 302,4236 226,4236 224,4237 224,4238 224,4239 207,4239 206,4238 206,4237 205,4236 201,4236 200,4235 199,4235 198,4234 198,4233 197,4232 189,4232 187,4230 187,4229 186,4228 177,4228 176,4227 176,4226 175,4225 175,4221 175,4221 174,4221 172,4219 172,4218 171,4217 170,4217 168,4215 169,4172 168,4172 60,4171 60,4172 59,4254 59,4254 58,4254 55,4257 55,4258 55,4258 1,4258 1,4259 1,4277 1,4277 -4,4277 -5,4276 -8,4276 -9,4276 -8,4094 -8,4093 0,4093 1,4094 1,4163 1,4163 178,4164 179,4163 179,4136 183,4132 183,4124 184,4123 185,4123 187,4121 187,4116 188,4115 193,4115 194,4114 194,4113 195,4112 223,4112 224,4112 224,4113 225,4115 229,4115 237,4123 238,4123 239,4123 239,4148 239,4149 301,4149 303,4151 303,4152 304,4153 305,4153 307,4155 307,4157 307,4157 440,4157 442,4156 442,4155 443,4153 464,4153 465,4153 465,4106 466,4104 478,4104 480,4106 480,4107 481,4108 482,4108 483,4109 483,4110 484,4111 484,4152 484,4152 546,4153 547,4153 547,4154 549,4157 722,4157 724,4155 724,4146 724,4146 725,4146 728,4143 728,4139 743,4124 743,4123 743,4123 748,4123 750,4121 750,4120 751,4119 756,4119 758,4118 758,4117 759,4115 764,4115 765,4115 765,4114 766,4112 794,4112 795,4113 795,4114 796,4115 815,4115 825,4125 825,4140 827,4142 828,4142 829,4143 829,4160 829,4160 890,4160 893,4163 1027,4164 1028,4163 1028,4162 1032,4158 1032,4157 1032,4157 1038,4157 1039,4157 1039,4158 1041,4161 1042,4161 1043,4161 1043,4163 1043,4164 1113,4164 1114,4164 1114,4165 1115,4166 1115,4167 1115,4168 1319,4168 1321,4167 1321,4166 1322,4164 1323,4164 1325,4166 1325,4167 1326,4168 1334,4168 1336,4170 1336,4171 1337,4172 1395,4172 1396,4173 1396,4174 1397,4175 1529,4176 1531,4174 1531,4173 1532,4172 1553,4172 1554,4171 1554,4131 1554,4131 1555,4131 1558,4128 1568,4128 1569,4128 1569,4132 1570,4134 1571,4134 1573,4135 1573,4171 1573,4172 1639,4172 1640,4172 1640,4173 1640,4174 1771,4174 1772,4174 1772,4173 1772,4172 1785,4172 1787,4171 1787,4170 1788,4168 1796,4168 1798,4170 1798,4171 1799,4172 1875,4172 1877,4174 1877,4175 1877,4175 1878,4175 1881,4178 1880,4179 1881,4180 1881,4182 1886,4186 2004,4187 2004,4186 2005,4123 2005,4123 2048,4123 2049,4122 2049,4121 2051,4119 2052,4119 2053,4119 2053,4120 2054,4121 2054,4122 2054,4123 2070,4123 2076,4128 2076,4129 2076,4130 2081,4130 2084,4132 2084,4133 2084,4134 2085,4134 2087,4135 2087,4139 2095,4147 2095,4167 2095,4168 2145,4168 2149,4172 2357,4172 2358,4172 2358,4127 2358,4126 2371,4127 2373,4128 2373,4140 2374,4142 2375,4142 2376,4142 2376,4167 2376,4168 2562,4168 2564,4166 2564,4154 2565,4153 2566,4153 2568,4151 2568,4150 2569,4149 2570,4149 2572,4147 2572,4139 2573,4138 2574,4138 2575,4137 2575,4136 2577,4134 2581,4134 2583,4132 2583,4131 2583,4131 2584,4131 2585,4130 2607,4130 2609,4132 2609,4133 2610,4134 2611,4134 2613,4136 2613,4172 2613,4172 2784,4172 2786,4171 2786,4170 2787,4168 2792,4168 2793,4169 2793,4170 2795,4172 2799,4172 2801,4174 2801,4175 2801,4175 2802,4175 2805,4178 2805,4179 2805,4179 2806,4179 2808,4182 2808,4185 2811,4187 2812,4187 2813,4188 2944,4189 2944,4188 2944,4184 2946,4182 2947,4139 2948,4138 2949,4138 2951,4136 2951,4135 2952,4134 2953,4134 2955,4132 2955,4131 2955,4131 2956,4131 2959,4128 2959,4127 2959,4127 2960,4127 2963,4124 2963,4123 2963,4123 2987,4123 2989,4124 2989,4125 2990,4127 2991,4127 2992,4127 2992,4128 2994,4131 2995,4131 2996,4131 2996,4136 2997,4138 2998,4138 3000,4139 3000,4159 3000,4160 3077,4160 3079,4162 3078,4237 3079,4238 3079,4242 3078,4243 3077,4243 3075,4245 3075,4246 3074,4247 3073,4247 3071,4249 3071,4250 3070,4251 2983,4251 2981,4252 2981,4253 2981,4254 2979,4254 2977,4252 2977,4251 2977,4251 2961,4251 2959,4249 2959,4248 2958,4247 2953,4247 2951,4245 2951,4244 2950,4243 2949,4243 2947,4241 2947,4240 2946,4239 2945,4239 2944,4238 2944,4233 2944,4233 2813,4232 2812,4233 2812,4235 2811,4236 2810,4236 2808,4238 2808,4243 2808,4243 2807,4243 2801,4249 2801,4250 2801,4250 2800,4250 2799,4251 2757,4251 2756,4252 2756,4284 2756,4284 2755,4284 2754,4285 2720,4285 2718,4287 2718,4288 2718,4288 2690,4288 2688,4287 2688,4286 2688,4285 2684,4285 2683,4284 2682,4284 2681,4284 2681,4283 2680,4281 2679,4281 2678,4280 2677,4280 2677,4279 2676,4277 2675,4277 2673,4276 2673,4271 2673,4270 2672,4270 2669,4268 2669,4252 2669,4251 2302,4250 2301,4251 2301,4284 2301,4284 2300,4284 2299,4285 2280,4285 2279,4286 2279,4287 2278,4288"/><TextEquiv index="1"><Unicode>&amp; des Coutumes de ce Peuple ſage &amp;</Unicode></TextEquiv></TextLine><TextLine id="r0_l025"><Coords points="-9,4473 -9,4473 -9,4277 -8,4276 482,4277 486,4273 494,4273 495,4275 495,4321 496,4321 693,4322 694,4323 694,4324 696,4326 750,4326 750,4326 750,4328 751,4329 827,4329 828,4330 829,4330 829,4331 829,4332 830,4332 831,4333 832,4333 833,4335 833,4371 834,4371 862,4371 863,4373 863,4374 864,4374 865,4374 867,4377 867,4378 868,4378 869,4378 871,4381 871,4382 872,4382 873,4382 874,4384 874,4385 874,4385 873,4386 872,4386 870,4388 870,4400 869,4401 865,4401 859,4407 859,4408 858,4408 108,4407 108,4407 108,4437 107,4438 106,4438 104,4440 104,4441 103,4442 59,4441 59,4442 59,4449 57,4450 48,4450 48,4451 48,4472 47,4472 1,4472 0,4473"/><TextEquiv index="1"><Unicode>nombreux.</Unicode></TextEquiv></TextLine><TextLine id="r0_l026"><Coords points="1136,5474 1135,5473 1135,5465 1134,5464 1134,5455 1133,5454 1133,5446 1132,5445 1132,5436 1131,5435 1131,5427 1130,5426 1130,5417 1129,5416 1129,5408 1128,5407 1128,5399 1127,5398 1127,5389 1126,5388 1126,5380 1125,5379 1125,5370 1124,5369 1124,5361 1123,5360 1123,5351 1122,5350 1122,5342 1121,5341 1121,5332 1120,5331 1120,5323 1119,5322 1119,5313 1118,5312 1118,5304 1117,5303 1117,5294 1116,5293 1116,5285 1115,5284 1115,5276 1115,5276 1018,5276 1017,5275 1017,5274 1018,5274 1117,5274 1117,5274 1117,5282 1118,5283 1118,5291 1119,5292 1119,5301 1120,5302 1120,5310 1121,5311 1121,5320 1122,5321 1122,5329 1123,5331 1822,5332 1824,5334 1824,5335 1824,5335 1984,5336 1986,5337 1986,5338 1987,5340 1988,5340 1990,5341 1990,5342 1991,5344 1992,5344 1993,5344 1993,5345 1994,5347 2002,5347 2005,5349 2005,5350 2005,5351 2010,5351 2012,5352 2012,5353 2012,5354 2013,5355 2014,5355 2016,5356 2016,5357 2017,5359 2022,5359 2023,5359 2023,5360 2024,5362 2025,5362 2027,5363 2027,5365 2027,5366 2247,5366 2249,5368 2249,5377 2248,5377 1990,5377 1990,5377 1990,5379 1988,5381 1987,5381 1986,5382 1986,5387 1984,5389 1979,5389 1978,5390 1978,5391 1977,5392 1976,5392 1975,5393 1971,5393 1971,5393 1971,5394 1969,5396 1964,5396 1964,5396 1964,5397 1963,5398 1963,5399 1962,5400 1937,5400 1937,5400 1937,5409 1934,5412 1933,5412 1933,5412 1933,5417 1931,5419 1926,5419 1926,5419 1926,5420 1923,5423 1922,5423 1922,5423 1922,5424 1920,5426 1911,5426 1911,5426 1911,5451 1909,5453 1896,5452 1896,5453 1896,5470 1895,5470 1663,5470 1663,5470 1663,5473 1661,5475 1660,5475 1658,5477 1138,5476 1138,5476"/><TextEquiv index="1"><Unicode></Unicode></TextEquiv></TextLine><TextLine id="r0_l027"><Coords points="1836,5647 1835,5647 1835,5645 1835,5644 1642,5644 1641,5643 1589,5643 1588,5642 1585,5642 1584,5641 1584,5638 1584,5638 1367,5637 1366,5637 1366,5600 1366,5599 1349,5599 1347,5598 1347,5589 1347,5588 1346,5588 1344,5587 1344,5575 1343,5574 1344,5547 1343,5546 1343,5495 1342,5494 1337,5494 1336,5493 1336,5473 1336,5472 1337,5472 1340,5470 1340,5468 1340,5467 1358,5467 1359,5468 1359,5469 1359,5469 1895,5470 1896,5471 1896,5496 1893,5498 1892,5498 1892,5499 1892,5523 1890,5524 1885,5524 1885,5525 1884,5576 1883,5577 1882,5577 1881,5578 1881,5586 1877,5590 1877,5602 1876,5603 1875,5603 1873,5605 1873,5606 1873,5606 1872,5606 1870,5608 1870,5612 1869,5613 1869,5614 1869,5614 1868,5614 1866,5616 1866,5617 1865,5618 1852,5618 1851,5619 1851,5647 1851,5647"/><TextEquiv index="1"><Unicode>ſ</Unicode></TextEquiv></TextLine><TextLine id="r0_l028"><Coords points="1776,5717 1775,5717 1775,5713 1775,5712 1540,5712 1438,5711 1437,5712 1437,5714 1437,5714 1428,5714 1427,5715 1379,5715 1378,5716 1372,5716 1371,5716 1371,5652 1370,5651 1370,5650 1369,5648 1368,5648 1366,5647 1366,5638 1367,5637 1385,5637 1385,5638 1385,5640 1386,5640 1387,5640 1388,5641 1588,5642 1589,5643 1641,5643 1642,5644 1651,5644 1651,5644 1651,5645 1653,5647 1851,5647 1851,5648 1851,5658 1850,5659 1849,5659 1847,5661 1847,5666 1847,5666 1846,5666 1843,5669 1843,5670 1843,5670 1842,5670 1839,5673 1839,5685 1839,5685 1838,5685 1836,5687 1836,5691 1835,5692 1835,5693 1835,5693 1834,5693 1832,5695 1832,5696 1832,5696 1831,5696 1830,5697 1795,5697 1794,5698 1794,5717 1794,5717"/><TextEquiv index="1"><Unicode>T</Unicode></TextEquiv></TextLine><TextLine id="r0_l029"><Coords points="1614,5819 1614,5806 1613,5806 1612,5806 1611,5804 1610,5803 1610,5802 1609,5802 1518,5802 1514,5798 1513,5798 1513,5797 1513,5792 1511,5791 1507,5791 1506,5790 1505,5790 1505,5789 1505,5784 1504,5783 1477,5783 1475,5781 1475,5780 1474,5779 1465,5779 1464,5778 1464,5773 1463,5772 1455,5772 1452,5769 1452,5768 1452,5768 1451,5768 1441,5758 1441,5754 1440,5752 1435,5752 1434,5752 1434,5748 1432,5745 1431,5745 1430,5745 1430,5744 1428,5741 1427,5741 1426,5741 1426,5736 1425,5734 1424,5734 1423,5734 1423,5733 1422,5732 1422,5728 1422,5727 1421,5727 1419,5726 1419,5721 1419,5720 1418,5720 1417,5719 1371,5719 1370,5719 1370,5717 1371,5716 1417,5716 1418,5715 1427,5715 1428,5714 1437,5714 1437,5715 1437,5718 1438,5718 1775,5719 1777,5717 1794,5717 1796,5719 1797,5719 1798,5721 1798,5733 1793,5738 1792,5738 1791,5739 1791,5748 1790,5749 1789,5749 1787,5751 1787,5756 1787,5756 1786,5756 1783,5759 1783,5760 1783,5760 1782,5760 1779,5763 1779,5764 1779,5764 1778,5764 1775,5767 1775,5768 1775,5768 1774,5768 1771,5771 1771,5772 1771,5772 1766,5772 1764,5774 1764,5775 1764,5775 1763,5775 1762,5776 1754,5776 1753,5777 1753,5778 1747,5783 1719,5783 1719,5784 1719,5794 1718,5794 1713,5794 1712,5796 1712,5797 1710,5798 1709,5798 1707,5800 1629,5800 1629,5800 1629,5804 1628,5805 1627,5805 1625,5807 1625,5815 1623,5817 1619,5817 1618,5818 1618,5819 1617,5820 1616,5820 1615,5821"/><TextEquiv index="1"><Unicode>e</Unicode></TextEquiv></TextLine><TextLine id="r0_l030"><Coords points="1537,5870 1535,5867 1535,5866 1534,5866 1518,5866 1516,5863 1516,5862 1515,5862 1514,5862 1510,5858 1472,5858 1471,5856 1471,5855 1470,5855 1463,5855 1462,5854 1461,5854 1456,5848 1456,5841 1458,5839 1459,5839 1460,5838 1460,5833 1461,5832 1462,5832 1464,5830 1464,5825 1465,5824 1470,5824 1471,5823 1471,5822 1472,5821 1473,5821 1474,5820 1526,5820 1527,5819 1527,5802 1527,5802 1695,5802 1696,5802 1696,5801 1696,5800 1707,5800 1708,5801 1708,5809 1708,5809 1762,5809 1764,5811 1764,5812 1765,5813 1774,5813 1775,5814 1775,5815 1776,5816 1776,5820 1777,5821 1778,5821 1779,5822 1779,5835 1777,5836 1776,5836 1776,5837 1776,5838 1774,5839 1738,5839 1738,5840 1738,5854 1737,5854 1728,5854 1727,5856 1727,5857 1725,5858 1724,5858 1723,5860 1723,5861 1721,5862 1634,5862 1629,5867 1629,5868 1628,5869 1627,5869 1626,5870"/><TextEquiv index="1"><Unicode></Unicode></TextEquiv></TextLine></TextRegion></Page></PcGts>