4266 7902
754 803 3229 986 De Joseph ThoMson.
10 927 3188 1190 d'un an de terminer ſes affaires, & de re-
9 1151 1670 1346 venir en Angleterre.
408 1314 3226 1491 J'allai voir pluſieurs fameux Jouailliers
10 1486 3214 1667 pour leur montrer mon gros diamant, dont
9 1655 3199 1854 j'étois alors réſolu de me défaire, afin d'en
10 1828 3372 2004 envoyer le montant en Angleterre; mais
10 1993 3214 2175 ſoit par ignorance, ſoit par friponnerie,
9 2159 3208 2340 ils l'eſtimoient à un prix ſi bas, que je me
10 2327 3214 2499 déterminai à ne point le vendre du tout
10 2497 3210 2675 en Hollande. Cependant étant allé un jour
10 2662 3192 2842 dans un Caffé vis-à-vis le Stadthouſe, pour
10 2823 3210 3006 en parler à M. Levi, célebre Banquier Juif,
10 2996 3203 3173 il fut ſurpris de ſa beauté, & me propo-
10 3165 3214 3336 ſa un acheteur. En effet, il en fit parler au
10 3319 3233 3513 Prince de Darmſtadt, dont l'Agent me paya
9 3499 3218 3687 comptant 22o0o livres ſterlings, ce qui étoit
10 3665 3225 3837 beaucoup plus que je n'avois compté le
10 3830 3199 4009 vendre. Je me crus ſi redevable à la fidé-
9 3977 3240 4172 lité de M. Levi, que je le preſſai d'accep-
10 4168 3225 4340 ter un preſent de 200 florins, outre ſon
10 4330 3226 4505 droit de commiſſion. Je me trouvois alors
9 4491 3233 4714 beaucoup plus riche que je n'aurois jamais
9 4664 3244 4842 eſpéré. Je mis tous mes fonds en lettres de
9 4833 3233 5060 change, payables à Londres, que j'envoyai
10 5002 3237 5196 par le Paquebot à M. Diaper, & je ne me
9 5167 3240 5343 réſervai qu'une ſomme d'environ 5o0 liv.
9 5336 3252 5510 ſterl. pour me conduire chez moi, & pour
9 5497 3210 5704 mes beſoins. Je fis alors le tour des Pro-
10 5670 3237 5845 vinces-Unies; je viſitai les Places les plus
9 5835 3274 6013 conſidérables de la République, & enfin
10 6001 3244 6187 je me rendis à Roterdam dans l'eſpoir de
10 6174 3241 6363 trouver quelque vaiſſeau pour paſſer en
10 6343 3207 6517 Angleterre. En effet, je trouvai le Salisbu-
10 6512 3248 6711 ry prêt à partir; & m'étant arrangé avec
