4266 7767
493 673 3108 846 DE JoMpson.
105 817 3115 1019 trois autres Paſſagers, & mené au Capuai-
94 1014 3111 1181 ne qui ſe nommoit la Serre. Le vaiſſeau
105 1175 3107 1342 étoit apellé le Terrible, & apartenoit au
102 1333 3115 1504 Havre de Grace. Cet Officier nous recut
116 1472 3118 1678 avec beaucoup de politeſſe, nous rendit
87 1667 3126 1837 nos épées, nous fit dîner avec lui, & dé-
87 1830 3118 2002 fendit à ſes gens de fouiller aucun des Pri-
94 1989 3100 2167 ſonniers. Il trouva que ſa priſe étoit fort
120 2161 3118 2319 bonne: en effet, nous étions chargés d'une
105 2323 3119 2492 cargaiſon aſſez riche; ce fut peut-être là le
76 2484 3126 2655 motif qui nous attira de ſi bons traitemens.
76 2646 3118 2822 Ma perte monta à peu de choſe. M. de la
91 2810 3126 2988 Serre me traita avec beaucoup de diſtinc-
101 2979 3126 3153 tion, & me parut charmé de ma conver-
65 3140 3338 3319 ſation. Je me trouvai ainſi dans l'état de
79 3305 3335 3482 Priſonnier; mais je n'en fus pas beaucoup
142 3470 3122 3643 allarmé, parce qu'il y avoit, à ce qu'on
263 3635 3122 3801 m'avoit dit, un cartel arrêté entre les deux
58 3796 3108 3971 Nations pour l'échange des Priſonniers de
303 3958 3118 4128 part & d'autre. Je fus même charmé d'a-
47 4123 3115 4292 voir occaſion de voir la France, comme
72 4285 2426 4493 je l'avois deſiré depuis long-tems.
1418 5502 2059 5591 V
