4266 7902
1298 731 3860 930 LvvEtesaveetures
1058 915 4251 1092 la connoiſſance qu'il avoit de la généroſité
1039 1088 4251 1258 de ſes compatriotes, & quelques diſcours
1306 1257 4251 1434 qu'il m'avoit entendu tenir, lui faiſoient
1306 1422 4221 1598 eſpérer que je voudrois bien lui rendre ſer-
1295 1591 4217 1764 vice. Monſieur, me dit il, j'ai eu le mal-
1302 1757 4247 1934 heur d'être volé entre Calais & Amiens
1298 1926 4251 2101 par deux ſoldats lrlandois, qui m'ont pris
1298 2095 4213 2272 tout ce que j'avois ſur moi; & je ne ſçau-
1295 2264 4247 2435 rois me promettre de recevoir d'argent de
1295 2429 4251 2603 quelques ſemaines. Il ne me reſte plus que
1287 2598 4206 2775 vingt ſols, & je ne ſuis en état de payer
1291 2763 4217 2937 ni ma place ni à l'auberge; mais ſi vous
1291 2932 4239 3090 avez aſſez de confiance en moi pour me
1283 3101 4191 3273 prêter quelques écus, vous pouvez comp-
1283 3267 4236 3443 ter que je vous les rendrai fidelement.. Je
1190 3436 4224 3613 le pris par la main, & lui dis, qu'il me
1283 3601 4198 3779 faiſoit plaiſir de s'adreſſer à moi. Alors ou-
1287 3770 4217 3946 vrant ma bourſe, j'en tirai pluſieurs louis
1287 3935 4221 4104 d'or que je lui mis dans la main. Il reſta
1284 4105 4192 4271 quelque tems ſans parler; enſuite me ſer-
1276 4273 4228 4449 rant dans ſes bras, & ne trouvant point de
1253 4435 4176 4614 termes pour m'exprimer ſa reconnoiſſance,
1276 4604 4224 4783 il s'écria enfin! plaiſe à Dieu, Monſieur,
1272 4774 4187 4952 que je puiſſe mériter votre amitié, car je
1272 4934 4221 5110 ſens déjà que je ſerai malheureux, ſi je ne puis
1276 5103 4251 5276 gagner votre eſtime. Peut-être qu'un jour
1268 5272 4251 5453 vous ne ſerez pas fâché d'être connu de Shar-
1257 5441 4221 5621 pley. Sharpley, répondis-je, en changeant de
1265 5606 4176 5788 ton & de viſage, cela eſt-il poſſible! Dites-
1257 5775 4213 5941 moi Monſieur, dequelle Province êtes-vous?
1265 5941 4176 6125 Si vous êtes d'Yorl, comme le cœur ſem-
994 6110 4206 6286 ble me le dire, je m'eſtimerois bien heu-
1257 6281 4168 6448 reux. C'eſt mon pays, reprit-il avec pré-
1257 6447 4198 6650 cipitation. Mais, Monſieur, connoîtriez-
11 7275 192 7672 L
