4266 7902
2418 23 3175 245 e
690 684 2566 905 DE JosEpi Thomson.
33 905 3353 1116 vous mon nom & ma famille? Non ſeule-
25 1103 3368 1285 ment je les connois, Monſieur, mais je les
25 1269 3105 1442 aime autant que moi-même, & je m'en
44 1438 3106 1612 veux très-fort de n'avoir pas reconnu plu-
25 1599 3109 1780 tôt mon cher ami. Venez dans mes bras,
40 1753 3105 1953 & partagez tout ce qui m'appartient; notre
40 1943 3101 2119 ancienne amitié vous y donne droit. Eſt-
44 2110 3095 2292 il poſſible que vous ne vous rapelliez point
33 2278 3105 2447 'hompſon. Thompſon, s'écria-t-il! quoi...
10 2440 3101 2639 Oui, mon cher Joſeph.... oui, c'eſt lui-
10 2612 3106 2786 même. Ceci m'explique ces mouvemens
10 2779 3116 2962 que j'ai ſentis pour lui. Nous nous embraſ-
10 2926 3105 3128 ſâines, & je ne crois pas qu'on ait jamais
10 3116 3098 3296 vu tant de témoignages d'amitié & de ten-
10 3278 3102 3457 dreſſe entre deux amis. Nous ne nous laſ-
10 3445 3101 3632 ſions point de cauſer enſemble; & cette
10 3613 3101 3789 rencontre imprévue dans un pays étranger
10 3762 3094 3960 & dans de pareilles circonſtances, nous
10 3946 3094 4116 cauſa tant de plaiſir & de ſatisfaction, que
10 4109 3098 4281 je n'ai point de termes pour les rendre.
10 4266 3102 4447 Sharpley avoit quelque choſe de plus con-
10 4438 3090 4628 forme à ma façon de penſer qu'Archer;
10 4581 3094 4800 il avoit l'ame plus généreuſe & plus fran-
10 4781 3098 4958 che. Sa vie avoit été traverſée comme la
10 4946 3086 5124 mienne; & il régnoit dans ſon caractere
10 5096 3086 5302 & dans toutes ſes actions une certaine fran-
10 5280 3094 5469 chiſe & une grandeur naturelle qui ne peut
10 5452 3086 5640 manquer d'attirer l'eſtime & l'amitié. Nous
33 5618 3094 5804 répandîmes des larmes de part & d'autre;
10 5787 3109 5972 nous avions tout-à-fait oublié que nous al-
10 5955 3252 6147 lions à Paris, lorſque le cocher vint inter-
10 6123 3342 6313 rompre nos tranſports, en nous avertiſſant
10 6291 3349 6490 qu'il falloit partir. Le reſte du voyage fut
10 6460 3383 6669 très-gracieux pour nous. Nous arrivâmes
2196 6639 2539 6780 D
