4266 7902
1112 691 3617 883 La Vieetlesaventures
1137 885 4100 1062 neveu, & quelques autres Gentilshommes
1133 1047 4044 1241 François, eurent la complaiſance de nous
1133 1220 4059 1395 mener à tous les Spectacles de Paris, à
1133 1363 4055 1563 l'Opéra & aux deux Comédies; & par le
1137 1554 4112 1729 moyen du Marquis d'Houdancour, ſon
1141 1723 4070 1899 ami intime, nous eumes l'honneur d'être
1141 1892 4063 2062 preſentés à Sa Majeſté Très Chrétienne,
1107 2053 4063 2232 de la voir danſer au Bal, & d'aſſiſter plu-
1137 2219 4100 2400 ſieurs fois à ſon dîner avec la Famille Roya-
1133 2391 4067 2569 le. Nous vîmes Fontainebleau, Marly &
1133 2557 4063 2738 tous les Châteaux des environs les plus
1133 2726 4063 2903 remarquables. Nous allâmes auſſi une ou
1141 2891 4063 3072 deux fois par partie de plaiſir à S. Denis,
1137 3056 4089 3229 & nous ne pûmes nous empêcher d'admi-
1137 3221 4134 3407 rer par tout cette douceur & cette politeſſe
1141 3387 4134 3572 qui rend les habitans de ce pays ſi aima-
1137 3559 4067 3742 bles pour les étrangers. Il nous reſtoit en-
1141 3736 4078 3907 core une choſe à examiner: nous ne vou-
1144 3893 4145 4075 lions pas quitter la France ſans cela; je
1141 4063 4085 4243 veux dire, le magnifique Palais de Verſail-
1137 4228 4138 4415 les, & les jardins qui méritent l'admira-
1144 4393 4138 4577 tion de tout le monde. Piuſieurs de nos
1137 4559 4130 4738 nouveaux amis nous ayant propoſé de nous
1141 4720 4145 5082 eeniss nou io s s nenines aass e
1148 5077 2357 5246 ſéjour charmant.
1177 5223 4161 5415 Nous employâmes trois ou quatre jours
1148 5396 4089 5582 à viſiter d'un bout à l'autre cette magnifi-
1148 5561 4161 5738 que maiſon, & nous y trouvâmes tant de
1145 5733 4112 5920 merveilles, que nous ne pûmes quitter ce
1148 5899 4093 6083 Palais enchanté qu'avec regret. Rien au
1152 6061 4093 6250 monde ne peut égaler les beautés qu'on y
1156 6223 4101 6422 aperçoit de toutes parts, & qui en même
1092 6399 4230 6591 tems charment les yeux & les cœurs. Les
3354 6562 4237 6731 apartemens
