4266 7744
700 711 3115 898 De JosEph ThomPson.
10 890 3028 1062 apartemens ſuperbes, décorés de tout ce
25 1051 3236 1226 l'art & la nature ont pu produire de plus
24 1219 3126 1393 beau, & les jardins immenſes diverſifiés
25 1380 3031 1552 par mille boſquets, & ornés de ſtatues,
32 1540 3228 1717 ſemblent la retraite favorite de toutes les
32 1691 3038 1879 Divinités champêtres. Flore y a diſtribué
32 1869 3035 2044 ſes graces les plus exquiſes; les Driades
39 2034 3155 2204 jouent dans tous les détours & les recoins
196 2191 3155 2371 du monument éternel de la gloire de Louis
46 2355 3038 2531 , qui, au milieu de l'embarras des
43 2523 3057 2688 guerres, a trouvé le vrai moyen de méri-
46 2687 3177 2841 ter le nom de Grand, en protégeant tous
46 2848 3159 3016 ceux qui ont ſçu ſe diſtinguer dans les ſcien-
50 3013 3049 3182 ces & dans les arts, & en ſuivant l'exem-
112 3170 3042 3346 ple d'Auguſte, qui chériſſoit les Artiſtes,
57 3338 3049 3509 bien sûr que par leur moyen il vivroit à ja-
211 3498 3272 3673 mais. C'eſt ici, plutôt que par ſes con-
203 3662 3046 3829 quêtes, qu'il a jetté les fondemens d'un
203 3816 3049 3991 Empire univerſel; & ſi quelque choſe con-
106 3981 3053 4153 tribue tôt ou tard à donner un pareil titre
79 4148 3060 4318 à ce pays, ce ſera à coup sûr en encoura-
79 4309 3057 4486 geant les ſciences & les arts libéraux, &
142 4470 3053 4636 en attirant ainſi à la France le reſpect, l'eſ-
87 4627 3049 4805 time & la vénération de toutes les autres
87 4788 3057 4972 Nations, qui commencent déjà à ſe con-
138 4960 3060 5130 duire en général par les mêmes maximes,
97 5124 3057 5297 qui en parlent la langue, & qui cherchent
127 5285 3057 5458 à acquérir la politeſſe & l'urbanité qui lui
123 5448 3053 5615 ſont naturelles. En un mot, elle tient le
130 5610 3060 5781 premier rang dans la Littérature, & donne
101 5771 3064 5954 à ſes uſages & à ſes loix une douceur ſi
105 5935 3060 6100 attrayante, que tout le monde lui rend
105 6107 978 6270 hommage.
112 6258 3060 6448 Nous étions prêts à partir de ce Palais
112 6428 1139 6615 IV. Partie.
