4266 7795
574 795 2964 995 DE JosEPI ThOmso
10 965 2953 1159 nous rendîmes le même ſoir à Paris dans
10 1149 2946 1325 un autre caroſſe, & nous y trouvâmes M.
10 1308 3248 1490 Sharpley qui ne faiſoit que d'arriver. Il nous
10 1478 2946 1662 parut ſi grave & ſi réſervé, que toute la
25 1644 2953 1825 compagnie l'en railla, & lui dit que ſa po-
65 1813 2953 1991 liteſſe pour les Dames inconnues lui avoit
29 1979 2964 2153 coûté bien cher. Il ſourit, & éluda une ré-
73 2145 2957 2316 ponſe préciſe; ce qui confirma de plus en
76 2311 2960 2484 plus notre obſervation. Quand nous fûmes
54 2477 2960 2652 retirés, il me pria de ſouffrir qu'il vint me
32 2643 2964 2814 voir dans mon apartement; & alors il me
36 2805 2964 2980 dit qu'il apréhendoit d'être malheureux à
51 2971 2964 3142 jamais, s'il ne pouvoit acquérir l'eſtime
39 3137 3266 3312 d'une des Dames qu'il avoit conduites. Mon
58 3303 2971 3478 ami, s'écria-t-il tout tranſporté, jamais on
47 3469 2968 3635 n'a vu rien de ſi parfait que cette aimable
87 3620 2982 3806 Dame, & les beautés de ſon ame ſur-
84 3797 2979 3965 paſſent encore celle de ſa figure. D'ailleurs,
47 3959 2968 4130 elle a une gaieté & une douceur ſi natu-
69 4122 2979 4298 relle, & qui a tant de raport à mon tem-
69 4292 2968 4462 pérament, que je ne puis plus vivre ſans
51 4450 2968 4634 la poſſéder. Aidez-moi dans ce projet, mon
88 4616 2982 4798 cher Joſeph, & comptez que je ſuis à
91 4786 2964 4964 vous pour tout le reſte de ma vie. L'autre
98 4940 2964 5110 Dame eſt auſſi d'une beauté parfaite, mais
87 5107 2964 5289 elle eſt trop triſte & trop rêveuſe pour moi;
69 5283 2964 5456 & ſi j'en juge par ſes ſoupirs fréquens, &
95 5449 2968 5621 par les larmes involontaires qui coulent de
99 5612 2964 5779 tems en tems ſur ſon beau viſage, il faut
106 5774 3052 5946 qu'elle ait dans le cœur un grand fonds de
69 5940 2964 6119 chagrin: en un mot, elles ſont Angloiſes.
76 6106 2968 6286 L'une eſt fille, & l'autre niece d'une Dame
73 6275 2979 6449 qui demeure en France depuis quelques an-
76 6445 2971 6644 nées; elles voient peu de compagnie, &
2154 6616 2427 6745 Ea
