<PcGts xmlns="http://schema.primaresearch.org/PAGE/gts/pagecontent/2017-07-15" xmlns:xsi="http://www.w3.org/2001/XMLSchema-instance" xsi:schemaLocation="http://schema.primaresearch.org/PAGE/gts/pagecontent/2017-07-15 http://schema.primaresearch.org/PAGE/gts/pagecontent/2017-07-15/pagecontent.xsd"><Metadata><Creator>User123</Creator><Created>2020-10-12T18:30:46</Created><LastChange>2020-10-12T18:30:46</LastChange></Metadata><Page imageFilename="0063.png" imageHeight="7808" imageWidth="4266"><TextRegion id="r0" type="paragraph" orientation="-0.25"><Coords points="1,1 4264,1 4264,7806 1,7806"/><TextLine id="r0_l001"><Coords points="1608,882 1607,881 1607,877 1607,877 1228,875 1227,875 1227,874 1226,873 1226,832 1226,831 1213,831 1212,830 1212,829 1211,828 1211,809 1211,809 1210,809 1208,807 1209,805 1208,804 1208,768 1207,768 1175,768 1175,767 1175,764 1174,763 1175,762 1175,761 1175,761 1192,761 1193,760 1193,743 1194,742 1195,742 1197,740 1197,739 1197,739 1198,739 1200,737 1200,729 1202,727 1226,727 1227,727 1227,725 1228,723 1621,725 1622,724 1622,710 1623,709 1624,709 1626,707 1626,706 1627,705 1628,705 1629,704 1629,703 1631,701 1723,701 1726,704 1726,723 1726,723 3318,730 3319,730 3319,725 3319,724 3320,724 3321,723 3331,723 3332,724 3333,724 3334,725 3334,731 3334,731 3369,731 3371,733 3371,734 3372,735 3373,735 3375,737 3375,738 3375,738 3376,738 3378,740 3378,745 3378,745 3591,746 3593,748 3593,749 3593,749 3608,749 3609,750 3610,750 3611,751 3611,752 3612,753 3613,753 3615,755 3615,789 3615,789 3631,790 3634,792 3634,793 3634,794 3639,794 3641,795 3641,796 3639,798 3638,798 3638,798 3637,815 3637,816 3609,815 3608,816 3608,826 3607,827 3606,827 3604,829 3604,834 3604,834 3603,834 3600,837 3600,838 3600,838 3599,838 3591,846 2536,842 2535,842 2535,880 2535,881 1904,878 1903,878 1903,880 1903,881 1627,880 1626,880 1626,881 1626,882"/><TextEquiv index="1"><Unicode>LAvEETEs Aventurrs</Unicode></TextEquiv></TextLine><TextLine id="r0_l002"><Coords points="3283,1051 3282,1050 3283,1005 3282,1005 3193,1005 3193,1005 3193,1033 3192,1034 3191,1034 3191,1034 3191,1036 3189,1038 3170,1038 3169,1038 3169,1038 3169,1036 3168,1035 3168,1028 3167,1027 3167,1009 3166,1008 2934,1007 2933,1008 2924,1008 2924,1008 2924,1007 2922,1005 2910,1005 2909,1004 2909,1003 2907,1001 2735,1001 2735,1001 2734,1045 2734,1046 2723,1046 2722,1045 2723,1001 2722,1001 2686,1000 2685,1001 2472,1000 2471,1001 2295,1001 2295,1001 2295,1033 2294,1034 2266,1034 2265,1032 2265,1002 2264,1002 1954,1000 1953,1001 1751,1000 1750,1001 1748,1001 1748,1001 1748,1000 1745,997 1562,996 1561,997 1379,997 1379,997 1379,998 1376,1001 1244,1000 1243,1001 1235,1001 1234,1000 1234,999 1232,997 1220,997 1219,995 1219,994 1218,994 1213,994 1212,992 1212,987 1210,986 1209,986 1208,984 1208,983 1207,983 1206,983 1204,980 1204,979 1203,979 1202,979 1201,977 1201,954 1200,953 1200,952 1201,951 1201,950 1202,949 1203,949 1204,948 1204,947 1206,945 1207,945 1208,944 1208,943 1213,938 1214,938 1215,937 1215,936 1217,934 1218,934 1219,933 1219,932 1224,927 1225,927 1226,927 1226,926 1228,923 1281,923 1282,923 1282,892 1284,890 1285,890 1286,889 1286,888 1288,886 1289,886 1289,886 1289,885 1291,883 1293,883 1293,884 1293,885 1301,893 1301,918 1302,918 1401,919 1402,920 1403,920 1405,923 1547,923 1548,923 1548,874 1550,872 1551,872 1552,871 1580,872 1581,871 1587,871 1589,873 1589,874 1590,875 1595,875 1596,876 1596,881 1597,882 1627,882 1628,883 1629,883 1630,884 1630,885 1631,886 1632,886 1633,887 1633,926 1633,927 1818,928 1819,927 1831,927 1833,925 1833,924 1835,923 1885,923 1885,922 1885,883 1887,882 1888,882 1889,881 1903,881 1904,882 1905,882 1907,884 1907,885 1908,886 1909,886 1911,889 1911,923 1912,923 2088,924 2090,923 2091,923 2092,921 2092,913 2094,912 2098,912 2099,910 2099,909 2100,909 2103,909 2103,909 2103,910 2104,911 2105,912 2106,912 2106,912 2106,922 2107,923 2231,923 2232,925 2232,926 2232,926 2456,927 2458,926 2458,925 2460,923 2480,923 2480,923 2480,881 2483,879 2575,879 2576,880 2576,895 2577,896 2730,897 2731,898 2731,899 2733,901 2738,901 2739,902 2739,922 2740,923 2915,923 2916,925 2916,926 2916,926 3014,927 3016,928 3016,929 3017,931 3200,932 3201,931 3414,932 3415,931 3415,928 3416,927 3554,927 3556,926 3556,921 3557,920 3566,920 3567,922 3567,930 3567,930 3721,931 3722,930 3722,898 3723,898 3726,898 3726,898 3726,929 3726,930 3743,930 3745,929 3745,928 3746,927 3773,927 3774,926 3774,925 3776,923 3832,923 3833,925 3833,926 3834,926 3985,927 3985,927 3985,917 3986,916 3987,916 3988,915 3988,911 3991,908 3992,908 3992,908 3992,907 3994,905 3995,905 3996,904 3996,903 3998,901 3999,901 3999,901 3999,900 4002,897 4062,897 4062,897 4062,896 4064,894 4065,894 4066,893 4066,888 4068,886 4072,886 4074,889 4074,890 4075,890 4076,890 4077,892 4077,893 4078,893 4088,894 4088,894 4088,895 4091,898 4092,898 4092,898 4092,933 4092,934 4104,934 4107,936 4107,940 4105,942 4096,942 4096,942 4096,943 4093,946 4086,945 4084,948 4084,949 4083,949 4078,949 4077,951 4077,952 4075,953 4074,953 4074,954 4074,955 4071,957 4070,957 4070,958 4070,959 4068,960 4063,960 4063,961 4063,988 4062,989 4062,990 4061,990 4059,990 4059,991 4059,1011 4057,1012 3893,1012 3893,1012 3893,1040 3891,1042 3890,1042 3889,1042 3889,1043 3888,1045 3868,1045 3866,1043 3867,1037 3866,1036 3866,1009 3865,1009 3698,1008 3696,1010 3696,1011 3695,1012 3671,1012 3671,1011 3671,1010 3669,1009 3616,1008 3616,1009 3615,1045 3615,1045 3613,1045 3612,1046 3611,1045 3609,1045 3608,1045 3608,1044 3607,1043 3608,1009 3607,1008 3556,1008 3556,1008 3556,1007 3554,1005 3401,1005 3401,1005 3401,1006 3398,1008 3386,1008 3386,1008 3386,1007 3384,1005 3290,1005 3290,1006 3289,1051 3289,1051"/><TextEquiv index="1"><Unicode>cha. J'avois trop d'honneur pour tromper</Unicode></TextEquiv></TextLine><TextLine id="r0_l003"><Coords points="1759,1211 1759,1211 1759,1164 1758,1163 1732,1163 1731,1164 1726,1164 1726,1165 1726,1166 1724,1167 1711,1167 1711,1167 1711,1166 1709,1164 1597,1164 1597,1164 1597,1210 1596,1211 1581,1211 1581,1210 1581,1164 1580,1164 1566,1164 1565,1165 1236,1163 1235,1164 1224,1164 1223,1163 1223,1162 1221,1160 1216,1160 1216,1159 1216,1158 1213,1156 1212,1156 1212,1155 1212,1105 1212,1105 1207,1105 1204,1102 1204,1087 1206,1086 1336,1086 1337,1086 1525,1086 1526,1085 1526,1073 1528,1071 1529,1071 1530,1070 1530,1062 1532,1060 1533,1060 1533,1060 1533,1059 1536,1056 1537,1056 1537,1056 1537,1055 1543,1049 1544,1049 1544,1049 1544,1048 1547,1045 1551,1045 1552,1044 1552,1043 1553,1042 1565,1042 1566,1042 1574,1042 1574,1042 1574,1043 1576,1045 1658,1045 1659,1046 1659,1047 1661,1049 1662,1049 1663,1050 1663,1089 1664,1090 1841,1091 1842,1090 1855,1090 1855,1089 1855,1046 1857,1045 1862,1045 1862,1044 1862,1043 1864,1042 1873,1042 1874,1043 1874,1044 1875,1045 1876,1045 1877,1046 1877,1051 1878,1052 1879,1052 1881,1054 1881,1085 1882,1086 2021,1086 2021,1087 2021,1088 2023,1089 2216,1090 2217,1089 2275,1090 2277,1087 2277,1086 2278,1086 2390,1086 2391,1088 2391,1089 2392,1089 2565,1090 2565,1089 2565,1076 2567,1075 2568,1075 2568,1074 2568,1073 2571,1071 2572,1071 2572,1070 2572,1061 2574,1060 2575,1060 2576,1058 2576,1057 2577,1057 2578,1057 2580,1054 2580,1053 2581,1053 2582,1053 2584,1050 2584,1049 2585,1049 2594,1049 2594,1048 2594,1047 2597,1045 2635,1045 2635,1045 2635,1044 2637,1042 2649,1042 2652,1045 2735,1046 2735,1046 2735,1047 2737,1049 2738,1049 2739,1050 2739,1089 2740,1090 2856,1090 2858,1092 3119,1093 3119,1093 3119,1089 3120,1088 3120,1087 3121,1086 3122,1086 3123,1085 3123,1073 3125,1071 3126,1071 3127,1070 3127,1066 3131,1062 3131,1058 3133,1056 3134,1056 3134,1056 3134,1055 3136,1053 3137,1053 3138,1052 3138,1052 3138,1051 3140,1049 3145,1049 3145,1049 3145,1048 3148,1045 3159,1045 3160,1047 3160,1048 3161,1048 3215,1049 3215,1049 3215,1050 3216,1051 3290,1051 3292,1053 3296,1053 3297,1055 3297,1097 3298,1097 3399,1098 3400,1097 3674,1098 3674,1097 3674,1091 3676,1090 3688,1090 3689,1091 3689,1099 3691,1101 3874,1102 3875,1101 3876,1101 3881,1095 3881,1091 3883,1090 3893,1090 3894,1089 3895,1090 3896,1090 3896,1090 3896,1096 3897,1097 4073,1097 4073,1097 4073,1085 4079,1079 4080,1079 4081,1078 4082,1078 4083,1079 4084,1079 4085,1081 4085,1100 4086,1100 4088,1101 4088,1101 4088,1114 4089,1115 4098,1115 4099,1116 4099,1140 4100,1141 4109,1141 4110,1142 4110,1170 4109,1171 4108,1171 4107,1172 4107,1173 4105,1175 4076,1174 4075,1175 4074,1175 4073,1177 4073,1182 4072,1182 4071,1182 4066,1188 4066,1189 4065,1189 4064,1189 4062,1192 4062,1193 4061,1193 4056,1193 4055,1195 4055,1196 4053,1197 4045,1197 4041,1201 4027,1201 4025,1199 4025,1176 4024,1175 3904,1175 3903,1176 3903,1177 3902,1178 3901,1178 3900,1179 3883,1179 3880,1176 3570,1174 3569,1175 3471,1175 3471,1175 3471,1199 3469,1201 3468,1201 3463,1206 3463,1207 3462,1208 3445,1208 3445,1207 3445,1206 3441,1202 3441,1171 3440,1171 3304,1170 3303,1171 3170,1171 3169,1172 2853,1170 2852,1171 2762,1171 2761,1169 2761,1168 2760,1168 2670,1167 2670,1168 2670,1212 2669,1212 2660,1212 2660,1212 2660,1168 2659,1167 2654,1167 2654,1167 2654,1166 2652,1164 2430,1163 2430,1164 2430,1212 2429,1212 2412,1212 2412,1212 2412,1164 2411,1163 2390,1163 2389,1164 2384,1164 2384,1165 2384,1166 2382,1167 2247,1166 2246,1167 2236,1167 2236,1167 2236,1166 2234,1164 2024,1164 2023,1165 1807,1164 1807,1164 1807,1210 1806,1211 1765,1210 1764,1211"/><TextEquiv index="1"><Unicode>une fille dans une affaire auſſi importante,</Unicode></TextEquiv></TextLine><TextLine id="r0_l004"><Coords points="4000,1385 3999,1384 2477,1377 2330,1377 2329,1378 2314,1378 2313,1377 2313,1371 2313,1371 1450,1367 1448,1365 1448,1364 1447,1363 1446,1363 1445,1362 1445,1361 1444,1360 1444,1335 1444,1335 1240,1334 1237,1332 1237,1331 1237,1330 1232,1330 1230,1329 1230,1328 1229,1326 1224,1326 1223,1326 1223,1325 1222,1323 1218,1323 1215,1320 1215,1316 1214,1315 1214,1315 1213,1315 1212,1314 1212,1313 1211,1312 1207,1312 1204,1309 1204,1305 1203,1304 1202,1304 1201,1303 1201,1286 1202,1286 1203,1286 1204,1284 1204,1283 1206,1282 1207,1282 1208,1280 1208,1279 1210,1278 1211,1278 1212,1276 1212,1271 1213,1271 1214,1271 1214,1270 1215,1239 1217,1237 1218,1237 1219,1236 1219,1227 1219,1227 1220,1227 1223,1225 1223,1217 1224,1215 1225,1215 1227,1214 1227,1213 1227,1212 1232,1212 1234,1211 1234,1210 1235,1208 2409,1213 2410,1212 2657,1213 2658,1212 2871,1213 2872,1212 3060,1213 3061,1212 3801,1215 3804,1218 3804,1219 3804,1219 3805,1219 3807,1221 3807,1260 3807,1260 3835,1260 3837,1262 4071,1263 4075,1267 4076,1267 4078,1269 4077,1285 4076,1286 4075,1286 4073,1288 4073,1289 4073,1289 4072,1289 4071,1290 4067,1290 4066,1291 4066,1337 4065,1338 4005,1338 4004,1339 4004,1385 4004,1385"/><TextEquiv index="1"><Unicode>&amp; qui, à mon avis, intéreſſoit le bonheur</Unicode></TextEquiv></TextLine><TextLine id="r0_l005"><Coords points="3735,1550 3734,1549 3734,1504 3734,1504 3600,1503 3599,1504 3573,1504 3571,1503 3571,1501 3571,1500 3397,1499 3396,1500 3149,1499 3148,1500 3140,1500 3138,1502 3138,1503 3137,1504 3020,1504 3019,1504 3019,1545 3019,1546 3014,1546 3013,1545 3013,1504 3013,1504 2943,1504 2942,1504 2942,1506 2942,1507 2941,1507 2940,1507 2940,1508 2940,1509 2930,1508 2927,1506 2927,1505 2927,1504 2926,1504 2923,1502 2923,1501 2923,1500 2773,1500 2772,1500 2772,1513 2771,1515 2770,1515 2768,1516 2768,1517 2767,1519 2766,1519 2765,1519 2765,1520 2764,1522 2759,1522 2757,1523 2757,1524 2756,1526 2755,1526 2754,1526 2754,1527 2752,1530 2745,1530 2742,1527 2742,1505 2742,1505 2485,1504 2484,1504 2484,1505 2482,1507 2482,1508 2482,1509 2481,1508 2480,1509 2480,1510 2479,1511 2478,1511 2476,1513 2476,1518 2475,1519 2470,1519 2469,1520 2469,1521 2468,1522 2460,1522 2458,1524 2458,1525 2457,1526 2456,1526 2454,1525 2454,1524 2454,1523 2453,1523 2450,1521 2450,1498 2450,1497 2333,1497 2332,1497 2332,1498 2331,1500 2266,1500 2265,1500 2265,1502 2264,1504 2263,1504 2262,1504 2262,1505 2260,1508 2252,1508 2251,1507 2251,1506 2250,1504 2249,1504 2247,1503 2247,1498 2247,1497 1942,1496 1941,1497 1925,1497 1924,1496 1845,1496 1845,1495 1845,1494 1844,1494 1720,1493 1719,1495 1718,1496 1718,1496 1717,1496 1716,1497 1700,1497 1699,1496 1698,1496 1695,1493 1552,1492 1551,1493 1365,1493 1364,1494 1363,1495 1363,1496 1362,1496 1361,1497 1359,1497 1358,1496 1357,1496 1356,1495 1357,1494 1356,1494 1236,1493 1235,1492 1234,1492 1234,1492 1234,1491 1232,1489 1224,1489 1220,1485 1216,1485 1215,1483 1215,1475 1213,1474 1209,1474 1208,1472 1208,1471 1207,1471 1206,1471 1204,1468 1204,1467 1203,1467 1202,1467 1201,1465 1201,1464 1200,1463 1200,1462 1201,1461 1201,1460 1202,1459 1203,1459 1204,1458 1204,1446 1206,1444 1207,1444 1208,1443 1208,1442 1209,1441 1210,1441 1212,1439 1212,1430 1212,1430 1217,1430 1219,1428 1219,1423 1219,1423 1220,1423 1223,1421 1223,1420 1223,1419 1224,1419 1227,1417 1227,1416 1227,1415 1248,1415 1249,1415 1249,1372 1250,1371 1274,1371 1275,1373 1275,1374 1276,1374 1277,1374 1278,1376 1278,1377 1280,1378 1281,1378 1282,1380 1282,1404 1282,1404 1317,1404 1319,1406 1319,1414 1319,1414 1350,1415 1352,1416 1352,1417 1353,1419 1531,1419 1534,1417 1534,1416 1534,1415 1588,1416 1589,1415 1589,1401 1590,1400 1591,1400 1592,1399 1592,1391 1594,1389 1595,1389 1596,1388 1596,1387 1604,1379 1604,1375 1606,1374 1607,1374 1607,1373 1607,1372 1609,1371 1636,1371 1637,1372 1637,1373 1638,1374 1639,1374 1641,1376 1641,1377 1642,1378 1647,1378 1648,1379 1648,1402 1649,1404 1650,1404 1652,1405 1652,1417 1653,1419 1847,1420 1848,1419 1854,1419 1855,1418 1855,1372 1857,1371 1869,1371 1870,1372 1870,1373 1871,1374 1876,1374 1877,1375 1877,1376 1879,1378 1880,1378 1881,1379 1881,1414 1881,1415 2046,1416 2047,1415 2047,1409 2048,1408 2049,1408 2051,1406 2051,1401 2052,1400 2053,1400 2055,1398 2055,1397 2055,1397 2056,1397 2058,1395 2058,1391 2076,1374 2094,1374 2095,1375 2095,1376 2097,1378 2098,1378 2099,1379 2099,1418 2099,1419 2120,1419 2121,1419 2121,1420 2122,1422 2309,1423 2310,1422 2310,1379 2312,1378 2331,1378 2332,1379 2332,1384 2332,1385 2419,1385 2421,1387 2421,1419 2421,1419 2455,1419 2459,1415 2579,1416 2580,1415 2580,1405 2583,1402 2583,1391 2591,1383 2591,1382 2592,1382 2597,1382 2598,1381 2598,1380 2600,1378 2609,1378 2609,1378 2609,1377 2612,1374 2615,1374 2617,1377 2617,1378 2618,1378 2627,1378 2628,1380 2628,1381 2630,1382 2631,1382 2631,1383 2631,1384 2631,1384 2789,1385 2790,1384 2790,1380 2791,1379 2791,1378 2792,1378 2793,1378 2794,1377 2797,1377 2798,1378 2819,1378 2820,1379 2820,1429 2820,1430 2840,1430 2842,1429 2842,1428 2843,1426 2848,1426 2850,1425 2850,1424 2851,1422 2869,1422 2872,1425 2872,1426 2872,1426 3005,1427 3006,1426 3022,1426 3023,1425 3023,1424 3025,1422 3074,1422 3075,1422 3075,1388 3083,1380 3087,1380 3087,1381 3087,1382 3088,1382 3093,1382 3094,1384 3094,1385 3094,1385 3095,1385 3097,1387 3097,1426 3097,1426 3240,1427 3241,1426 3241,1424 3243,1422 3244,1422 3245,1421 3245,1409 3247,1407 3248,1407 3249,1406 3249,1397 3249,1397 3250,1397 3253,1394 3253,1390 3254,1389 3255,1389 3256,1388 3256,1387 3258,1385 3259,1385 3260,1384 3260,1383 3262,1382 3274,1382 3275,1380 3275,1379 3277,1378 3285,1378 3286,1380 3286,1381 3288,1382 3293,1382 3293,1383 3293,1384 3294,1385 3295,1385 3297,1387 3297,1422 3297,1422 3407,1423 3408,1422 3408,1412 3409,1411 3413,1411 3415,1412 3415,1421 3415,1422 3475,1422 3476,1423 3477,1423 3478,1423 3478,1424 3479,1426 3584,1426 3585,1426 3585,1410 3586,1408 3587,1408 3589,1407 3589,1395 3590,1393 3591,1393 3593,1392 3593,1387 3593,1386 3594,1386 3597,1384 3597,1383 3598,1382 3704,1383 3705,1382 3725,1382 3726,1383 3726,1384 3727,1385 3728,1385 3730,1387 3730,1403 3730,1404 3769,1404 3770,1405 3770,1406 3772,1408 3773,1408 3774,1409 3774,1430 3774,1430 3856,1431 3857,1430 3987,1430 3988,1430 3988,1395 3989,1393 3990,1393 3992,1392 3992,1387 3992,1386 3993,1386 3995,1385 4009,1385 4011,1388 4011,1426 4011,1426 4064,1426 4066,1428 4066,1429 4067,1430 4076,1430 4077,1431 4077,1436 4078,1437 4079,1437 4081,1439 4081,1440 4081,1440 4098,1441 4099,1441 4099,1442 4100,1443 4100,1462 4100,1463 4112,1463 4114,1464 4114,1465 4112,1467 4100,1467 4099,1468 4099,1469 4097,1471 4085,1470 4085,1471 4085,1487 4084,1488 4084,1489 4083,1489 4082,1489 4082,1490 4082,1495 4072,1504 4060,1504 4059,1505 4059,1506 4057,1508 4047,1508 4046,1507 4045,1507 4044,1507 4044,1506 4043,1504 3856,1503 3855,1504 3855,1537 3855,1537 3835,1537 3833,1536 3833,1505 3833,1504 3749,1504 3748,1505 3748,1550 3748,1550"/><TextEquiv index="1"><Unicode>du reſte de ſa vie; &amp; j'avois formé depuis</Unicode></TextEquiv></TextLine><TextLine id="r0_l006"><Coords points="1267,1702 1267,1702 1267,1657 1266,1656 1237,1656 1236,1655 1205,1655 1204,1653 1204,1649 1202,1648 1201,1648 1201,1647 1201,1638 1200,1638 991,1637 986,1631 986,1630 987,1629 1200,1630 1201,1629 1201,1537 1202,1537 1833,1540 1833,1539 1833,1538 1835,1537 2779,1541 2779,1541 2779,1542 2780,1543 3917,1548 3918,1549 3918,1554 3919,1555 3920,1555 3922,1557 3922,1591 3923,1592 3986,1592 3987,1593 3988,1593 3988,1594 3988,1595 3990,1596 3998,1596 4000,1599 4000,1600 4001,1600 4047,1600 4047,1601 4047,1602 4048,1603 4048,1604 4049,1604 4080,1604 4086,1611 4087,1611 4091,1615 4092,1615 4092,1615 4092,1643 4092,1644 4104,1644 4110,1649 4110,1656 4111,1657 4111,1658 4111,1659 4112,1659 4114,1660 4114,1661 4112,1663 4054,1662 4053,1663 4007,1663 4007,1664 4007,1669 4005,1670 3907,1670 3907,1670 3907,1687 3905,1689 3904,1689 3904,1689 3904,1690 3902,1692 3822,1691 3822,1692 3822,1699 3820,1700 3637,1700 3637,1700 3637,1702 3635,1704 3631,1704 3630,1702 3630,1691 3629,1691 3232,1689 3230,1686 3230,1670 3229,1670 1503,1662 1502,1663 1423,1663 1423,1663 1423,1686 1420,1689 1416,1689 1415,1690 1415,1691 1414,1692 1282,1691 1282,1692 1282,1702 1281,1702"/><TextEquiv index="1"><Unicode>la perte de ma chere Louiſe, une réſolu-</Unicode></TextEquiv></TextLine><TextLine id="r0_l007"><Coords points="2908,1878 2907,1877 2758,1877 2757,1875 2757,1871 2756,1871 2711,1871 2540,1870 2540,1870 2540,1876 2539,1877 2536,1877 2535,1875 2535,1870 2534,1870 2484,1870 2484,1869 2484,1864 2483,1864 2464,1863 2463,1862 2462,1862 2461,1861 2461,1856 2460,1855 2247,1854 2184,1854 2184,1855 2184,1869 2182,1870 2169,1870 2169,1871 2169,1875 2168,1875 1914,1874 1914,1874 1914,1852 1913,1851 1822,1851 1822,1850 1822,1849 1820,1848 1819,1848 1818,1846 1818,1833 1818,1833 1645,1832 1644,1832 1644,1846 1642,1848 1562,1847 1561,1848 1560,1848 1559,1847 1559,1846 1557,1844 1556,1844 1555,1843 1555,1827 1555,1826 1272,1825 1271,1826 1271,1862 1270,1862 1267,1862 1267,1862 1267,1861 1263,1857 1263,1827 1263,1826 1229,1826 1226,1824 1226,1823 1226,1822 1214,1822 1212,1820 1212,1812 1211,1811 1210,1811 1208,1809 1208,1766 1208,1766 1206,1766 1204,1764 1204,1749 1206,1748 1211,1748 1211,1747 1211,1746 1214,1744 1218,1744 1223,1739 1223,1735 1225,1733 1233,1733 1234,1732 1234,1731 1236,1729 1262,1729 1262,1729 1263,1706 1265,1703 1266,1703 1267,1702 1281,1702 1282,1703 1283,1703 1285,1705 1286,1706 1286,1707 1286,1707 1317,1707 1319,1709 1319,1710 1320,1711 1321,1711 1323,1713 1322,1743 1323,1743 1348,1744 1348,1744 1348,1745 1351,1748 1554,1748 1555,1747 1555,1736 1556,1735 1556,1734 1557,1733 1558,1733 1559,1732 1560,1724 1561,1722 1562,1722 1563,1722 1563,1720 1564,1719 1565,1719 1566,1718 1566,1717 1567,1716 1567,1711 1567,1711 1568,1711 1574,1705 1574,1704 1574,1704 1575,1704 1576,1703 1580,1703 1581,1702 1581,1701 1582,1700 1610,1700 1611,1700 1611,1705 1612,1707 1768,1707 1770,1709 1770,1710 1771,1711 1771,1711 1772,1711 1774,1713 1774,1718 1774,1718 1775,1718 1777,1720 1777,1721 1778,1722 1777,1747 1778,1747 1806,1748 1807,1749 1807,1750 1808,1751 2049,1752 2050,1751 2205,1751 2205,1751 2206,1709 2207,1707 2208,1707 2210,1706 2210,1705 2210,1704 2211,1704 2212,1703 2222,1703 2225,1706 2225,1707 2225,1707 2230,1707 2232,1709 2232,1713 2236,1717 2235,1750 2236,1750 2497,1752 2498,1751 2515,1751 2517,1753 2517,1754 2518,1755 2719,1756 2719,1755 2720,1716 2725,1711 2733,1711 2735,1709 2735,1708 2736,1707 2744,1707 2746,1708 2746,1722 2747,1723 2746,1732 2747,1733 2779,1733 2779,1733 2779,1734 2780,1735 2780,1754 2781,1755 2874,1755 2877,1758 3085,1759 3086,1758 3086,1757 3088,1755 3232,1756 3233,1755 3234,1755 3234,1754 3234,1745 3236,1744 3237,1744 3238,1742 3238,1734 3240,1733 3241,1733 3241,1732 3241,1728 3243,1727 3243,1726 3243,1726 3244,1726 3246,1724 3246,1722 3246,1722 3247,1722 3249,1720 3249,1719 3250,1718 3251,1718 3253,1716 3253,1715 3253,1715 3254,1715 3255,1714 3279,1714 3280,1715 3281,1715 3282,1715 3282,1716 3283,1718 3284,1718 3286,1720 3286,1723 3287,1724 3286,1755 3287,1755 3501,1756 3502,1755 3592,1755 3593,1757 3593,1758 3595,1759 3603,1759 3604,1761 3604,1762 3605,1762 3787,1763 3789,1761 3789,1749 3790,1748 3791,1748 3792,1747 3792,1736 3793,1735 3793,1734 3794,1733 3795,1733 3796,1732 3796,1731 3797,1730 3798,1730 3801,1728 3801,1727 3801,1726 3802,1726 3804,1725 3804,1723 3804,1722 3805,1722 3807,1721 3811,1717 3811,1716 3811,1715 3812,1715 3813,1714 3824,1714 3826,1713 3826,1712 3826,1711 3828,1711 3829,1712 3829,1713 3830,1714 3837,1714 3838,1715 3839,1715 3841,1717 3841,1723 3842,1724 3841,1754 3842,1754 3961,1755 3965,1759 4010,1759 4010,1760 4010,1761 4013,1763 4014,1763 4014,1764 4014,1780 4015,1780 4091,1781 4092,1782 4092,1783 4094,1785 4095,1785 4096,1786 4096,1791 4097,1792 4109,1792 4113,1796 4114,1796 4114,1796 4114,1798 4113,1800 4097,1800 4096,1800 4096,1812 4095,1814 4091,1814 4086,1819 4052,1818 4051,1819 4051,1862 4049,1863 4048,1863 4048,1864 4048,1876 4046,1877 3919,1877 3918,1878 3917,1878 3916,1877 3915,1877 3914,1875 3914,1871 3913,1871 3675,1870 3674,1868 3674,1838 3674,1838 3625,1837 3622,1835 3622,1834 3622,1833 3365,1832 3364,1833 3364,1865 3362,1866 3298,1866 3297,1868 3297,1869 3295,1870 3287,1870 3286,1869 3286,1867 3285,1866 3216,1866 3216,1865 3216,1864 3215,1863 3215,1838 3215,1838 3025,1837 3024,1837 3024,1856 3023,1857 3023,1858 3022,1859 3009,1859 3009,1859 3009,1864 3007,1866 3002,1866 3001,1867 3001,1868 2999,1870 2912,1869 2912,1870 2912,1877 2911,1877 2910,1877 2909,1878"/><TextEquiv index="1"><Unicode>tion ſi ferme de ne plus penſer aux fem-</Unicode></TextEquiv></TextLine><TextLine id="r0_l008"><Coords points="1597,2041 1596,2040 1596,2026 1596,2026 1527,2025 1526,2025 1526,2024 1522,2020 1522,1994 1522,1993 1206,1992 1204,1990 1205,1931 1204,1930 1204,1915 1205,1914 1225,1914 1226,1914 1226,1913 1228,1910 1262,1910 1263,1910 1263,1906 1264,1905 1264,1904 1264,1903 1356,1904 1357,1903 1913,1905 1914,1905 1914,1875 1914,1874 2626,1877 2628,1876 2628,1875 2628,1874 2629,1874 2630,1873 3274,1876 3275,1875 3275,1874 3275,1874 3277,1874 3278,1875 3679,1877 3682,1880 4005,1881 4007,1883 4007,1884 4008,1885 4039,1885 4040,1886 4040,1887 4041,1888 4042,1888 4044,1890 4044,1925 4044,1925 4079,1925 4081,1927 4081,1928 4082,1929 4083,1929 4084,1930 4084,1931 4085,1932 4085,1935 4085,1936 4086,1936 4088,1937 4088,1952 4089,1953 4089,1957 4089,1958 4127,1958 4128,1959 4129,1959 4130,1959 4129,1968 4128,1970 4127,1970 4126,1971 4125,1971 4125,1972 4125,1973 4115,1973 4114,1973 4114,1986 4113,1988 4097,1988 4096,1988 4096,1993 4094,1996 4093,1996 4092,1996 4092,1997 4087,2003 4086,2003 4085,2004 3715,2002 3714,2003 3479,2002 3478,2002 3478,2031 3478,2032 3477,2032 3476,2033 3465,2033 3463,2034 3463,2035 3463,2036 2884,2033 2883,2034 2883,2035 2882,2036 2873,2036 2872,2036 2872,2035 2872,2034 1691,2029 1688,2026 1615,2026 1614,2026 1614,2040 1614,2041"/><TextEquiv index="1"><Unicode>mes, que je ne voulus pas m'expoſer à la</Unicode></TextEquiv></TextLine><TextLine id="r0_l009"><Coords points="4052,2215 4051,2215 4051,2214 4051,2213 2479,2206 2354,2206 2353,2207 2100,2206 2099,2207 2064,2207 2063,2206 2064,2164 2063,2164 1664,2162 1663,2160 1663,2159 1662,2159 1434,2158 1434,2157 1434,2156 1433,2156 1217,2155 1215,2152 1215,2148 1209,2143 1208,2143 1208,2142 1208,2085 1207,2085 1206,2085 1204,2082 1206,2080 1207,2080 1208,2079 1208,2078 1209,2077 1225,2077 1226,2077 1226,2072 1228,2069 1229,2069 1230,2069 1230,2064 1232,2062 1592,2064 1592,2063 1592,2046 1593,2045 1593,2044 1594,2044 1595,2044 1596,2042 1596,2041 1597,2041 1907,2042 1913,2036 1924,2036 1925,2037 3562,2044 3563,2043 3564,2044 3574,2044 3574,2045 3574,2066 3575,2066 3618,2066 3619,2068 3619,2069 3620,2069 3621,2069 3622,2071 3622,2077 3622,2077 4107,2080 4108,2081 4109,2081 4110,2081 4110,2150 4110,2151 4116,2151 4118,2152 4118,2156 4116,2158 4104,2158 4103,2159 4103,2160 4101,2162 4100,2162 4099,2163 4099,2164 4097,2166 4092,2166 4092,2166 4092,2167 4085,2174 4066,2173 4066,2174 4065,2215 4065,2215"/><TextEquiv index="1"><Unicode>tentation de la part de ce ſexe enchanteur.</Unicode></TextEquiv></TextLine><TextLine id="r0_l010"><Coords points="1478,2371 1478,2371 1478,2326 1477,2325 1336,2325 1335,2326 1246,2325 1245,2324 1245,2323 1243,2321 1235,2321 1234,2320 1234,2319 1232,2317 1216,2317 1215,2315 1215,2314 1214,2314 1210,2314 1209,2313 1208,2313 1208,2312 1208,2285 1210,2284 1212,2284 1212,2283 1212,2229 1214,2228 1215,2228 1215,2227 1215,2226 1217,2225 1218,2225 1219,2224 1219,2219 1220,2218 1221,2218 1223,2216 1223,2215 1224,2214 1225,2214 1227,2212 1227,2211 1228,2210 1233,2210 1234,2209 1234,2208 1236,2206 1237,2206 1238,2205 1238,2204 1239,2203 1240,2203 1241,2202 1241,2201 1243,2199 1281,2199 1283,2201 1394,2202 1395,2203 1396,2203 1397,2204 1397,2205 1398,2206 1399,2206 1400,2207 1400,2246 1401,2247 1659,2248 1659,2247 1659,2211 1661,2210 1662,2210 1663,2208 1663,2207 1665,2206 1680,2206 1681,2208 1681,2209 1683,2210 1684,2210 1685,2212 1685,2247 1686,2247 1740,2247 1740,2248 1740,2249 1742,2250 1795,2251 1796,2252 1796,2253 1797,2254 2023,2255 2024,2254 2062,2254 2062,2253 2062,2207 2063,2207 2255,2208 2261,2202 2263,2202 2264,2203 2265,2203 2265,2203 2265,2204 2267,2206 2272,2206 2273,2207 2354,2207 2354,2207 2354,2208 2356,2210 2357,2210 2358,2211 2358,2246 2359,2247 2416,2247 2418,2249 2503,2250 2504,2251 2505,2251 2506,2252 2506,2253 2507,2254 2713,2255 2713,2254 2713,2251 2714,2251 2720,2251 2720,2250 2720,2211 2722,2210 2804,2210 2806,2207 2806,2206 2807,2206 2893,2206 2894,2208 2894,2209 2895,2210 2896,2210 2897,2210 2898,2212 2898,2217 2899,2217 2900,2217 2901,2219 2901,2249 2902,2249 3075,2250 3075,2250 3075,2216 3078,2213 3079,2213 3079,2213 3079,2212 3081,2210 3082,2210 3082,2210 3082,2209 3085,2206 3092,2206 3094,2209 3094,2210 3095,2210 3104,2210 3105,2212 3105,2217 3106,2217 3107,2217 3108,2219 3108,2220 3109,2221 3109,2258 3110,2258 3133,2258 3136,2261 3311,2262 3312,2261 3312,2260 3314,2258 3322,2258 3323,2257 3323,2256 3325,2254 3487,2255 3488,2254 3552,2254 3552,2254 3552,2219 3553,2218 3554,2218 3556,2216 3556,2215 3557,2214 3558,2214 3561,2211 3567,2211 3567,2212 3567,2213 3569,2214 3570,2214 3571,2216 3571,2221 3572,2221 3573,2221 3574,2223 3574,2247 3575,2247 3614,2247 3615,2249 3615,2254 3616,2254 3617,2254 3620,2257 3766,2258 3766,2258 3766,2217 3767,2216 3767,2215 3768,2214 3773,2214 3775,2212 3785,2212 3787,2214 3788,2214 3789,2216 3789,2253 3790,2253 3906,2254 3907,2255 3907,2256 3909,2258 4051,2258 4051,2258 4051,2216 4052,2215 4066,2215 4068,2217 4072,2217 4073,2219 4073,2223 4076,2225 4077,2225 4077,2226 4077,2235 4079,2236 4080,2236 4081,2238 4081,2243 4082,2243 4083,2243 4085,2246 4085,2264 4087,2266 4088,2266 4088,2266 4088,2267 4090,2269 4132,2269 4132,2269 4132,2270 4133,2271 4133,2308 4131,2310 4103,2310 4103,2310 4103,2330 4101,2332 4100,2332 4099,2333 4099,2334 4097,2336 4096,2336 4096,2336 4096,2337 4094,2339 4086,2339 4085,2340 4084,2338 4084,2337 4083,2336 4049,2336 4047,2334 4047,2333 4046,2332 3854,2332 3849,2336 3846,2336 3845,2335 3844,2335 3844,2335 3844,2334 3842,2332 3625,2332 3624,2332 3359,2331 3358,2332 3350,2332 3346,2328 3160,2327 3160,2328 3160,2331 3158,2332 3157,2332 3157,2333 3157,2338 3155,2339 3154,2339 3153,2341 3153,2346 3151,2347 3150,2347 3149,2349 3149,2357 3147,2358 3146,2358 3145,2360 3145,2361 3144,2362 3143,2362 3142,2362 3142,2363 3142,2364 3140,2365 3120,2365 3120,2365 3120,2364 3117,2361 3116,2361 3116,2361 3116,2333 3115,2332 2995,2332 2992,2329 2698,2327 2698,2328 2698,2361 2697,2361 2696,2361 2695,2362 2691,2362 2691,2363 2691,2364 2689,2365 2676,2365 2676,2365 2676,2364 2674,2362 2666,2362 2665,2361 2665,2329 2664,2328 2542,2328 2542,2328 2542,2373 2541,2374 2525,2374 2525,2373 2525,2328 2524,2328 2476,2327 2475,2328 2135,2327 2134,2328 2017,2327 2016,2328 2015,2328 2015,2329 2014,2330 2014,2331 2012,2332 2011,2332 2010,2331 2010,2330 2008,2328 2007,2328 2007,2328 2007,2327 2004,2324 2003,2324 2003,2324 2003,2319 2001,2317 2000,2317 1999,2316 1999,2311 1998,2310 1997,2310 1995,2308 1995,2304 1994,2303 1924,2303 1924,2304 1924,2370 1923,2370 1911,2370 1911,2370 1911,2304 1910,2303 1833,2303 1833,2303 1833,2304 1831,2306 1830,2306 1829,2307 1829,2308 1827,2310 1826,2310 1826,2310 1826,2322 1823,2325 1822,2325 1822,2325 1822,2330 1820,2332 1819,2332 1818,2333 1818,2334 1816,2336 1815,2336 1814,2337 1814,2342 1813,2343 1812,2343 1811,2344 1811,2348 1808,2351 1807,2351 1807,2351 1807,2356 1805,2358 1804,2358 1803,2359 1803,2360 1801,2362 1794,2362 1792,2364 1792,2365 1791,2365 1785,2365 1785,2365 1785,2364 1783,2362 1779,2362 1777,2360 1777,2356 1775,2354 1774,2354 1774,2354 1774,2329 1773,2328 1607,2328 1607,2328 1607,2356 1605,2358 1579,2358 1578,2356 1578,2326 1577,2326 1489,2325 1489,2326 1489,2371 1488,2371"/><TextEquiv index="1"><Unicode>Scharpley vit bien qu'il n'y avoit rien à</Unicode></TextEquiv></TextLine><TextLine id="r0_l011"><Coords points="3201,2565 3201,2564 3201,2498 3201,2498 3153,2497 3151,2499 3150,2499 3149,2500 3149,2501 3148,2502 3066,2502 3064,2504 3064,2505 3063,2506 3062,2506 3060,2505 3060,2504 3059,2502 3047,2502 3046,2501 3046,2500 3044,2498 3040,2498 3039,2497 2936,2496 2935,2497 2935,2534 2933,2535 2931,2535 2930,2536 2929,2535 2928,2535 2927,2534 2927,2534 2927,2533 2926,2532 2884,2532 2883,2531 2883,2530 2883,2529 2882,2528 2881,2528 2879,2527 2879,2499 2879,2498 2799,2498 2798,2497 2798,2496 2798,2496 2659,2495 2657,2497 2657,2498 2657,2498 2648,2498 2646,2497 2646,2496 2646,2495 2472,2494 2471,2495 2408,2495 2406,2494 2406,2493 2405,2491 2397,2491 2395,2489 2385,2489 2384,2490 2384,2531 2382,2532 2381,2532 2380,2531 2380,2490 2380,2489 2286,2489 2285,2489 2285,2538 2284,2539 2281,2539 2280,2538 2269,2538 2269,2537 2269,2495 2269,2495 2253,2495 2252,2496 2086,2495 2084,2493 2084,2492 2083,2491 1955,2490 1954,2491 1901,2491 1900,2490 1900,2489 1900,2489 1786,2488 1785,2489 1785,2490 1784,2491 1783,2491 1781,2493 1781,2494 1780,2495 1713,2495 1711,2494 1711,2493 1710,2491 1571,2491 1570,2491 1570,2512 1570,2513 1569,2513 1566,2515 1566,2516 1563,2519 1563,2520 1563,2521 1562,2520 1561,2521 1551,2521 1550,2520 1549,2520 1548,2520 1548,2492 1548,2491 1376,2491 1375,2491 1375,2517 1374,2518 1374,2519 1373,2521 1372,2521 1371,2521 1371,2522 1370,2524 1358,2524 1352,2518 1352,2488 1352,2488 1324,2487 1323,2488 1323,2534 1322,2534 1308,2534 1308,2534 1308,2488 1308,2487 1295,2487 1293,2486 1293,2485 1293,2484 1211,2484 1210,2483 1209,2483 1208,2482 1208,2481 1207,2480 1207,2480 1206,2480 1204,2478 1204,2474 1207,2472 1208,2472 1208,2471 1208,2414 1209,2414 1210,2414 1210,2413 1212,2411 1213,2410 1213,2410 1255,2410 1256,2409 1257,2409 1258,2410 1259,2410 1260,2411 1260,2412 1260,2413 1261,2413 1321,2413 1323,2415 1425,2416 1425,2415 1426,2374 1427,2373 1431,2373 1434,2370 1434,2369 1434,2369 1447,2369 1448,2369 1448,2370 1448,2371 1488,2371 1489,2372 1488,2417 1489,2417 1564,2418 1565,2417 1566,2417 1566,2416 1566,2415 1569,2413 1721,2413 1722,2415 1722,2416 1724,2417 1792,2418 1792,2418 1792,2419 1794,2421 1906,2421 1906,2421 1907,2374 1907,2373 1908,2373 1911,2370 1924,2370 1929,2375 1929,2383 1930,2384 1931,2384 1933,2386 1933,2398 1934,2399 1935,2399 1936,2400 1936,2401 1937,2402 1938,2402 1940,2404 1939,2417 1940,2417 2044,2418 2045,2417 2054,2417 2054,2416 2054,2415 2057,2413 2216,2413 2219,2416 2279,2417 2283,2421 2408,2421 2412,2417 2481,2418 2482,2417 2519,2417 2519,2416 2520,2379 2521,2378 2521,2377 2522,2376 2523,2376 2524,2375 2524,2374 2524,2374 2598,2374 2599,2373 2603,2373 2606,2371 2606,2370 2606,2369 2611,2369 2613,2371 2613,2372 2614,2373 2619,2373 2620,2374 2620,2375 2621,2376 2622,2376 2624,2378 2623,2417 2624,2417 2710,2418 2711,2417 2815,2417 2824,2427 2824,2428 2825,2428 2867,2428 2868,2430 2868,2465 2869,2465 3020,2466 3020,2465 3020,2451 3022,2450 3023,2450 3023,2449 3023,2444 3025,2443 3026,2443 3027,2441 3027,2436 3028,2436 3029,2436 3030,2434 3031,2388 3031,2388 3032,2388 3034,2386 3034,2382 3035,2381 3035,2380 3035,2380 3036,2380 3038,2378 3042,2374 3042,2373 3042,2373 3066,2373 3068,2375 3068,2376 3068,2376 3073,2376 3075,2378 3075,2379 3076,2380 3077,2380 3079,2382 3079,2383 3080,2384 3081,2384 3083,2386 3083,2387 3083,2387 3084,2387 3086,2389 3086,2413 3086,2413 3144,2413 3146,2415 3145,2416 3146,2416 3352,2417 3352,2418 3352,2419 3354,2420 3407,2421 3407,2420 3408,2392 3409,2391 3410,2391 3412,2392 3412,2393 3413,2395 3414,2395 3415,2395 3414,2420 3415,2421 3617,2421 3621,2417 3627,2418 3628,2417 3633,2417 3633,2417 3633,2418 3636,2421 3640,2421 3641,2422 3641,2423 3642,2424 3677,2424 3677,2423 3678,2403 3679,2402 3680,2402 3681,2402 3681,2403 3683,2406 3687,2406 3689,2407 3688,2423 3689,2424 3829,2424 3829,2424 3829,2423 3831,2421 3856,2422 3857,2421 3957,2421 3958,2419 3959,2403 3960,2402 3961,2402 3962,2401 3962,2397 3963,2396 3963,2395 3963,2395 3964,2395 3966,2393 3966,2389 3974,2382 3974,2378 3975,2376 3976,2376 3977,2376 3977,2375 3978,2373 4053,2373 4055,2375 4055,2376 4055,2376 4056,2376 4059,2379 4059,2417 4059,2417 4084,2418 4084,2418 4084,2419 4085,2420 4086,2420 4087,2421 4095,2421 4096,2422 4096,2423 4097,2424 4098,2424 4099,2425 4099,2442 4100,2443 4114,2443 4114,2443 4114,2445 4116,2447 4117,2447 4122,2452 4122,2453 4123,2454 4125,2454 4125,2454 4125,2455 4126,2456 4128,2458 4129,2458 4129,2458 4129,2460 4128,2462 4119,2462 4118,2462 4118,2493 4118,2494 4117,2494 4114,2496 4114,2497 4114,2498 4113,2498 4110,2500 4110,2501 4110,2502 4105,2502 4103,2503 4103,2504 4102,2506 4087,2506 4086,2505 4085,2505 4083,2502 4064,2502 4062,2501 4062,2500 4061,2498 3917,2498 3914,2500 3914,2501 3914,2502 3901,2502 3900,2501 3900,2500 3899,2499 3771,2498 3770,2499 3770,2528 3770,2528 3769,2528 3767,2530 3767,2534 3765,2535 3730,2535 3730,2534 3730,2533 3729,2532 3729,2503 3729,2503 3620,2502 3619,2502 3619,2501 3618,2499 3552,2499 3551,2498 3372,2497 3371,2498 3371,2516 3370,2517 3365,2517 3364,2517 3364,2516 3363,2515 3363,2503 3363,2502 3336,2502 3334,2501 3334,2500 3333,2498 3210,2498 3209,2498 3209,2560 3208,2561 3208,2563 3206,2565"/><TextEquiv index="1"><Unicode>repliquer à mes raiſons, &amp; ne me preſſa</Unicode></TextEquiv></TextLine><TextLine id="r0_l012"><Coords points="1218,2691 1215,2688 1215,2687 1215,2687 1206,2687 1204,2685 1204,2673 1206,2672 1207,2672 1207,2671 1208,2584 1208,2584 1209,2584 1212,2581 1212,2576 1212,2576 1296,2576 1297,2576 1297,2540 1297,2539 1298,2539 1302,2535 1306,2535 1307,2534 1564,2536 1567,2533 1567,2532 1567,2532 1568,2532 1570,2530 1570,2529 1571,2528 1587,2528 1589,2529 1589,2530 1590,2532 2396,2535 2399,2538 2399,2539 2399,2539 2400,2539 2402,2541 2402,2583 2402,2583 2466,2583 2474,2591 2475,2591 2476,2592 2476,2593 2476,2593 2644,2594 2646,2596 2646,2609 2647,2610 2646,2611 2646,2613 2645,2613 2529,2613 2529,2613 2529,2626 2529,2627 2730,2628 2731,2628 2731,2629 2732,2630 2732,2632 2731,2633 2731,2634 2730,2635 2529,2634 2529,2634 2528,2652 2528,2653 2527,2653 2524,2655 2524,2663 2523,2665 2115,2663 2114,2663 2114,2682 2114,2683 1257,2679 1256,2680 1256,2683 1256,2683 1255,2683 1251,2687 1228,2687 1227,2688 1227,2689 1225,2691"/><TextEquiv index="1"><Unicode>plus ſur cet article.</Unicode></TextEquiv></TextLine><TextLine id="r0_l013"><Coords points="3404,2872 3404,2871 3404,2824 3403,2824 3377,2823 3376,2824 3268,2824 3267,2825 3267,2826 3266,2827 3265,2827 3264,2828 3246,2828 3246,2828 3246,2870 3245,2871 3235,2871 3235,2870 3235,2828 3234,2828 3154,2827 3153,2828 3133,2828 3132,2827 3006,2827 3005,2828 3000,2828 2999,2827 2998,2827 2996,2825 2894,2824 2894,2825 2894,2869 2893,2869 2889,2869 2889,2869 2889,2825 2888,2824 2705,2823 2705,2824 2705,2857 2704,2857 2699,2857 2698,2859 2698,2860 2696,2861 2670,2861 2668,2859 2668,2825 2667,2824 2464,2823 2463,2824 2325,2824 2325,2824 2325,2829 2323,2831 2322,2831 2321,2832 2321,2837 2320,2838 2319,2838 2317,2840 2317,2841 2316,2842 2315,2842 2314,2843 2314,2847 2311,2850 2307,2850 2306,2851 2306,2852 2305,2853 2299,2853 2299,2852 2299,2825 2298,2825 2097,2824 2094,2821 1874,2820 1874,2820 1874,2851 1872,2853 1867,2853 1867,2853 1867,2854 1866,2855 1866,2856 1865,2857 1863,2857 1862,2855 1862,2854 1861,2853 1860,2853 1859,2853 1859,2852 1859,2820 1858,2820 1747,2819 1746,2820 1734,2820 1733,2822 1733,2823 1731,2824 1727,2824 1725,2822 1725,2821 1724,2820 1623,2820 1622,2818 1622,2817 1621,2817 1468,2816 1467,2818 1467,2819 1465,2820 1460,2820 1460,2820 1460,2819 1457,2816 1386,2816 1385,2814 1385,2807 1387,2805 1395,2805 1396,2804 1396,2778 1397,2777 1397,2776 1397,2776 1398,2776 1400,2774 1400,2710 1399,2709 1391,2709 1389,2707 1389,2706 1391,2705 1392,2705 1393,2703 1393,2702 1394,2702 1403,2702 1404,2700 1404,2699 1406,2698 1466,2698 1467,2700 1467,2731 1468,2731 1469,2731 1470,2733 1470,2741 1471,2741 1617,2742 1619,2744 1619,2745 1620,2746 1743,2746 1744,2747 1859,2748 1861,2746 1873,2746 1873,2745 1873,2704 1874,2703 1874,2702 1875,2702 1876,2702 1877,2700 1877,2699 1879,2698 1895,2698 1896,2699 1896,2700 1898,2702 1939,2702 1944,2708 1944,2709 1945,2709 2013,2709 2014,2711 2014,2745 2015,2745 2131,2746 2135,2750 2299,2751 2299,2750 2299,2713 2300,2713 2301,2713 2303,2710 2303,2709 2304,2709 2313,2709 2313,2709 2313,2710 2316,2713 2320,2713 2321,2714 2321,2749 2322,2750 2375,2750 2377,2748 2377,2747 2378,2746 2484,2747 2485,2746 2542,2746 2543,2747 2543,2749 2544,2750 2576,2750 2576,2749 2576,2721 2578,2720 2586,2720 2587,2721 2587,2749 2588,2750 2713,2751 2714,2750 2715,2750 2717,2747 2717,2746 2718,2746 2742,2746 2742,2745 2742,2714 2744,2713 2790,2713 2790,2712 2790,2711 2802,2699 2802,2698 2803,2698 2812,2698 2812,2698 2812,2699 2815,2702 2901,2702 2901,2703 2901,2749 2902,2749 3060,2750 3060,2750 3060,2719 3063,2716 3073,2716 3074,2717 3075,2717 3075,2718 3075,2750 3076,2750 3137,2750 3138,2749 3138,2748 3140,2746 3197,2747 3197,2746 3197,2710 3199,2709 3204,2709 3204,2708 3204,2707 3207,2705 3218,2705 3219,2706 3219,2707 3221,2709 3222,2709 3223,2710 3223,2734 3224,2735 3263,2735 3264,2736 3264,2737 3265,2738 3266,2739 3267,2739 3267,2739 3267,2740 3268,2741 3268,2745 3269,2746 3398,2747 3399,2746 3511,2746 3511,2746 3511,2719 3514,2716 3517,2716 3519,2719 3519,2746 3520,2746 3555,2746 3556,2748 3556,2749 3558,2750 3563,2750 3563,2751 3563,2752 3565,2753 3680,2754 3681,2753 3762,2753 3763,2752 3763,2751 3764,2750 3856,2751 3857,2750 3862,2750 3863,2751 3863,2752 3864,2753 4014,2753 4014,2753 4014,2752 4016,2750 4018,2750 4018,2751 4018,2753 4019,2753 4031,2753 4033,2756 4033,2757 4034,2757 4035,2757 4040,2763 4095,2764 4096,2763 4096,2731 4097,2731 4105,2731 4107,2733 4107,2767 4107,2768 4108,2768 4111,2770 4111,2772 4110,2773 4110,2774 4108,2776 4107,2776 4107,2776 4107,2777 4104,2780 4103,2780 4103,2780 4103,2785 4101,2787 4100,2787 4099,2788 4099,2793 4098,2794 4085,2794 4084,2795 4051,2794 4051,2795 4051,2816 4050,2816 4049,2816 4047,2819 4047,2820 4046,2820 4045,2820 4044,2822 4044,2823 4042,2824 4037,2824 4036,2826 4036,2827 4035,2827 4034,2827 4033,2828 4026,2828 4025,2830 4025,2831 4024,2831 4023,2831 4021,2834 4021,2835 4020,2835 3982,2835 3982,2836 3982,2871 3980,2872 3972,2872 3971,2871 3971,2870 3970,2869 3970,2865 3969,2864 3896,2864 3896,2863 3896,2862 3892,2858 3892,2832 3891,2832 3834,2831 3833,2830 3833,2829 3832,2828 3708,2828 3707,2829 3707,2830 3706,2831 3704,2831 3704,2831 3704,2859 3702,2861 3697,2861 3696,2862 3696,2863 3695,2864 3694,2864 3693,2865 3673,2865 3672,2864 3671,2864 3670,2862 3670,2861 3669,2861 3661,2861 3659,2858 3659,2850 3658,2850 3653,2850 3652,2848 3652,2829 3651,2829 3552,2828 3552,2829 3552,2830 3550,2831 3542,2831 3541,2830 3541,2829 3540,2828 3532,2828 3531,2827 3530,2827 3530,2827 3530,2826 3528,2824 3421,2824 3421,2824 3421,2871 3420,2872"/><TextEquiv index="1"><Unicode>Il me dit un jour qu'il avoit une propo-</Unicode></TextEquiv></TextLine><TextLine id="r0_l014"><Coords points="2162,3034 2162,3034 2162,2988 2161,2987 2085,2987 2084,2988 2084,2989 2083,2990 2081,2990 2080,2988 2080,2987 2079,2987 1912,2986 1911,2987 1771,2986 1770,2987 1763,2987 1763,2988 1763,2989 1761,2990 1759,2990 1759,2990 1759,2989 1757,2987 1673,2987 1672,2986 1637,2986 1637,2985 1637,2984 1637,2984 1438,2983 1437,2983 1437,2985 1436,2986 1434,2986 1433,2984 1328,2983 1327,2982 1212,2982 1211,2983 1210,2983 1208,2981 1208,2980 1207,2979 1207,2979 1206,2979 1204,2977 1204,2976 1205,2975 1206,2975 1207,2975 1208,2973 1208,2906 1210,2905 1219,2905 1219,2905 1219,2896 1221,2894 1222,2894 1223,2893 1224,2869 1224,2868 1236,2868 1237,2868 1237,2867 1239,2864 1240,2864 1241,2864 1241,2863 1242,2861 1243,2861 1245,2860 1245,2859 1246,2857 1254,2857 1256,2856 1256,2855 1257,2853 1273,2853 1274,2854 1274,2855 1275,2856 1275,2857 1275,2857 1280,2857 1282,2859 1282,2860 1282,2860 1373,2861 1374,2861 1374,2867 1375,2868 1374,2904 1375,2905 1536,2905 1537,2907 1537,2908 1538,2908 1632,2909 1632,2908 1633,2865 1633,2865 1634,2865 1635,2864 1649,2864 1653,2868 1654,2868 1656,2869 1655,2873 1658,2876 1659,2876 1659,2876 1659,2888 1662,2891 1663,2891 1663,2891 1663,2908 1664,2909 1793,2910 1794,2909 2025,2910 2025,2909 2025,2902 2026,2902 2027,2902 2029,2899 2029,2895 2031,2894 2032,2894 2032,2893 2032,2885 2033,2884 2033,2883 2034,2883 2035,2883 2036,2881 2036,2880 2038,2879 2039,2879 2040,2877 2040,2876 2041,2876 2042,2876 2044,2873 2045,2868 2045,2868 2049,2868 2051,2866 2051,2865 2052,2864 2071,2864 2073,2865 2073,2866 2074,2868 2157,2868 2159,2870 2159,2871 2160,2872 2161,2872 2162,2874 2162,2912 2163,2912 2256,2913 2257,2912 2258,2912 2258,2911 2258,2910 2260,2909 2283,2909 2284,2910 2284,2911 2285,2912 2290,2912 2291,2913 2291,2914 2293,2916 2294,2916 2295,2917 2295,2918 2297,2920 2298,2920 2299,2921 2299,2926 2300,2927 2301,2927 2302,2928 2302,2929 2303,2930 2303,2959 2304,2960 2454,2960 2454,2960 2454,2951 2456,2949 2457,2949 2458,2948 2458,2944 2460,2942 2461,2942 2461,2942 2461,2885 2463,2883 2464,2883 2465,2882 2465,2881 2467,2879 2472,2879 2472,2879 2472,2878 2475,2875 2476,2875 2476,2875 2476,2874 2478,2872 2480,2873 2481,2872 2486,2872 2488,2870 2488,2868 2488,2868 2493,2868 2495,2866 2495,2865 2496,2864 2500,2864 2502,2865 2502,2866 2503,2868 2508,2868 2521,2881 2521,2882 2522,2883 2549,2883 2550,2884 2550,2904 2551,2905 2586,2905 2587,2906 2587,2915 2588,2916 2710,2917 2711,2916 2764,2916 2764,2915 2764,2914 2767,2912 2835,2912 2835,2912 2836,2870 2837,2868 2841,2868 2842,2868 2842,2867 2844,2864 2851,2864 2853,2866 2853,2867 2854,2868 2860,2868 2861,2869 2894,2869 2895,2870 2895,2871 2896,2872 2938,2873 2939,2873 2938,2874 2939,2875 2940,2875 2941,2876 2942,2876 2942,2876 2942,2911 2943,2912 3075,2912 3075,2912 3075,2903 3076,2902 3077,2902 3079,2900 3079,2896 3081,2894 3082,2894 3082,2894 3082,2886 3083,2885 3083,2884 3084,2883 3089,2883 3090,2882 3090,2881 3092,2879 3093,2879 3094,2878 3094,2877 3096,2875 3097,2875 3097,2875 3098,2874 3099,2872 3231,2873 3232,2872 3233,2872 3234,2871 3246,2871 3247,2872 3248,2872 3250,2873 3249,2915 3250,2916 3341,2916 3341,2916 3341,2915 3344,2912 3400,2913 3400,2912 3401,2874 3402,2873 3402,2872 3402,2872 3422,2872 3424,2873 3423,2904 3424,2905 3462,2905 3467,2910 3467,2914 3469,2916 3646,2917 3647,2916 3740,2916 3740,2917 3740,2918 3743,2920 3897,2921 3898,2920 3902,2920 3904,2917 3904,2916 3905,2916 4093,2917 4094,2916 4098,2916 4100,2918 4100,2919 4101,2920 4102,2920 4103,2921 4103,2936 4098,2942 4093,2942 4092,2942 4092,2988 4091,2990 4087,2990 4085,2991 4085,2992 4082,2995 3919,2994 3918,2995 3918,2996 3917,2997 3900,2997 3900,2997 3900,3036 3898,3038 3897,3038 3896,3039 3896,3039 3896,3040 3895,3041 3863,3041 3863,3040 3863,2997 3862,2997 3826,2996 3826,2997 3826,3022 3823,3024 3822,3024 3822,3025 3822,3026 3820,3027 3797,3027 3796,3026 3796,3025 3795,3024 3794,3024 3792,3022 3792,2995 3791,2994 3596,2993 3596,2994 3596,3027 3595,3027 3594,3027 3594,3028 3593,3029 3593,3030 3591,3031 3568,3031 3567,3030 3567,3029 3565,3027 3560,3027 3560,3027 3560,3026 3559,3025 3559,2999 3558,2998 3550,2998 3548,2996 3548,2995 3547,2994 3538,2994 3538,2994 3538,2993 3535,2990 3494,2990 3494,2990 3494,3037 3493,3038 3477,3038 3477,3037 3477,2990 3476,2990 3363,2989 3362,2990 3357,2990 3356,2992 3356,2993 3354,2994 3350,2994 3349,2993 3349,2992 3347,2990 3228,2990 3226,2992 3226,2993 3225,2994 3144,2993 3143,2994 3138,2994 3138,2995 3138,3023 3137,3023 3136,3023 3135,3024 3106,3024 3105,3023 3105,2995 3104,2994 3013,2994 3013,2993 3013,2992 3011,2991 2739,2990 2739,2990 2739,3018 2737,3020 2736,3020 2731,3025 2731,3026 2730,3027 2717,3027 2717,3026 2717,3025 2714,3023 2709,3023 2707,3021 2706,3020 2706,3020 2706,3019 2705,3018 2705,2991 2704,2990 2585,2990 2581,2994 2506,2994 2506,2994 2506,2995 2503,2998 2378,2997 2376,3000 2376,3004 2374,3005 2370,3005 2369,3007 2369,3011 2363,3016 2351,3016 2351,3016 2351,3017 2348,3020 2346,3017 2346,3016 2345,3016 2344,3016 2343,3014 2343,2987 2342,2987 2189,2986 2187,2987 2181,2987 2181,2988 2181,3034 2180,3034"/><TextEquiv index="1"><Unicode>ſition à me faire, &amp; qu'il eſpéroit que pour</Unicode></TextEquiv></TextLine><TextLine id="r0_l015"><Coords points="3254,3203 3253,3202 3253,3157 3253,3157 3163,3156 3162,3157 3154,3157 3153,3158 3153,3159 3152,3160 3032,3160 3031,3159 3031,3158 3030,3157 2867,3156 2866,3157 2838,3157 2837,3156 2836,3156 2835,3156 2835,3155 2834,3153 2687,3152 2686,3153 2681,3153 2680,3154 2680,3155 2678,3157 2657,3157 2656,3156 2655,3156 2654,3156 2654,3155 2653,3153 2545,3153 2543,3151 2543,3150 2543,3150 2445,3149 2443,3151 2443,3152 2442,3153 2433,3153 2432,3154 2432,3155 2430,3157 2370,3157 2369,3158 2369,3174 2368,3175 2367,3175 2365,3177 2365,3178 2364,3179 2363,3179 2362,3179 2362,3180 2361,3182 2357,3182 2353,3186 2252,3186 2251,3185 2251,3154 2251,3154 2038,3153 2036,3151 2036,3146 2036,3146 1958,3145 1953,3145 1952,3146 1952,3197 1952,3197 1937,3197 1936,3197 1936,3146 1936,3145 1935,3145 1933,3147 1933,3148 1932,3149 1865,3149 1861,3153 1857,3153 1855,3151 1855,3150 1854,3149 1816,3149 1814,3147 1814,3146 1813,3145 1812,3145 1811,3144 1811,3143 1811,3143 1810,3142 1809,3142 1807,3140 1807,3139 1806,3138 1805,3138 1804,3137 1708,3136 1707,3137 1707,3148 1706,3149 1579,3149 1578,3149 1578,3195 1578,3196 1564,3196 1563,3195 1563,3149 1563,3149 1560,3148 1559,3149 1359,3149 1358,3149 1358,3193 1358,3194 1344,3194 1343,3193 1343,3149 1343,3149 1327,3148 1326,3149 1324,3149 1323,3149 1323,3148 1321,3145 1221,3145 1220,3146 1219,3145 1210,3145 1204,3139 1204,3132 1206,3131 1207,3131 1207,3130 1208,3028 1209,3027 1228,3027 1230,3026 1230,3025 1231,3023 1232,3023 1233,3024 1234,3025 1234,3026 1235,3027 1295,3027 1297,3029 1297,3030 1298,3031 1299,3031 1300,3032 1300,3033 1302,3035 1303,3035 1304,3036 1304,3070 1304,3070 1431,3071 1434,3073 1434,3074 1434,3075 1539,3075 1541,3074 1541,3073 1542,3071 1557,3071 1559,3073 1559,3074 1559,3074 1687,3075 1689,3074 1689,3073 1690,3071 1712,3071 1715,3074 1715,3075 1715,3075 1720,3075 1722,3077 1722,3078 1722,3078 1827,3079 1829,3077 1829,3076 1830,3075 1835,3075 1836,3074 1836,3033 1837,3032 1837,3031 1837,3031 1842,3031 1844,3029 1844,3028 1845,3027 1857,3027 1859,3028 1859,3029 1859,3030 1860,3031 1861,3031 1862,3031 1862,3032 1864,3035 1865,3035 1866,3035 1866,3063 1866,3064 1905,3064 1907,3066 1907,3071 1907,3071 1926,3071 1927,3072 1928,3072 1929,3073 1929,3074 1930,3075 1934,3075 1944,3085 1944,3086 1944,3086 1945,3086 1947,3088 2031,3089 2032,3088 2032,3036 2034,3034 2038,3034 2041,3031 2057,3031 2058,3031 2058,3074 2058,3075 2161,3075 2162,3075 2162,3035 2162,3034 2181,3034 2182,3035 2183,3035 2184,3036 2184,3097 2185,3098 2184,3118 2185,3118 2342,3119 2342,3118 2343,3043 2344,3042 2345,3042 2347,3040 2347,3039 2348,3038 2359,3038 2363,3042 2397,3042 2398,3043 2398,3044 2398,3044 2400,3046 2401,3046 2402,3047 2402,3075 2402,3075 2441,3075 2443,3077 2443,3078 2444,3079 2449,3079 2450,3080 2450,3083 2450,3083 2546,3084 2547,3083 2551,3083 2559,3075 2674,3075 2676,3077 2676,3078 2677,3079 2678,3079 2679,3080 2679,3081 2681,3083 2682,3083 2683,3084 2683,3085 2684,3086 2685,3086 2686,3087 2775,3088 2776,3087 2776,3035 2777,3034 2795,3034 2796,3035 2797,3035 2798,3035 2798,3055 2798,3056 2825,3056 2827,3058 2827,3075 2827,3075 2852,3075 2853,3076 2853,3077 2854,3078 2854,3079 2854,3079 2960,3080 2961,3079 2982,3079 2983,3078 2983,3068 2983,3068 2984,3068 2986,3066 2986,3062 2988,3060 3096,3060 3097,3060 3097,3055 3098,3053 3099,3053 3101,3052 3101,3047 3101,3046 3102,3046 3103,3046 3105,3044 3105,3043 3105,3042 3110,3042 3112,3041 3112,3040 3113,3038 3118,3038 3119,3038 3119,3037 3121,3034 3135,3034 3136,3035 3137,3035 3138,3036 3138,3037 3139,3038 3140,3038 3142,3040 3142,3045 3142,3045 3239,3046 3242,3043 3242,3042 3242,3042 3247,3042 3249,3040 3249,3039 3250,3038 3255,3038 3256,3037 3256,3036 3258,3034 3265,3034 3267,3035 3267,3036 3268,3038 3269,3038 3271,3039 3271,3040 3272,3042 3273,3042 3275,3043 3275,3044 3275,3045 3357,3045 3360,3048 3360,3078 3360,3078 3473,3079 3474,3078 3474,3040 3476,3038 3498,3038 3500,3039 3500,3081 3500,3082 3553,3082 3556,3085 3556,3086 3556,3086 3652,3087 3653,3086 3661,3086 3663,3084 3663,3083 3663,3083 3745,3083 3746,3082 3754,3082 3756,3081 3756,3080 3756,3079 3772,3079 3774,3081 3774,3082 3774,3082 3837,3082 3838,3083 3839,3083 3841,3085 3841,3086 3841,3086 3842,3086 3844,3088 3844,3092 3846,3094 3847,3094 3848,3095 3847,3129 3848,3129 3862,3130 3862,3129 3863,3041 3863,3041 3976,3041 3977,3041 3977,3040 3978,3038 3990,3038 3992,3037 3992,3036 3992,3035 3993,3035 3994,3034 4012,3034 4013,3035 4021,3035 4022,3036 4022,3079 4022,3079 4075,3079 4078,3082 4081,3082 4082,3084 4083,3084 4085,3086 4090,3086 4092,3087 4092,3088 4093,3090 4109,3090 4110,3089 4110,3065 4111,3064 4112,3064 4118,3069 4118,3089 4118,3090 4134,3090 4140,3095 4140,3098 4141,3099 4139,3101 4138,3101 4138,3101 4137,3102 4137,3103 4135,3105 4134,3105 4133,3105 4133,3106 4132,3108 4131,3108 4130,3109 4108,3109 4107,3109 4107,3139 4103,3143 4103,3151 4102,3153 4090,3153 4088,3154 4088,3155 4088,3156 4087,3156 4084,3158 4084,3160 4084,3161 4030,3160 4029,3161 4029,3204 4029,3204 4015,3204 4014,3204 4014,3161 4014,3160 3979,3160 3978,3161 3978,3162 3976,3164 3876,3164 3870,3158 3694,3157 3693,3157 3693,3158 3692,3160 3679,3160 3678,3160 3678,3191 3676,3194 3668,3194 3667,3194 3667,3195 3666,3197 3657,3197 3656,3196 3656,3195 3655,3194 3651,3194 3648,3191 3648,3156 3648,3156 3556,3155 3554,3157 3550,3157 3548,3159 3548,3160 3548,3160 3532,3160 3531,3159 3466,3159 3434,3159 3433,3160 3417,3160 3415,3158 3272,3157 3271,3157 3271,3202 3271,3203"/><TextEquiv index="1"><Unicode>l'amour de lui, je ne le refuſerois pas. Je</Unicode></TextEquiv></TextLine><TextLine id="r0_l016"><Coords points="2206,3364 2205,3364 2206,3320 2205,3319 2152,3319 2152,3320 2151,3348 2150,3349 2134,3349 2132,3350 2132,3351 2132,3352 2131,3352 2130,3353 2121,3353 2120,3352 2119,3352 2118,3351 2118,3350 2117,3349 2116,3349 2114,3347 2115,3319 2114,3319 1995,3318 1994,3319 1989,3319 1988,3318 1988,3317 1987,3316 1815,3316 1814,3317 1814,3318 1813,3319 1770,3318 1769,3319 1696,3319 1696,3320 1695,3361 1695,3361 1683,3361 1682,3361 1683,3320 1682,3319 1627,3319 1627,3319 1626,3343 1625,3345 1624,3345 1623,3345 1622,3346 1622,3347 1621,3349 1613,3349 1611,3350 1611,3351 1611,3352 1610,3352 1609,3353 1599,3353 1596,3350 1596,3349 1596,3349 1595,3349 1592,3346 1593,3317 1592,3317 1546,3316 1544,3314 1544,3313 1543,3312 1442,3312 1442,3312 1441,3358 1441,3359 1434,3359 1433,3358 1434,3312 1433,3312 1318,3311 1317,3312 1268,3312 1267,3311 1267,3310 1265,3308 1264,3308 1264,3308 1264,3307 1263,3306 1263,3305 1262,3304 1201,3304 1201,3303 1201,3290 1201,3290 1202,3290 1203,3289 1211,3289 1212,3288 1212,3271 1212,3271 1214,3271 1215,3270 1215,3205 1215,3205 1211,3205 1210,3204 1209,3204 1208,3203 1208,3202 1208,3202 1207,3201 1206,3201 1204,3199 1204,3195 1207,3193 1208,3193 1208,3192 1208,3191 1210,3190 1241,3190 1241,3191 1241,3193 1242,3193 1359,3194 1360,3195 1360,3196 1361,3197 1362,3197 1363,3198 1363,3239 1364,3241 1551,3241 1552,3241 1552,3225 1553,3223 1554,3223 1555,3223 1555,3219 1556,3218 1556,3217 1556,3216 1557,3216 1559,3215 1559,3207 1562,3205 1563,3205 1563,3204 1563,3196 1564,3196 1578,3196 1578,3196 1578,3240 1578,3241 1709,3241 1712,3238 1717,3238 1718,3239 1718,3240 1718,3240 1884,3241 1885,3240 1885,3194 1887,3193 1905,3193 1909,3197 1954,3197 1955,3199 1955,3241 1955,3241 2011,3241 2012,3242 2013,3242 2014,3243 2014,3244 2014,3244 2161,3245 2162,3245 2162,3243 2162,3242 2163,3242 2164,3241 2266,3242 2267,3241 2271,3241 2274,3238 2286,3238 2288,3239 2288,3240 2288,3241 2296,3241 2299,3243 2299,3244 2299,3245 2394,3245 2395,3245 2395,3214 2397,3212 2398,3212 2398,3212 2398,3211 2401,3208 2412,3208 2414,3211 2414,3212 2415,3212 2416,3212 2417,3214 2417,3240 2417,3240 2481,3241 2484,3243 2484,3244 2484,3245 2615,3245 2616,3245 2616,3244 2617,3242 2688,3242 2689,3241 2702,3241 2703,3242 2704,3242 2705,3243 2705,3244 2705,3244 2711,3245 2713,3246 2713,3247 2714,3249 2859,3249 2861,3248 2861,3247 2862,3245 2938,3246 2939,3245 2997,3245 2998,3244 2998,3212 2999,3212 3008,3212 3009,3213 3009,3244 3009,3245 3051,3245 3052,3246 3182,3247 3184,3245 3248,3245 3249,3244 3249,3205 3250,3205 3251,3205 3253,3203 3272,3203 3275,3206 3275,3240 3275,3241 3324,3241 3327,3244 3327,3245 3327,3245 3332,3245 3333,3246 3463,3247 3465,3245 3641,3246 3642,3245 3809,3245 3811,3247 3811,3248 3811,3248 3949,3249 3953,3245 4009,3245 4010,3245 4010,3211 4013,3208 4014,3208 4014,3208 4014,3205 4015,3204 4031,3204 4033,3207 4033,3208 4034,3208 4035,3208 4037,3211 4037,3244 4037,3244 4097,3245 4100,3247 4100,3248 4100,3249 4101,3249 4103,3250 4103,3269 4101,3271 4088,3271 4088,3271 4087,3363 4088,3364 4095,3364 4096,3363 4097,3363 4098,3364 4099,3364 4099,3364 4099,3365 4101,3367 4102,3367 4102,3367 4102,3368 4080,3367 4079,3366 4078,3366 4077,3366 4078,3324 4077,3323 3878,3323 3878,3323 3878,3324 3875,3327 3868,3327 3865,3324 3734,3323 3733,3324 3733,3325 3731,3327 3713,3327 3712,3326 3711,3326 3711,3325 3711,3324 3710,3324 3549,3323 3548,3325 3548,3326 3546,3327 3539,3327 3539,3328 3538,3367 3538,3367 3516,3367 3515,3367 3516,3328 3515,3327 3465,3327 3463,3324 3463,3323 3462,3323 3326,3322 3325,3323 3202,3323 3198,3327 3118,3326 3117,3327 3114,3327 3110,3323 2939,3323 2938,3324 2858,3323 2858,3324 2857,3355 2856,3356 2833,3356 2831,3355 2831,3354 2831,3353 2827,3353 2826,3352 2825,3352 2824,3352 2825,3324 2824,3323 2701,3322 2700,3323 2692,3323 2690,3321 2690,3320 2689,3319 2481,3319 2481,3319 2481,3320 2480,3321 2480,3322 2478,3324 2421,3323 2421,3324 2421,3325 2420,3326 2420,3327 2419,3327 2418,3327 2418,3328 2417,3341 2417,3341 2416,3341 2404,3353 2398,3353 2397,3352 2396,3352 2395,3352 2396,3320 2395,3319 2224,3318 2223,3319 2216,3319 2216,3320 2215,3364 2215,3364"/><TextEquiv index="1"><Unicode>lui répondis que je ne pouvois concevoir</Unicode></TextEquiv></TextLine><TextLine id="r0_l017"><Coords points="3404,3533 3404,3532 3404,3508 3403,3508 3260,3507 3260,3507 3260,3521 3259,3522 3258,3522 3256,3524 3256,3525 3255,3526 3238,3526 3238,3525 3238,3524 3232,3519 3231,3519 3231,3518 3231,3517 3230,3516 3230,3495 3229,3495 1899,3489 1899,3489 1899,3510 1897,3512 1590,3511 1589,3512 1589,3513 1587,3515 1575,3515 1574,3514 1251,3512 1250,3511 1249,3511 1249,3511 1249,3476 1248,3475 1229,3475 1228,3474 1227,3474 1226,3473 1226,3472 1225,3471 1224,3471 1223,3470 1223,3469 1221,3467 1220,3467 1219,3466 1219,3458 1217,3456 1213,3456 1209,3452 1208,3452 1208,3451 1208,3449 1209,3448 1211,3448 1212,3447 1212,3423 1213,3423 1218,3423 1219,3422 1219,3414 1221,3412 1225,3412 1227,3410 1227,3409 1228,3408 1233,3408 1234,3407 1234,3406 1236,3404 1241,3404 1241,3404 1241,3403 1244,3400 1343,3401 1344,3400 1382,3400 1382,3399 1382,3360 1383,3360 1384,3360 1392,3352 1402,3352 1403,3353 1404,3353 1404,3353 1404,3354 1406,3356 1410,3356 1411,3357 1411,3358 1412,3359 2526,3364 2527,3363 2531,3363 2532,3361 2532,3360 2533,3360 2553,3360 2554,3361 4076,3367 4077,3366 4079,3366 4080,3367 4103,3368 4103,3368 4103,3373 4104,3374 4105,3374 4107,3376 4107,3491 4105,3493 3534,3490 3534,3491 3534,3495 3531,3497 3530,3497 3530,3498 3530,3499 3528,3500 3524,3500 3522,3503 3522,3504 3521,3504 3520,3504 3519,3506 3519,3507 3517,3508 3419,3508 3419,3508 3419,3532 3418,3533"/><TextEquiv index="1"><Unicode>qu'il pût me rien demander que je ne lui</Unicode></TextEquiv></TextLine><TextLine id="r0_l018"><Coords points="2901,3699 2901,3699 2901,3656 2901,3655 2890,3655 2889,3656 2814,3656 2813,3656 2813,3683 2811,3685 2806,3685 2805,3686 2805,3687 2803,3689 2788,3689 2787,3687 2787,3686 2785,3685 2784,3685 2783,3683 2783,3682 2782,3682 2781,3682 2779,3679 2779,3656 2779,3656 2778,3656 2777,3655 2776,3654 2776,3653 2776,3653 2593,3652 2591,3651 2591,3650 2591,3649 2233,3647 2232,3648 2232,3692 2231,3692 2221,3692 2221,3692 2221,3648 2221,3647 2151,3647 2150,3648 2023,3648 2022,3649 1785,3647 1784,3648 1672,3648 1670,3646 1335,3645 1334,3646 1302,3645 1301,3646 1301,3650 1300,3651 1300,3652 1300,3652 1272,3652 1271,3652 1271,3642 1271,3641 1229,3641 1225,3637 1221,3637 1219,3636 1219,3635 1219,3634 1215,3634 1214,3633 1213,3633 1212,3632 1212,3583 1211,3582 1210,3582 1208,3580 1208,3568 1210,3567 1229,3567 1230,3566 1230,3565 1232,3563 1333,3564 1336,3567 1614,3568 1614,3567 1615,3527 1616,3526 1617,3526 1618,3525 1618,3524 1620,3522 1776,3522 1777,3522 1777,3521 1778,3519 1787,3519 1788,3520 1788,3521 1788,3521 1815,3522 1816,3523 1817,3523 1818,3523 1818,3524 1819,3526 1820,3526 1822,3527 1822,3532 1822,3533 1823,3533 1825,3534 1824,3569 1825,3570 2007,3570 2007,3570 2008,3557 2008,3556 2009,3556 2010,3556 2010,3555 2011,3554 2011,3553 2011,3552 2012,3552 2014,3551 2014,3547 2018,3543 2018,3539 2019,3538 2021,3538 2022,3537 2024,3537 2025,3536 2025,3535 2030,3530 2034,3530 2036,3528 2036,3527 2037,3526 2053,3526 2054,3526 2054,3527 2056,3529 2056,3530 2057,3530 2058,3530 2057,3569 2058,3570 2246,3570 2246,3570 2247,3535 2247,3534 2248,3535 2251,3532 2251,3531 2252,3530 2256,3530 2258,3528 2258,3527 2259,3526 2267,3526 2269,3527 2269,3528 2270,3530 2271,3530 2273,3531 2273,3556 2274,3557 2273,3569 2274,3570 2490,3571 2490,3570 2491,3538 2492,3537 2493,3537 2495,3535 2495,3534 2495,3534 2496,3534 2498,3532 2498,3531 2499,3530 2519,3530 2520,3530 2520,3531 2522,3534 2523,3534 2524,3534 2524,3551 2524,3552 2559,3552 2560,3552 2561,3553 2561,3555 2562,3556 2561,3572 2562,3573 2752,3574 2754,3576 2754,3577 2755,3578 2823,3578 2824,3580 2824,3581 2826,3582 2834,3582 2835,3584 2835,3585 2836,3585 2837,3585 2839,3588 2839,3589 2840,3589 2841,3589 2842,3591 2842,3595 2845,3597 2846,3597 2846,3598 2846,3603 2848,3604 2849,3604 2850,3606 2850,3626 2851,3626 3031,3627 3031,3626 3032,3556 3031,3555 3031,3549 3030,3549 3029,3549 3028,3548 3016,3548 3016,3547 3016,3538 3017,3537 3022,3537 3023,3536 3023,3535 3024,3534 3148,3534 3149,3535 3148,3564 3149,3565 3149,3573 3150,3573 3314,3574 3314,3574 3315,3536 3317,3533 3318,3533 3319,3533 3319,3532 3320,3530 3332,3530 3334,3532 3420,3533 3423,3535 3422,3573 3423,3574 3573,3574 3574,3576 3574,3577 3575,3577 3576,3578 3577,3578 3578,3580 3578,3581 3580,3582 3581,3582 3582,3584 3582,3585 3583,3585 3584,3585 3585,3587 3585,3621 3586,3621 3807,3622 3807,3622 3807,3580 3809,3578 3817,3578 3821,3574 3855,3575 3856,3574 4083,3575 4084,3576 4085,3576 4085,3576 4085,3577 4086,3578 4095,3578 4096,3579 4096,3584 4097,3585 4139,3585 4140,3586 4140,3587 4141,3588 4142,3589 4143,3589 4144,3590 4144,3591 4143,3593 4142,3593 4140,3594 4140,3624 4139,3626 4138,3626 4137,3627 4136,3627 4136,3628 4135,3630 4134,3630 4133,3630 4133,3631 4132,3633 4108,3633 4107,3633 4107,3650 4106,3652 4101,3652 4099,3653 4099,3654 4098,3656 4085,3656 4084,3657 4072,3656 4070,3655 4070,3654 4069,3652 3882,3652 3881,3652 3881,3697 3880,3698 3855,3698 3855,3697 3855,3649 3855,3649 3697,3648 3696,3648 3696,3665 3695,3667 3694,3667 3693,3667 3693,3668 3691,3671 3690,3671 3689,3671 3689,3672 3688,3674 3687,3674 3685,3675 3685,3676 3683,3678 3678,3678 3678,3678 3678,3679 3672,3685 3660,3685 3659,3683 3659,3653 3659,3653 3356,3651 3355,3652 3257,3652 3256,3652 3256,3698 3255,3699 3234,3699 3234,3698 3234,3652 3234,3652 3153,3651 3152,3652 3110,3652 3109,3653 3109,3654 3107,3656 2921,3655 2920,3656 2920,3699 2919,3699"/><TextEquiv index="1"><Unicode>accordaſſe ſur le champ. Eh bien, mon</Unicode></TextEquiv></TextLine><TextLine id="r0_l019"><Coords points="2706,3864 2705,3862 2703,3862 2702,3862 2702,3846 2702,3845 2293,3844 2291,3842 2291,3839 2291,3839 2110,3838 2109,3837 2096,3837 2095,3836 2095,3813 2095,3813 1579,3811 1578,3811 1578,3816 1577,3818 1576,3818 1574,3819 1574,3824 1573,3826 1572,3826 1570,3827 1570,3828 1570,3829 1569,3829 1567,3830 1567,3831 1566,3833 1564,3833 1563,3834 1561,3834 1559,3835 1559,3836 1558,3837 1368,3837 1367,3837 1367,3851 1367,3852 1357,3852 1356,3851 1356,3805 1356,3805 1233,3804 1230,3802 1230,3801 1230,3800 1225,3800 1223,3799 1223,3798 1222,3796 1221,3796 1219,3795 1219,3794 1219,3793 1218,3793 1215,3790 1216,3784 1215,3783 1215,3782 1213,3781 1212,3781 1212,3780 1212,3779 1211,3779 965,3778 964,3776 964,3771 965,3770 1207,3771 1208,3770 1208,3764 1206,3763 1205,3763 1204,3761 1204,3760 1205,3759 1206,3759 1208,3757 1208,3753 1207,3753 983,3752 982,3750 982,3739 983,3738 983,3737 983,3737 984,3737 986,3735 986,3734 987,3733 1225,3734 1226,3734 1226,3732 1227,3730 1228,3730 1229,3729 1288,3729 1289,3729 1289,3691 1290,3689 1295,3689 1297,3688 1297,3687 1298,3685 1317,3685 1319,3687 1319,3728 1319,3728 1349,3729 1350,3730 1351,3730 1352,3730 1352,3731 1352,3732 1974,3734 1975,3733 2044,3734 2045,3733 2124,3733 2125,3732 2125,3727 2129,3723 2129,3722 2129,3722 2168,3722 2169,3722 2169,3699 2174,3693 2218,3693 2219,3692 2231,3692 2232,3693 2711,3696 2713,3697 2713,3698 2713,3699 3233,3701 3234,3700 3234,3699 3234,3699 3414,3700 3415,3699 3415,3694 3416,3693 3420,3693 3423,3690 3423,3689 3423,3689 3432,3689 3434,3690 3434,3691 3435,3692 3435,3693 3436,3693 3438,3695 3877,3697 3878,3698 3880,3698 3882,3700 3883,3700 3885,3701 3885,3740 3885,3741 4042,3741 4044,3743 4044,3758 4044,3758 4101,3759 4103,3760 4103,3761 4104,3763 4112,3763 4114,3764 4114,3786 4115,3787 4114,3821 4115,3822 4121,3822 4121,3822 4121,3824 4117,3829 4116,3829 4115,3830 4113,3830 4110,3827 4110,3819 4110,3819 3461,3816 3460,3816 3460,3842 3459,3844 3338,3843 3337,3844 3337,3857 3337,3857 3179,3857 3178,3857 3178,3859 3178,3860 3173,3860 3172,3861 3047,3860 3046,3860 3046,3861 3046,3862 2721,3861 2720,3861 2720,3863 2720,3864"/><TextEquiv index="1"><Unicode>cher, me repliqua-t-il, je vais donc m'ex-</Unicode></TextEquiv></TextLine><TextLine id="r0_l020"><Coords points="1875,4019 1874,4018 1875,3974 1874,3974 1805,3974 1802,3971 1537,3969 1537,3970 1537,3973 1535,3974 1463,3974 1463,3975 1463,4006 1461,4007 1431,4007 1430,4005 1430,3971 1429,3971 1275,3970 1275,3971 1275,4002 1273,4003 1272,4003 1271,4005 1271,4006 1269,4007 1264,4007 1264,4007 1264,4004 1263,4003 1216,4003 1215,4001 1215,3940 1214,3940 1208,3940 1208,3939 1208,3930 1206,3929 1205,3929 1204,3927 1204,3926 1203,3926 1202,3926 1201,3924 1201,3923 1200,3922 1200,3921 1201,3920 1201,3919 1201,3919 1202,3918 1203,3918 1204,3917 1204,3901 1207,3899 1208,3899 1208,3898 1208,3893 1210,3892 1211,3892 1212,3890 1212,3889 1213,3889 1214,3889 1215,3887 1215,3886 1217,3885 1308,3885 1308,3885 1308,3853 1309,3852 1310,3852 1311,3851 1367,3852 1367,3852 1367,3854 1368,3855 1373,3855 1374,3856 1374,3860 1377,3863 1378,3863 1378,3863 1378,3895 1379,3896 1481,3896 1481,3896 1481,3895 1484,3892 1586,3893 1587,3892 1599,3892 1600,3893 1600,3894 1602,3896 1673,3896 1674,3898 1674,3899 1676,3900 1677,3900 1678,3902 1678,3903 1678,3903 1679,3903 1681,3905 1681,3929 1681,3929 1798,3930 1799,3929 1799,3858 1800,3857 1800,3856 1802,3855 1910,3855 1910,3855 1910,3854 1912,3852 1957,3852 1958,3851 2031,3852 2032,3851 2043,3851 2044,3849 2044,3848 2045,3848 2095,3848 2095,3847 2095,3837 2096,3837 2109,3837 2110,3838 2121,3838 2123,3840 2124,3840 2125,3841 2125,3850 2126,3851 2200,3851 2201,3852 2202,3852 2202,3853 2203,3854 2203,3855 2204,3855 2224,3855 2224,3856 2224,3857 2227,3859 2228,3859 2228,3860 2228,3861 2231,3863 2232,3863 2232,3864 2232,3873 2234,3874 2235,3874 2236,3876 2236,3899 2237,3899 2338,3900 2339,3899 2340,3899 2341,3900 2488,3901 2489,3900 2579,3900 2581,3902 2702,3902 2702,3902 2702,3863 2703,3862 2705,3862 2706,3864 2720,3864 2720,3864 2720,3872 2722,3874 2723,3874 2724,3875 2724,3883 2726,3885 2727,3885 2728,3886 2728,3887 2729,3888 2730,3888 2731,3889 2731,3902 2732,3903 2734,3903 2735,3904 2735,3905 2736,3907 2737,3907 2739,3908 2739,3909 2740,3911 2741,3911 2742,3911 2742,3923 2742,3924 2871,3924 2872,3924 2872,3920 2873,3918 2874,3918 2875,3918 2875,3917 2877,3914 2878,3914 2879,3914 2879,3913 2880,3911 2888,3911 2890,3910 2890,3909 2891,3907 2953,3908 2954,3907 3030,3907 3031,3906 3031,3870 3032,3870 3034,3870 3034,3869 3034,3864 3036,3863 3037,3863 3038,3862 3156,3862 3158,3860 3172,3861 3173,3860 3224,3860 3225,3859 3329,3859 3331,3857 3338,3857 3340,3859 3344,3859 3345,3861 3345,3865 3349,3869 3349,3908 3349,3908 3477,3909 3479,3907 3484,3907 3485,3906 3485,3902 3486,3901 3486,3900 3487,3900 3488,3900 3489,3898 3489,3893 3490,3893 3491,3893 3493,3890 3493,3878 3494,3878 3495,3878 3497,3875 3497,3870 3498,3870 3503,3870 3504,3868 3504,3867 3506,3866 3511,3866 3511,3866 3511,3865 3513,3863 3537,3863 3537,3864 3537,3865 3538,3866 3540,3867 3541,3867 3541,3868 3541,3900 3542,3900 3626,3901 3628,3903 3676,3903 3678,3905 3808,3905 3810,3903 3818,3903 3818,3903 3818,3902 3820,3900 3956,3901 3965,3892 4089,3893 4090,3892 4102,3892 4103,3890 4103,3889 4104,3889 4105,3889 4107,3886 4107,3885 4108,3885 4113,3885 4114,3886 4114,3950 4114,3951 4138,3951 4140,3952 4140,3953 4140,3954 4141,3955 4142,3955 4144,3956 4144,3964 4142,3966 4133,3966 4133,3966 4133,3967 4132,3968 4132,3969 4131,3970 4107,3970 4107,3970 4107,3975 4105,3977 4104,3977 4103,3978 4103,3983 4101,3985 4100,3985 4099,3986 4099,3987 4098,3988 4097,3988 4095,3990 4095,3991 4094,3992 4089,3992 4088,3993 4088,3998 4087,3999 4086,3999 4085,4000 4060,3999 4059,4000 4057,4000 4056,3999 4055,3999 4055,3999 4055,3978 4054,3977 4045,3977 4045,3978 4044,4025 4044,4025 4042,4025 4041,4024 4034,4024 4033,4024 4034,3978 4033,3977 3840,3976 3839,3977 3683,3977 3681,3979 3681,3980 3680,3981 3566,3980 3565,3981 3564,3981 3563,3980 3563,3979 3561,3977 3553,3977 3552,3976 3552,3975 3551,3974 3353,3973 3353,3974 3353,3975 3352,3976 3352,3977 3351,3977 3182,3977 3182,3977 3182,3994 3180,3996 3179,3996 3179,3996 3179,4001 3177,4003 3176,4003 3175,4004 3175,4005 3173,4007 3172,4007 3171,4008 3171,4009 3169,4011 3168,4011 3168,4011 3168,4013 3166,4015 3157,4014 3157,4014 3157,4013 3156,4012 3156,3979 3155,3978 3057,3978 3056,3977 2931,3976 2931,3977 2931,4010 2930,4010 2929,4010 2927,4013 2927,4014 2926,4014 2909,4014 2909,4014 2909,4013 2906,4010 2905,4010 2905,4010 2905,3982 2904,3981 2887,3981 2887,3981 2887,3980 2884,3977 2880,3977 2879,3976 2879,3975 2878,3974 2747,3974 2746,3975 2746,3976 2745,3977 2709,3977 2708,3978 2413,3976 2412,3977 2273,3977 2273,3976 2273,3975 2272,3975 2011,3973 2005,3973 2004,3974 1888,3974 1888,3974 1887,4018 1887,4019"/><TextEquiv index="1"><Unicode>pliquer. Miſſ Serene à qui j'ai ſouvent,</Unicode></TextEquiv></TextLine><TextLine id="r0_l021"><Coords points="2648,4185 2648,4185 2648,4183 2647,4182 2426,4181 2425,4180 2424,4180 2424,4180 2424,4176 2423,4175 1911,4173 1911,4173 1911,4172 1908,4169 1907,4169 1907,4169 1907,4165 1906,4164 1382,4162 1382,4161 1382,4137 1381,4137 1320,4136 1317,4133 1235,4133 1234,4132 1234,4131 1233,4129 1229,4129 1225,4125 1221,4125 1219,4124 1219,4123 1219,4122 1218,4122 1215,4120 1215,4108 1215,4107 1214,4107 1212,4105 1212,4104 1211,4103 1211,4103 1210,4103 1208,4101 1208,4096 1209,4096 1210,4096 1212,4093 1212,4070 1213,4070 1214,4070 1216,4068 1216,4067 1217,4066 1222,4066 1223,4065 1223,4065 1223,4060 1224,4059 1226,4059 1227,4058 1266,4058 1266,4058 1267,4013 1268,4011 1280,4011 1281,4010 1282,4010 1283,4011 1284,4011 1285,4012 1599,4014 1601,4015 1600,4017 1601,4018 2809,4023 2810,4022 2811,4022 2813,4019 2814,4018 2814,4018 3933,4023 3934,4022 3950,4022 3953,4019 3953,4018 3953,4018 3958,4018 3960,4019 3960,4020 3961,4022 3962,4022 3962,4022 3962,4023 3963,4024 4041,4024 4042,4025 4044,4025 4044,4026 4044,4028 4046,4029 4047,4029 4047,4030 4047,4031 4048,4032 4048,4054 4049,4054 4091,4055 4092,4056 4092,4061 4093,4062 4094,4062 4096,4064 4096,4065 4097,4066 4110,4066 4110,4066 4110,4080 4111,4081 4136,4081 4136,4081 4136,4082 4137,4083 4137,4084 4136,4085 4136,4087 4136,4088 4122,4088 4121,4088 4121,4098 4120,4100 4119,4100 4118,4100 4118,4101 4117,4103 4115,4103 4114,4103 4114,4142 4112,4144 4111,4144 4110,4145 4110,4150 4109,4151 4100,4151 4100,4151 4100,4152 4097,4155 3822,4153 3820,4155 3819,4155 3818,4157 3818,4158 3817,4158 3816,4158 3816,4159 3815,4160 3815,4161 3813,4162 3812,4162 3812,4163 3811,4164 3811,4165 3809,4166 3808,4166 3807,4168 3807,4169 3805,4170 3797,4170 3796,4172 3796,4173 3795,4173 3027,4170 3027,4170 3027,4183 3026,4184 2857,4183 2856,4184 2833,4184 2832,4185 2753,4185 2752,4186"/><TextEquiv index="1"><Unicode>dans les épanchemens de mon cœur, fait</Unicode></TextEquiv></TextLine><TextLine id="r0_l022"><Coords points="2131,4348 2130,4347 2130,4306 2130,4306 1414,4303 1411,4300 1221,4299 1219,4298 1219,4297 1218,4295 1217,4295 1215,4294 1216,4195 1215,4194 1215,4193 1214,4192 1213,4192 1212,4190 1212,4188 1212,4188 1213,4188 1215,4187 1215,4183 1216,4181 1217,4181 1219,4180 1219,4179 1220,4177 1806,4180 1807,4179 1807,4178 1808,4177 1816,4177 1818,4175 1818,4174 1819,4173 1823,4173 1832,4182 2816,4186 2817,4185 2851,4185 2852,4184 2957,4185 2958,4184 3194,4185 3195,4184 3224,4184 3225,4185 4020,4188 4022,4190 4022,4191 4022,4191 4102,4192 4103,4192 4103,4198 4103,4199 4116,4199 4118,4200 4118,4205 4117,4206 4093,4206 4093,4206 4092,4267 4088,4271 4088,4275 4087,4277 4086,4277 4085,4277 4085,4278 4082,4282 4030,4281 4029,4282 4029,4302 4028,4303 4027,4303 4025,4305 4025,4306 4025,4306 3982,4306 3981,4307 3981,4328 3981,4328 3975,4328 3974,4329 3974,4331 3973,4332 3932,4332 3931,4332 3931,4350 3931,4351 3439,4349 3438,4348 3438,4344 3438,4344 2144,4338 2143,4339 2143,4348 2143,4348"/><TextEquiv index="1"><Unicode>le recit de notre amitié &amp; de vos excel-</Unicode></TextEquiv></TextLine><TextLine id="r0_l023"><Coords points="1385,4510 1384,4509 1385,4466 1384,4466 1208,4465 1208,4464 1208,4358 1208,4358 1206,4358 1204,4356 1204,4352 1206,4351 1207,4351 1208,4349 1208,4344 1210,4343 1226,4343 1226,4343 1226,4342 1228,4340 1229,4340 1230,4339 1231,4339 1232,4340 1233,4340 1234,4342 1234,4343 1235,4343 1244,4343 1245,4344 2909,4351 2909,4351 2909,4349 2911,4347 3353,4349 3353,4349 3353,4348 3354,4347 3363,4347 3363,4347 3363,4346 3366,4343 3656,4345 3658,4343 3669,4343 3671,4345 3671,4346 3672,4347 3673,4347 3675,4349 3707,4349 3708,4350 3933,4351 3933,4351 3933,4390 3933,4391 3986,4391 3989,4394 4090,4395 4092,4396 4092,4397 4093,4399 4098,4399 4099,4399 4099,4400 4100,4402 4145,4402 4147,4403 4147,4405 4148,4406 4148,4442 4148,4443 4149,4443 4151,4444 4151,4445 4149,4447 4148,4447 4148,4447 4148,4448 4145,4451 4107,4451 4107,4451 4107,4459 4097,4469 4093,4469 4092,4470 4092,4471 4090,4473 4084,4473 4083,4474 3858,4473 3858,4473 3857,4513 3857,4514 3848,4513 3847,4513 3848,4473 3847,4472 3286,4470 3286,4471 3286,4472 3284,4473 3167,4473 3166,4474 2887,4472 2887,4473 2886,4481 2887,4481 3592,4484 3593,4486 3593,4490 3592,4491 2887,4488 2886,4489 2886,4515 2886,4515 2881,4515 2880,4515 2880,4507 2880,4506 1782,4501 1781,4502 1399,4501 1398,4501 1398,4509 1398,4510"/><TextEquiv index="1"><Unicode>lentes qualités, m'a demandé ſi vous</Unicode></TextEquiv></TextLine><TextLine id="r0_l024"><Coords points="2631,4675 2630,4674 1494,4669 1493,4668 1493,4633 1492,4632 1446,4632 1443,4629 1224,4628 1220,4624 1216,4624 1215,4623 1215,4622 1214,4621 1213,4621 1212,4619 1212,4614 1211,4614 1210,4614 1208,4611 1208,4562 1209,4562 1210,4562 1210,4561 1212,4559 1212,4558 1213,4558 1222,4558 1223,4557 1223,4556 1225,4554 1233,4554 1234,4553 1234,4552 1236,4550 1378,4551 1378,4550 1378,4514 1379,4514 1380,4514 1382,4511 1382,4510 1383,4510 2879,4516 2880,4515 3297,4517 3297,4517 3297,4515 3298,4514 3299,4514 3301,4512 3301,4511 3302,4510 3774,4512 3776,4510 3807,4510 3807,4511 3807,4512 3809,4513 3859,4514 3859,4514 3859,4515 3860,4516 3861,4517 3862,4517 3863,4518 3863,4542 3864,4543 3918,4543 3918,4543 3918,4556 3919,4557 4099,4558 4099,4558 4099,4559 4101,4561 4109,4561 4110,4562 4110,4566 4114,4570 4114,4578 4116,4580 4117,4580 4118,4581 4118,4582 4119,4583 4135,4583 4136,4584 4136,4586 4136,4587 4135,4587 4134,4588 4119,4588 4118,4588 4118,4589 4117,4591 4116,4591 4114,4592 4114,4623 4113,4624 4112,4624 4104,4632 4100,4632 4099,4633 4099,4634 4098,4635 4097,4635 4096,4636 3986,4635 3985,4636 3948,4636 3948,4636 3948,4666 3945,4669 3404,4667 3404,4667 3404,4675 3403,4676 3211,4675 3211,4675 3211,4676 3210,4677 2650,4674 2649,4675"/><TextEquiv index="1"><Unicode>aviez avec vous quelque Domeſtique</Unicode></TextEquiv></TextLine><TextLine id="r0_l025"><Coords points="1323,4840 1323,4840 1323,4795 1323,4794 1224,4794 1223,4794 1223,4793 1221,4790 1220,4790 1219,4790 1219,4730 1221,4728 1222,4728 1223,4727 1223,4726 1225,4724 1226,4724 1226,4724 1226,4723 1229,4720 1230,4720 1230,4720 1230,4719 1232,4717 1237,4717 1237,4717 1238,4696 1238,4695 1239,4695 1240,4694 1247,4694 1249,4693 1249,4689 1250,4687 1251,4687 1252,4687 1252,4682 1253,4680 1258,4680 1260,4679 1260,4678 1261,4676 1262,4676 1263,4676 1263,4675 1265,4672 1273,4672 1275,4671 1275,4670 1275,4669 2855,4676 2857,4675 2857,4674 2858,4672 3713,4676 3715,4674 3715,4673 3716,4672 3738,4672 3741,4675 3741,4698 3741,4698 3742,4698 3744,4700 3744,4701 3746,4703 4089,4705 4090,4706 4091,4706 4096,4711 4096,4723 4097,4724 4106,4724 4107,4725 4107,4730 4109,4732 4132,4732 4133,4733 4133,4734 4134,4735 4154,4735 4155,4736 4155,4744 4154,4746 4145,4746 4144,4746 4144,4748 4143,4750 4116,4750 4114,4751 4114,4756 4114,4757 4111,4757 4110,4757 4110,4782 4110,4783 4109,4783 4107,4784 4107,4788 4099,4796 4099,4797 4099,4798 4086,4798 4085,4798 4085,4799 4083,4801 4083,4802 4083,4803 3945,4802 3944,4802 3944,4830 3943,4831 3674,4830 3674,4830 3674,4840 3673,4841 3656,4841 3655,4840 2346,4834 2345,4835 2333,4835 2333,4835 2333,4838 2332,4839 1977,4837 1977,4838 1977,4840 1976,4840 1337,4838 1337,4838 1337,4840 1336,4841"/><TextEquiv index="1"><Unicode>fidèle; &amp; ſur ce que je lui ai répondu que</Unicode></TextEquiv></TextLine><TextLine id="r0_l026"><Coords points="1305,5003 1304,5003 1304,4962 1304,4961 1225,4961 1223,4960 1223,4959 1222,4957 1217,4957 1215,4956 1216,4897 1215,4896 1215,4893 1217,4890 1218,4890 1219,4890 1219,4885 1220,4883 1236,4883 1238,4882 1238,4881 1239,4879 1314,4879 1315,4879 1315,4845 1317,4842 1321,4842 1323,4840 1952,4843 1955,4840 2316,4842 2317,4841 2317,4840 2318,4839 2539,4840 2544,4835 2548,4835 2550,4833 2550,4832 2550,4832 2551,4832 2552,4831 2559,4831 2561,4832 2561,4833 2561,4834 3004,4836 3005,4836 3005,4837 3005,4838 3673,4841 3674,4841 3674,4844 3675,4846 3676,4846 3678,4847 3678,4880 3678,4881 4086,4883 4088,4884 4088,4885 4089,4887 4098,4887 4099,4887 4099,4888 4099,4889 4108,4898 4109,4898 4110,4898 4110,4899 4112,4902 4113,4902 4114,4902 4114,4904 4114,4905 4156,4905 4159,4907 4159,4910 4156,4913 4115,4913 4115,4913 4114,4944 4113,4946 4112,4946 4110,4947 4110,4956 4110,4957 4109,4957 4107,4958 4107,4962 4105,4965 4071,4964 4070,4965 3945,4965 3944,4965 3944,4992 3943,4994 3935,4994 3933,4995 3933,4996 3932,4998 3928,4998 3925,4995 3925,4994 3925,4994 3920,4994 3918,4992 3918,4991 3918,4991 3917,4991 3914,4988 3914,4986 3914,4986 3865,4986 3864,4986 3864,5008 3864,5009 3854,5009 3853,5008 3842,5007 3841,5007 3841,4986 3841,4985 3332,4983 3330,4982 3330,4961 3330,4960 2581,4957 2580,4957 2580,5000 2580,5001 2433,5000 2432,5001 2432,5002 2432,5002 1567,4999 1566,4999 1566,5002 1566,5003 1316,5001 1315,5002 1315,5003 1315,5003"/><TextEquiv index="1"><Unicode>ni vous ni moi n'en avions; mais que</Unicode></TextEquiv></TextLine><TextLine id="r0_l027"><Coords points="1493,5168 1492,5168 1493,5125 1492,5124 1420,5124 1420,5124 1420,5159 1419,5160 1418,5160 1417,5161 1396,5161 1395,5160 1394,5160 1390,5156 1389,5156 1389,5155 1389,5124 1388,5124 1336,5124 1335,5123 1334,5123 1332,5121 1250,5120 1249,5119 1249,5118 1247,5116 1235,5116 1234,5115 1234,5114 1233,5113 1232,5113 1231,5112 1227,5112 1227,5112 1227,5111 1225,5109 1224,5109 1223,5108 1223,5107 1221,5105 1220,5105 1219,5104 1219,5099 1218,5098 1217,5098 1215,5096 1215,5074 1216,5072 1217,5072 1219,5071 1219,5059 1220,5057 1225,5057 1226,5057 1226,5056 1228,5053 1232,5053 1234,5052 1234,5051 1234,5050 1235,5050 1236,5049 1240,5049 1241,5049 1241,5044 1243,5042 1256,5042 1256,5042 1256,5003 1257,5002 1258,5002 1259,5001 1291,5001 1292,5002 1293,5002 1294,5003 1315,5003 1315,5004 1315,5045 1316,5045 1359,5046 1360,5047 1360,5048 1360,5049 1551,5049 1552,5049 1552,5007 1554,5005 1559,5006 1559,5005 1559,5004 1561,5003 1567,5003 1567,5003 1567,5004 1568,5005 1573,5005 1574,5006 1574,5048 1574,5049 1698,5049 1700,5048 1700,5047 1701,5046 1793,5047 1794,5046 1861,5046 1870,5036 1870,5035 1871,5035 1872,5035 1874,5032 1874,5031 1875,5031 1880,5031 1881,5032 1881,5040 1883,5042 1884,5042 1884,5042 1884,5043 1885,5044 1999,5044 2001,5042 2007,5042 2007,5042 2007,5032 2008,5031 2092,5032 2093,5031 2099,5031 2099,5031 2099,5045 2100,5046 2209,5046 2210,5047 2247,5048 2247,5047 2247,5011 2250,5008 2250,5007 2253,5005 2254,5005 2254,5004 2254,5003 2256,5002 2432,5002 2432,5003 2432,5046 2433,5046 2479,5047 2480,5046 2565,5046 2565,5045 2565,5006 2567,5005 2568,5005 2569,5003 2569,5001 2570,5001 2729,5002 2730,5001 2741,5001 2742,5002 2742,5003 2744,5005 2749,5005 2750,5006 2750,5007 2752,5009 2753,5009 2753,5009 2753,5010 2756,5013 2757,5013 2757,5013 2757,5018 2759,5020 2760,5020 2761,5021 2761,5045 2762,5046 2894,5046 2894,5046 2894,5007 2896,5005 2897,5005 2898,5004 2898,5004 2898,5003 2900,5001 2901,5001 2901,5001 2901,5000 2903,4998 2912,4998 2912,4999 2912,5000 2915,5002 2916,5002 2916,5003 2916,5008 2917,5008 2918,5008 2920,5011 2920,5045 2921,5045 2963,5046 2964,5044 2964,5043 2966,5042 2967,5042 2968,5043 2968,5044 2970,5046 2978,5046 2979,5047 2979,5048 2980,5049 2981,5049 2983,5051 2983,5052 2983,5053 2984,5053 2986,5054 2986,5055 2987,5056 2987,5089 2987,5090 3133,5090 3134,5090 3134,5052 3137,5049 3138,5049 3138,5049 3138,5048 3140,5046 3168,5047 3169,5046 3174,5046 3175,5044 3175,5043 3177,5042 3323,5042 3323,5042 3323,5014 3325,5012 3327,5015 3327,5016 3328,5016 3330,5016 3330,5017 3330,5042 3331,5042 3412,5043 3413,5042 3415,5042 3415,5042 3415,5043 3416,5044 3416,5045 3417,5046 3641,5047 3642,5046 3643,5046 3645,5043 3645,5042 3646,5042 3647,5042 3652,5047 3652,5048 3653,5049 3837,5049 3837,5049 3837,5010 3838,5009 3839,5009 3841,5007 3853,5008 3854,5009 3866,5009 3866,5009 3866,5048 3867,5049 4023,5049 4024,5050 4025,5050 4025,5051 4025,5052 4026,5052 4098,5053 4100,5055 4100,5056 4100,5057 4101,5057 4103,5058 4103,5059 4103,5060 4104,5060 4107,5062 4107,5093 4107,5094 4135,5094 4136,5094 4136,5100 4135,5101 4107,5101 4107,5101 4107,5114 4105,5116 4104,5116 4103,5117 4103,5122 4102,5123 4101,5123 4100,5124 4096,5124 4096,5124 4096,5125 4094,5127 4089,5127 4088,5128 4088,5129 4086,5131 4083,5131 4082,5132 4023,5131 4021,5129 4021,5128 4020,5127 4008,5127 4008,5128 4008,5167 4006,5168 4005,5168 4004,5167 4004,5165 4003,5164 3890,5164 3889,5162 3889,5161 3888,5160 3888,5125 3887,5125 3789,5124 3789,5125 3789,5126 3787,5127 3690,5127 3688,5125 3631,5125 3631,5125 3631,5166 3629,5168 3623,5168 3622,5167 3623,5125 3622,5125 3503,5124 3502,5123 3501,5123 3499,5121 3202,5120 3202,5120 3201,5166 3201,5167 3191,5167 3190,5166 3191,5120 3190,5120 3155,5119 3154,5120 3075,5120 3075,5121 3075,5130 3073,5131 3072,5131 3072,5132 3072,5133 3069,5135 3068,5135 3068,5136 3068,5141 3066,5142 3065,5142 3064,5144 3064,5145 3063,5145 3062,5145 3060,5148 3060,5149 3059,5149 3058,5149 3057,5151 3057,5152 3055,5153 3050,5153 3050,5154 3050,5155 3047,5157 3045,5154 3045,5153 3044,5153 3043,5153 3042,5151 3042,5120 3041,5120 2929,5119 2929,5120 2928,5167 2928,5167 2832,5167 2831,5167 2832,5125 2831,5124 2685,5123 2684,5124 2477,5124 2476,5125 2332,5124 2332,5124 2332,5125 2330,5127 2322,5127 2321,5125 2321,5124 2320,5124 2164,5123 2163,5124 2008,5123 2007,5124 2003,5124 2003,5125 2003,5126 2001,5127 1985,5127 1985,5127 1985,5126 1983,5124 1753,5123 1752,5124 1556,5123 1555,5124 1499,5124 1499,5125 1498,5168 1498,5168"/><TextEquiv index="1"><Unicode>depuis notre arrivée à Paris, nous en avions</Unicode></TextEquiv></TextLine><TextLine id="r0_l028"><Coords points="1899,5333 1899,5332 1899,5290 1898,5290 1791,5290 1790,5291 1682,5290 1681,5289 1681,5288 1679,5286 1492,5285 1491,5286 1483,5286 1481,5289 1481,5290 1480,5290 1472,5290 1470,5288 1470,5287 1469,5286 1326,5285 1325,5286 1220,5286 1219,5285 1219,5281 1217,5279 1216,5279 1216,5279 1216,5278 1215,5277 1215,5251 1214,5249 1213,5249 1212,5248 1212,5179 1212,5179 1162,5179 1156,5173 1156,5172 1157,5172 1158,5172 1159,5171 1219,5171 1219,5171 1219,5170 1221,5168 1225,5168 1227,5166 1227,5165 1228,5164 1251,5164 1256,5170 1256,5186 1257,5186 1281,5186 1282,5188 1282,5189 1283,5189 1284,5190 1285,5190 1286,5192 1286,5196 1287,5196 1474,5197 1474,5197 1474,5196 1477,5193 1478,5193 1478,5193 1478,5181 1480,5179 1481,5179 1481,5179 1481,5178 1482,5177 1482,5169 1483,5168 1608,5169 1609,5168 1617,5168 1619,5165 1619,5164 1620,5164 1629,5164 1629,5164 1629,5165 1634,5170 1636,5172 1637,5172 1637,5172 1637,5200 1638,5201 1725,5201 1726,5203 1726,5207 1727,5207 1806,5208 1807,5209 1807,5210 1809,5212 1810,5212 1811,5213 1811,5215 1812,5216 1999,5216 1999,5216 1999,5174 2009,5164 2020,5165 2021,5164 2021,5164 2021,5165 2022,5166 2022,5185 2023,5186 2024,5186 2025,5187 2025,5211 2026,5212 2217,5212 2217,5212 2217,5211 2220,5208 2221,5208 2221,5208 2221,5203 2223,5201 2224,5201 2225,5200 2225,5200 2225,5199 2227,5197 2231,5197 2232,5199 2232,5200 2233,5200 2254,5201 2254,5201 2254,5211 2255,5212 2416,5212 2417,5211 2417,5210 2418,5209 2458,5209 2458,5209 2458,5199 2460,5197 2461,5197 2461,5197 2461,5196 2463,5194 2465,5194 2465,5195 2465,5209 2466,5209 2506,5210 2507,5209 2508,5209 2509,5208 2511,5208 2512,5209 2513,5209 2513,5209 2513,5210 2515,5212 2708,5213 2709,5212 2750,5212 2750,5211 2750,5172 2751,5172 2752,5172 2754,5169 2754,5168 2755,5168 2760,5168 2761,5166 2761,5165 2763,5164 2764,5164 2765,5164 2765,5165 2765,5166 2766,5167 2928,5167 2929,5168 2930,5168 2931,5170 2931,5207 2932,5208 3147,5208 3148,5209 3149,5209 3149,5210 3149,5211 3150,5211 3191,5212 3191,5211 3191,5167 3192,5167 3200,5167 3200,5167 3200,5211 3201,5212 3341,5212 3341,5212 3341,5211 3344,5208 3402,5209 3403,5208 3500,5208 3500,5207 3500,5202 3502,5201 3503,5201 3504,5200 3504,5192 3506,5190 3507,5190 3508,5189 3508,5188 3510,5186 3511,5186 3511,5186 3511,5181 3513,5179 3514,5179 3514,5179 3515,5178 3515,5177 3517,5175 3518,5175 3519,5174 3519,5173 3520,5172 3521,5172 3522,5171 3526,5171 3526,5171 3526,5170 3528,5168 3623,5169 3624,5168 3670,5168 3670,5168 3670,5169 3672,5171 3796,5171 3796,5171 3796,5170 3798,5168 3810,5168 3812,5170 3898,5171 3900,5173 3900,5177 3902,5179 3903,5179 3903,5179 3903,5207 3904,5208 3933,5208 3933,5207 3933,5205 3934,5205 3943,5205 3948,5210 3948,5218 3949,5219 4008,5219 4009,5220 4010,5220 4011,5222 4011,5223 4012,5223 4013,5223 4014,5225 4014,5255 4015,5255 4090,5256 4092,5258 4092,5259 4093,5260 4107,5260 4107,5259 4107,5198 4109,5197 4116,5197 4117,5198 4118,5198 4118,5198 4118,5259 4119,5260 4135,5260 4136,5261 4136,5262 4138,5264 4139,5264 4140,5265 4140,5281 4141,5282 4146,5282 4147,5283 4147,5284 4148,5286 4149,5286 4151,5287 4151,5288 4149,5290 4107,5290 4107,5290 4107,5291 4104,5294 4100,5294 4099,5295 4099,5296 4098,5297 4097,5297 4095,5299 4095,5300 4094,5301 4093,5301 4092,5302 4092,5303 4091,5304 4090,5304 4088,5306 4088,5307 4087,5308 4086,5308 4084,5310 4084,5311 4082,5313 4071,5312 4067,5316 4056,5316 4055,5315 4055,5295 4054,5294 3890,5294 3887,5291 3723,5290 3722,5291 3722,5292 3721,5293 3720,5293 3719,5294 3709,5294 3706,5291 3490,5290 3489,5288 3489,5287 3488,5287 3334,5286 3334,5287 3334,5332 3333,5332 3316,5332 3316,5332 3316,5287 3315,5286 3260,5286 3260,5286 3260,5318 3259,5319 3239,5319 3238,5320 3238,5321 3236,5323 3235,5323 3234,5321 3234,5320 3233,5319 3232,5319 3231,5319 3230,5317 3230,5287 3229,5287 3128,5286 3127,5285 3127,5284 3126,5283 2998,5283 2997,5284 2997,5285 2996,5286 2934,5286 2933,5287 2763,5286 2763,5286 2763,5330 2762,5331 2752,5331 2752,5330 2752,5286 2751,5286 2690,5285 2689,5286 2577,5286 2576,5287 2576,5288 2574,5290 2559,5290 2556,5287 2243,5285 2242,5286 2237,5286 2236,5288 2236,5289 2234,5290 2233,5290 2232,5289 2232,5288 2230,5286 2184,5286 2184,5287 2184,5322 2182,5323 2092,5323 2092,5322 2092,5286 2091,5286 2022,5286 2022,5286 2022,5287 2021,5288 2021,5289 2019,5291 1918,5290 1918,5291 1918,5333 1917,5333"/><TextEquiv index="1"><Unicode>loué deux dont nous n'étions pas ſatisfaits,</Unicode></TextEquiv></TextLine><TextLine id="r0_l029"><Coords points="2374,5495 2373,5495 2373,5454 2373,5453 2265,5453 2264,5452 2263,5452 2262,5451 2262,5450 2262,5450 2126,5449 2125,5449 2125,5477 2125,5478 2119,5478 2118,5478 2118,5483 2116,5486 2097,5486 2096,5486 2096,5492 2096,5493 2081,5493 2080,5492 2080,5482 2080,5482 2079,5482 2077,5480 2077,5454 2077,5454 1960,5453 1959,5454 1959,5455 1958,5456 1956,5456 1955,5456 1955,5455 1954,5453 1847,5453 1846,5452 1845,5452 1844,5451 1844,5450 1844,5450 1816,5450 1815,5450 1815,5490 1814,5491 1814,5492 1814,5493 1808,5493 1807,5492 1807,5450 1807,5450 1701,5449 1700,5450 1700,5451 1698,5453 1595,5453 1594,5452 1564,5452 1563,5451 1563,5450 1563,5450 1439,5449 1437,5450 1437,5451 1437,5452 1436,5452 1435,5453 1329,5453 1328,5454 1255,5453 1252,5451 1252,5450 1252,5449 1247,5449 1245,5448 1245,5447 1244,5445 1243,5445 1241,5444 1241,5443 1240,5441 1239,5441 1238,5441 1238,5440 1237,5438 1232,5438 1230,5437 1230,5432 1229,5430 1228,5430 1227,5430 1227,5429 1226,5428 1226,5421 1225,5419 1224,5419 1223,5419 1223,5413 1224,5412 1225,5412 1226,5411 1227,5387 1227,5386 1236,5386 1237,5386 1237,5385 1239,5382 1240,5382 1241,5382 1241,5381 1243,5378 1244,5378 1245,5378 1245,5377 1246,5375 1258,5375 1260,5374 1260,5373 1261,5371 1310,5371 1311,5371 1311,5341 1312,5340 1312,5339 1312,5338 1317,5338 1319,5337 1319,5336 1320,5334 1352,5335 1353,5334 1365,5334 1367,5332 1367,5331 1367,5331 1368,5331 1369,5330 1372,5330 1374,5331 1374,5332 1375,5333 1375,5334 1376,5334 1378,5335 1378,5366 1378,5367 1468,5367 1471,5370 1471,5375 1471,5375 1625,5376 1626,5375 1626,5338 1626,5338 1627,5338 1629,5336 1629,5332 1631,5330 1635,5330 1638,5327 1646,5327 1648,5328 1648,5329 1648,5330 1653,5330 1655,5331 1655,5332 1656,5334 1657,5334 1659,5335 1659,5337 1659,5338 1695,5338 1696,5339 1696,5378 1696,5378 1711,5378 1712,5379 1713,5379 1715,5381 1715,5382 1715,5382 1829,5383 1830,5382 1835,5382 1837,5380 1837,5379 1837,5379 1838,5379 1839,5378 1850,5378 1851,5377 1851,5336 1855,5332 1855,5331 1855,5331 1856,5331 1857,5330 1871,5330 1874,5333 1917,5333 1918,5334 1918,5337 1919,5338 1920,5338 1922,5340 1922,5364 1922,5364 1961,5364 1962,5365 1962,5366 1962,5366 1964,5368 1965,5368 1966,5369 1966,5377 1966,5377 2190,5378 2191,5378 2191,5337 2197,5330 2215,5330 2217,5332 2217,5333 2217,5333 2371,5334 2372,5335 2372,5336 2374,5338 2375,5338 2376,5339 2376,5375 2376,5375 2438,5375 2439,5376 2439,5377 2441,5379 2557,5380 2558,5379 2559,5379 2560,5378 2564,5378 2565,5377 2565,5365 2570,5360 2571,5360 2572,5359 2572,5350 2573,5349 2574,5349 2576,5347 2576,5339 2577,5338 2578,5338 2580,5336 2580,5331 2580,5331 2581,5331 2582,5330 2596,5330 2598,5332 2598,5367 2598,5367 2715,5368 2716,5367 2716,5366 2717,5365 2717,5364 2717,5364 2745,5364 2746,5363 2746,5339 2747,5338 2748,5338 2750,5336 2750,5331 2750,5331 2763,5331 2765,5332 2765,5333 2765,5334 2766,5334 2768,5335 2768,5366 2768,5367 2806,5367 2807,5368 2808,5368 2809,5368 2809,5373 2810,5374 2810,5375 2811,5375 2813,5376 2813,5377 2813,5378 2817,5378 2818,5379 2819,5379 2820,5380 2820,5381 2820,5381 2934,5382 2935,5381 2935,5380 2935,5380 2936,5380 2937,5379 2937,5378 2937,5378 2941,5378 2942,5377 2942,5376 2943,5375 2985,5375 2986,5374 2986,5336 2987,5335 2987,5334 2987,5334 2992,5334 2994,5332 2994,5331 2994,5331 2995,5331 2996,5330 3009,5330 3010,5331 3011,5331 3012,5331 3012,5374 3012,5375 3128,5375 3132,5371 3136,5371 3138,5373 3138,5374 3138,5374 3269,5375 3271,5373 3271,5372 3272,5371 3273,5371 3275,5369 3275,5368 3275,5368 3276,5368 3277,5368 3278,5367 3278,5366 3279,5364 3303,5364 3304,5364 3304,5359 3306,5356 3307,5356 3308,5356 3308,5344 3312,5340 3312,5336 3313,5334 3314,5334 3315,5334 3315,5333 3315,5332 3333,5332 3334,5333 3334,5375 3334,5375 3466,5376 3467,5375 3472,5375 3476,5371 3521,5371 3522,5371 3522,5337 3524,5334 3528,5334 3530,5333 3530,5332 3530,5331 3531,5331 3532,5330 3546,5330 3549,5333 3549,5334 3549,5334 3584,5334 3585,5335 3585,5336 3586,5337 3586,5367 3586,5367 3598,5367 3600,5369 3600,5370 3600,5370 3799,5371 3800,5371 3800,5343 3801,5341 3802,5341 3803,5341 3804,5340 3804,5339 3804,5338 3820,5338 3822,5340 3822,5341 3822,5341 3823,5341 3826,5344 3826,5348 3827,5349 3828,5349 3829,5350 3829,5363 3829,5363 3869,5364 3870,5364 3870,5377 3870,5378 3956,5378 3957,5379 4095,5380 4096,5379 4097,5379 4098,5378 4107,5378 4108,5379 4109,5379 4110,5379 4110,5380 4111,5382 4112,5382 4114,5383 4114,5388 4114,5389 4115,5389 4116,5390 4136,5390 4137,5390 4137,5396 4136,5397 4116,5397 4114,5398 4114,5403 4114,5404 4113,5404 4110,5406 4110,5407 4110,5408 4104,5408 4103,5408 4103,5458 4102,5460 4083,5460 4082,5461 4016,5460 4014,5459 4014,5458 4013,5456 3826,5455 3825,5456 3753,5456 3752,5457 3752,5485 3751,5486 3746,5486 3744,5488 3744,5489 3744,5489 3743,5489 3742,5490 3735,5490 3733,5492 3733,5493 3733,5493 3724,5493 3722,5491 3722,5457 3722,5457 3513,5456 3511,5455 3511,5454 3511,5453 3396,5453 3395,5454 3261,5453 3260,5453 3260,5469 3259,5471 3258,5471 3256,5472 3256,5473 3255,5475 3254,5475 3253,5475 3253,5476 3251,5479 3250,5479 3249,5479 3249,5480 3248,5482 3247,5482 3245,5483 3245,5484 3244,5486 3236,5486 3234,5487 3234,5488 3234,5489 3233,5489 3232,5490 3226,5490 3225,5489 3224,5489 3223,5488 3223,5487 3222,5486 3203,5486 3201,5484 3201,5479 3201,5479 3200,5479 3197,5476 3197,5453 3197,5453 3008,5452 3007,5453 3000,5453 2997,5450 2818,5449 2816,5451 2816,5452 2816,5452 2815,5452 2814,5453 2708,5453 2707,5454 2640,5453 2639,5454 2639,5455 2638,5456 2570,5456 2569,5455 2569,5454 2568,5453 2560,5453 2557,5450 2437,5449 2436,5450 2436,5451 2434,5453 2381,5453 2380,5454 2380,5495 2380,5495"/><TextEquiv index="1"><Unicode>elle m'a dit qu'elle étoit chargée de placer</Unicode></TextEquiv></TextLine><TextLine id="r0_l030"><Coords points="1875,5661 1874,5660 1875,5615 1874,5615 1804,5615 1804,5615 1804,5618 1803,5619 1801,5619 1798,5616 1571,5615 1571,5615 1571,5616 1570,5617 1570,5618 1569,5619 1478,5618 1477,5619 1472,5619 1472,5619 1472,5618 1471,5617 1470,5617 1469,5616 1231,5615 1230,5614 1230,5613 1229,5612 1225,5612 1224,5611 1223,5611 1223,5611 1223,5516 1222,5515 1220,5515 1219,5514 1219,5506 1221,5504 1222,5504 1223,5503 1223,5502 1224,5501 1225,5501 1227,5499 1227,5498 1228,5497 1240,5497 1242,5495 1242,5494 1243,5493 1255,5493 1256,5495 1256,5496 1258,5497 1259,5497 1260,5499 1260,5500 1262,5501 1263,5501 1264,5503 1264,5534 1264,5534 1440,5535 1441,5534 1441,5525 1450,5515 1451,5515 1452,5515 1452,5510 1453,5508 1454,5508 1456,5507 1456,5506 1458,5504 1463,5504 1463,5504 1463,5503 1469,5497 1477,5497 1478,5496 1478,5495 1480,5493 1532,5493 1537,5499 1537,5537 1537,5537 1699,5538 1700,5538 1700,5495 1702,5493 1754,5493 1755,5492 1755,5491 1756,5490 1759,5490 1759,5491 1759,5492 1761,5493 1769,5493 1770,5495 1770,5500 1771,5500 1772,5500 1774,5503 1774,5522 1774,5522 2032,5524 2033,5523 2034,5523 2036,5521 2036,5520 2036,5520 2037,5519 2038,5519 2040,5517 2040,5512 2040,5512 2041,5512 2042,5511 2044,5509 2044,5508 2044,5508 2049,5508 2051,5506 2051,5505 2053,5504 2058,5504 2058,5503 2058,5502 2061,5500 2062,5500 2062,5499 2062,5498 2064,5497 2072,5497 2073,5495 2073,5494 2075,5493 2249,5494 2250,5493 2268,5493 2270,5495 2380,5495 2382,5497 2383,5497 2384,5499 2384,5500 2386,5501 2387,5501 2387,5502 2387,5503 2388,5504 2388,5539 2388,5539 2497,5540 2499,5538 2501,5538 2502,5538 2502,5540 2502,5541 2697,5541 2698,5541 2698,5521 2699,5519 2704,5520 2705,5519 2705,5517 2706,5516 2707,5516 2709,5514 2709,5512 2709,5512 2775,5512 2776,5511 2776,5501 2777,5501 2781,5501 2782,5500 2783,5500 2783,5499 2783,5498 2785,5497 2842,5497 2842,5498 2842,5536 2842,5536 2946,5537 2947,5538 3139,5538 3140,5537 3202,5538 3203,5537 3277,5537 3278,5537 3278,5521 3279,5519 3281,5519 3282,5520 3282,5537 3282,5537 3496,5538 3497,5537 3497,5530 3497,5530 3499,5530 3500,5529 3500,5517 3502,5515 3503,5515 3504,5515 3504,5506 3506,5504 3507,5504 3508,5503 3508,5502 3509,5501 3510,5501 3512,5499 3512,5498 3513,5497 3548,5497 3548,5498 3548,5499 3551,5501 3552,5501 3552,5502 3552,5503 3558,5508 3559,5508 3559,5509 3559,5510 3560,5511 3560,5534 3560,5534 3617,5534 3619,5536 3619,5537 3620,5539 3621,5539 3622,5539 3622,5540 3622,5541 3624,5541 3626,5542 3626,5544 3626,5545 3851,5546 3852,5545 3852,5535 3852,5535 3853,5535 3855,5533 3855,5505 3857,5504 3862,5504 3862,5503 3862,5502 3864,5501 3866,5501 3867,5502 3867,5503 3868,5504 4024,5504 4026,5507 4026,5508 4027,5508 4028,5508 4029,5510 4029,5544 4029,5544 4101,5545 4103,5546 4103,5547 4103,5548 4104,5548 4107,5550 4107,5551 4107,5552 4134,5552 4137,5554 4137,5555 4137,5556 4153,5556 4155,5557 4155,5558 4155,5559 4156,5560 4157,5560 4158,5560 4158,5561 4159,5562 4159,5568 4158,5569 4158,5570 4157,5571 4118,5571 4118,5571 4118,5602 4116,5604 4115,5604 4114,5605 4114,5610 4113,5611 4112,5611 4110,5613 4110,5614 4109,5615 4108,5615 4106,5617 4106,5618 4105,5619 4104,5619 4104,5619 4104,5621 4103,5622 4102,5622 4100,5624 4100,5625 4099,5626 4083,5626 4082,5627 4071,5626 4071,5626 4071,5625 4069,5623 3908,5623 3908,5623 3907,5654 3906,5656 3898,5656 3897,5655 3734,5654 3732,5656 3713,5656 3711,5654 3712,5624 3711,5624 3686,5624 3686,5624 3685,5667 3685,5668 3668,5668 3667,5667 3667,5665 3667,5665 3611,5664 3610,5663 3609,5663 3608,5663 3609,5624 3608,5623 3427,5623 3427,5623 3426,5625 3426,5626 3425,5626 3423,5627 3423,5631 3419,5635 3419,5643 3418,5645 3410,5645 3404,5650 3404,5651 3404,5652 3396,5652 3395,5653 3391,5653 3389,5651 3390,5620 3389,5620 3257,5619 3257,5619 3256,5658 3255,5660 3251,5660 3249,5658 3250,5619 3249,5619 3153,5618 3152,5619 2937,5619 2936,5620 2676,5618 2675,5619 2454,5618 2453,5619 2092,5618 2091,5619 2083,5619 2082,5618 2081,5618 2079,5616 1889,5615 1889,5615 1888,5660 1888,5661"/><TextEquiv index="1"><Unicode>le fils d'un Officier malheureux, &amp; qu'elle</Unicode></TextEquiv></TextLine><TextLine id="r0_l031"><Coords points="1411,5828 1411,5827 1411,5819 1410,5819 1380,5819 1379,5818 1378,5818 1378,5817 1378,5816 1376,5815 1372,5815 1370,5812 1370,5811 1369,5811 1364,5811 1363,5809 1363,5808 1362,5808 1361,5807 1360,5807 1360,5806 1360,5805 1359,5804 1359,5783 1358,5783 1302,5782 1300,5780 1300,5779 1299,5778 1224,5778 1223,5777 1223,5773 1219,5769 1219,5713 1220,5712 1221,5712 1222,5711 1223,5710 1223,5709 1224,5708 1236,5708 1238,5706 1238,5705 1239,5704 1244,5704 1245,5703 1245,5702 1247,5700 1248,5700 1248,5701 1249,5702 1249,5703 1251,5704 1329,5705 1330,5706 1330,5707 1331,5708 1586,5709 1587,5708 1600,5708 1600,5707 1600,5660 1601,5660 1602,5660 1603,5659 1611,5659 1611,5658 1611,5657 1613,5656 1629,5656 1629,5656 1629,5657 1630,5658 1630,5706 1631,5707 1805,5708 1806,5707 1807,5707 1807,5706 1807,5705 1809,5704 1870,5704 1870,5703 1870,5664 1872,5663 1873,5663 1873,5662 1873,5661 1874,5661 1888,5661 1890,5663 1891,5663 1892,5664 1892,5692 1893,5693 1932,5693 1933,5695 1933,5703 1934,5703 2176,5704 2177,5706 2177,5707 2178,5707 2430,5708 2434,5704 2499,5705 2500,5704 2512,5704 2516,5708 2724,5709 2725,5708 2800,5708 2802,5705 2802,5704 2803,5704 2846,5704 2846,5704 2846,5698 2847,5697 2848,5697 2849,5696 2912,5696 2912,5696 2912,5677 2918,5671 2936,5672 2938,5669 2938,5668 2940,5667 2945,5667 2946,5665 2946,5664 2948,5663 2953,5663 2953,5662 2953,5661 2956,5659 2966,5659 2975,5668 2975,5669 2976,5670 2976,5699 2977,5700 2978,5700 2979,5701 2979,5703 2980,5704 3202,5705 3203,5704 3244,5704 3248,5708 3319,5708 3319,5709 3319,5714 3321,5715 3322,5715 3323,5717 3323,5751 3323,5751 3507,5752 3508,5752 3508,5717 3514,5711 3522,5711 3522,5711 3522,5707 3523,5706 3523,5705 3524,5704 3525,5704 3526,5703 3526,5688 3530,5684 3530,5680 3532,5678 3533,5678 3533,5678 3533,5677 3536,5674 3537,5674 3537,5674 3537,5673 3540,5670 3541,5670 3541,5670 3541,5669 3543,5667 3544,5667 3544,5667 3544,5666 3547,5663 3548,5663 3548,5663 3548,5662 3550,5660 3551,5660 3552,5659 3567,5659 3567,5659 3567,5658 3569,5656 3574,5656 3574,5657 3574,5658 3577,5660 3581,5660 3582,5662 3582,5663 3583,5663 3584,5663 3585,5665 3585,5667 3586,5667 3685,5668 3685,5668 3685,5707 3686,5708 3755,5708 3756,5710 3756,5711 3757,5711 3762,5711 3763,5713 3763,5714 3764,5714 3932,5715 3933,5713 3933,5712 3935,5711 4054,5711 4055,5713 4055,5714 4057,5715 4058,5715 4059,5717 4059,5732 4060,5732 4120,5733 4122,5735 4122,5736 4123,5737 4124,5737 4125,5738 4125,5750 4123,5752 4122,5752 4122,5752 4122,5764 4119,5767 4062,5766 4062,5767 4062,5789 4061,5789 4008,5789 4006,5787 3848,5787 3848,5787 3848,5814 3846,5815 3845,5815 3845,5816 3844,5817 3844,5818 3843,5818 3842,5818 3841,5819 3672,5819 3670,5816 3670,5783 3669,5783 3645,5783 3645,5783 3645,5831 3644,5832 3626,5832 3626,5831 3626,5783 3625,5783 3430,5782 3430,5782 3430,5791 3428,5793 3427,5793 3426,5794 3426,5795 3425,5796 3424,5796 3423,5797 3423,5798 3421,5800 3420,5800 3419,5801 3419,5802 3417,5804 3416,5804 3415,5805 3415,5806 3414,5807 3413,5807 3412,5808 3405,5808 3404,5809 3404,5810 3403,5811 3401,5811 3400,5809 3400,5783 3399,5783 3162,5782 3161,5783 3072,5782 3072,5783 3072,5784 3070,5785 3068,5785 3068,5785 3068,5784 3067,5783 2813,5782 2813,5782 2813,5783 2811,5785 2761,5785 2761,5785 2761,5827 2760,5828 2746,5828 2746,5827 2746,5786 2745,5786 2506,5785 2506,5784 2506,5783 2505,5783 2420,5782 2420,5783 2420,5827 2419,5827 2410,5827 2410,5827 2410,5783 2409,5782 2318,5782 2317,5783 2317,5784 2316,5785 2310,5785 2310,5784 2310,5783 2309,5783 2080,5782 2080,5782 2080,5826 2079,5827 2068,5827 2067,5828 2066,5828 2066,5827 2066,5782 2065,5782 1938,5781 1936,5784 1936,5785 1935,5785 1736,5784 1735,5785 1730,5785 1729,5784 1729,5783 1728,5782 1532,5781 1531,5782 1426,5782 1426,5782 1426,5795 1425,5796 1424,5796 1423,5797 1423,5801 1422,5802 1422,5827 1421,5828"/><TextEquiv index="1"><Unicode>regarderoit comme une faveur, ſi je pou-</Unicode></TextEquiv></TextLine><TextLine id="r0_l032"><Coords points="1506,5989 1506,5989 1506,5948 1506,5947 1471,5947 1470,5948 1267,5947 1266,5948 1265,5948 1263,5947 1263,5946 1262,5945 1262,5944 1261,5944 1260,5944 1260,5939 1259,5937 1258,5937 1256,5936 1256,5931 1256,5930 1255,5930 1252,5928 1252,5920 1251,5918 1250,5918 1249,5918 1249,5913 1248,5911 1247,5911 1245,5910 1245,5909 1245,5908 1244,5907 1243,5907 1241,5906 1241,5898 1240,5896 1221,5896 1219,5895 1219,5865 1221,5863 1229,5863 1232,5866 1250,5866 1251,5867 1252,5867 1252,5868 1252,5869 1253,5869 1407,5870 1407,5869 1408,5830 1408,5830 1409,5830 1411,5828 1422,5828 1424,5830 1425,5830 1426,5830 1425,5869 1426,5870 1579,5871 1580,5870 1706,5870 1707,5872 1707,5873 1708,5873 1976,5874 1976,5874 1977,5828 1978,5826 1979,5826 1981,5825 1981,5824 1982,5822 1993,5822 1997,5826 2079,5827 2081,5828 2080,5858 2081,5859 2120,5859 2121,5860 2121,5869 2122,5870 2190,5870 2193,5873 2364,5874 2368,5870 2405,5870 2405,5870 2406,5831 2406,5830 2407,5830 2410,5827 2420,5827 2421,5828 2421,5829 2422,5830 2423,5830 2424,5831 2424,5832 2425,5833 2424,5870 2425,5870 2481,5871 2482,5870 2641,5870 2644,5873 2741,5874 2741,5873 2742,5831 2743,5830 2744,5830 2746,5828 2878,5828 2880,5826 2896,5826 2898,5828 2898,5829 2899,5830 2900,5830 2901,5831 2900,5865 2901,5865 2957,5866 2958,5867 2964,5867 2964,5867 2964,5868 2966,5870 3169,5871 3170,5870 3405,5871 3406,5870 3410,5870 3410,5869 3411,5830 3412,5829 3412,5823 3413,5822 3432,5822 3434,5823 3434,5824 3434,5825 3435,5826 3436,5826 3437,5826 3437,5827 3439,5830 3440,5830 3441,5830 3440,5869 3441,5870 3625,5871 3625,5870 3626,5832 3626,5832 3644,5832 3645,5833 3646,5833 3648,5834 3648,5839 3648,5840 3649,5840 3652,5842 3652,5847 3653,5848 3652,5857 3654,5859 3655,5859 3656,5860 3656,5873 3657,5874 3875,5875 3876,5874 3884,5874 3885,5872 3885,5871 3887,5870 3899,5870 3899,5869 3899,5858 3900,5857 3900,5856 3902,5855 3903,5855 3904,5854 3904,5853 3905,5852 3910,5852 3912,5853 3911,5869 3912,5870 3951,5870 3951,5869 3951,5864 3953,5863 3962,5863 3962,5864 3962,5865 3963,5866 3963,5873 3964,5873 4098,5874 4102,5878 4106,5878 4107,5879 4107,5884 4108,5885 4109,5885 4110,5886 4110,5890 4113,5893 4114,5893 4114,5893 4114,5998 4113,5999 4110,5999 4110,5998 4110,5936 4110,5936 4109,5937 4108,5937 4107,5937 4107,5942 4106,5944 4105,5944 4103,5945 4103,5946 4102,5948 4101,5948 4099,5949 4099,5950 4098,5952 4086,5952 4084,5953 4084,5954 4084,5955 4083,5955 4082,5956 4075,5955 4073,5954 4073,5953 4073,5952 3807,5951 3806,5952 3803,5950 3803,5949 3803,5948 3625,5948 3624,5949 3532,5948 3530,5947 3530,5946 3530,5945 3262,5944 3260,5945 3260,5946 3259,5948 3167,5948 3166,5949 3106,5948 3105,5949 3105,5980 3103,5981 3076,5981 3075,5980 3075,5949 3075,5948 2887,5947 2886,5948 2628,5947 2627,5948 2469,5947 2468,5948 2243,5948 2242,5948 1977,5947 1976,5948 1785,5948 1784,5948 1514,5947 1513,5948 1513,5989 1512,5989"/><TextEquiv index="1"><Unicode>vois vous déterminer à le prendre à votre</Unicode></TextEquiv></TextLine><TextLine id="r0_l033"><Coords points="2855,6156 2854,6156 2854,6152 2854,6151 2072,6148 2069,6145 2069,6144 2069,6144 2068,6144 2066,6142 2066,6119 2066,6119 1842,6118 1840,6116 1840,6115 1840,6115 1572,6114 1571,6113 1303,6111 1300,6109 1300,6108 1300,6107 1251,6107 1248,6105 1248,6104 1248,6103 1232,6103 1230,6102 1231,6049 1230,6048 1224,6048 1223,6047 1223,6038 1223,6037 1232,6037 1234,6036 1234,6035 1235,6033 1240,6033 1241,6033 1241,6020 1242,6018 1243,6018 1245,6017 1245,6013 1250,6007 1251,6007 1252,6007 1252,6006 1254,6003 1255,6003 1256,6003 1256,5998 1257,5996 1258,5996 1260,5995 1260,5994 1261,5993 1261,5992 1266,5992 1267,5992 1267,5991 1272,5985 1288,5985 1289,5986 2986,5994 2988,5992 2992,5992 2994,5990 2994,5989 2994,5989 3285,5990 3286,5989 3329,5989 3330,5988 3472,5989 3473,5988 3475,5988 3476,5989 3477,5989 3478,5989 3478,5990 3478,5991 3653,5992 3656,5994 3656,5996 3656,5997 4113,5999 4114,5999 4114,6025 4114,6026 4116,6026 4118,6027 4118,6050 4118,6051 4119,6051 4122,6053 4122,6054 4122,6055 4123,6055 4125,6056 4125,6061 4125,6062 4163,6062 4164,6063 4165,6063 4166,6063 4166,6065 4165,6066 4163,6066 4162,6067 4130,6067 4130,6067 4129,6090 4128,6092 4127,6092 4125,6093 4125,6094 4124,6096 4123,6096 4122,6096 4122,6100 4121,6101 4121,6102 4121,6103 4120,6103 4118,6104 4118,6105 4117,6107 4116,6107 4114,6108 4114,6109 4114,6110 4113,6110 4110,6112 4110,6113 4110,6114 4109,6114 4107,6115 4107,6116 4107,6117 4106,6118 4105,6118 4103,6119 4103,6120 4102,6122 4093,6122 4092,6122 4092,6123 4090,6126 3956,6125 3955,6125 3955,6146 3955,6147 3954,6147 3951,6149 3951,6150 3951,6151 3024,6147 3023,6147 3023,6150 3023,6151 3022,6151 3020,6152 3020,6153 3019,6155 3018,6155 3015,6152 2868,6151 2867,6152 2867,6156 2867,6156"/><TextEquiv index="1"><Unicode>ſervice. J'eſpere, mon cher Joſeph, que</Unicode></TextEquiv></TextLine><TextLine id="r0_l034"><Coords points="1575,6323 1574,6322 1504,6321 1503,6321 1504,6278 1503,6277 1346,6277 1345,6275 1345,6274 1344,6274 1271,6273 1271,6273 1271,6272 1267,6268 1267,6264 1265,6262 1264,6262 1264,6262 1264,6261 1263,6260 1263,6253 1256,6246 1256,6242 1254,6240 1253,6240 1252,6239 1252,6234 1251,6233 1250,6233 1249,6232 1249,6228 1241,6220 1241,6219 1240,6218 1235,6218 1234,6217 1234,6216 1233,6215 1232,6214 1231,6214 1230,6213 1230,6212 1228,6210 1227,6210 1226,6209 1226,6202 1228,6199 1232,6199 1234,6198 1234,6197 1234,6196 1292,6196 1293,6196 1293,6186 1294,6185 1296,6185 1301,6191 1301,6198 1301,6198 1420,6199 1423,6201 1423,6202 1423,6203 1622,6204 1623,6203 1735,6203 1736,6203 1736,6202 1738,6199 1741,6202 1972,6203 1973,6203 1973,6202 1975,6199 1978,6199 1981,6202 2201,6203 2202,6203 2202,6161 2204,6159 2235,6159 2235,6159 2235,6158 2236,6157 2236,6156 2237,6155 2239,6155 2240,6157 2240,6158 2242,6159 2246,6160 2248,6162 2386,6162 2388,6165 2388,6166 2389,6166 2390,6166 2391,6168 2391,6199 2391,6199 2407,6199 2410,6202 2545,6203 2546,6203 2546,6204 2548,6207 2697,6207 2698,6207 2698,6190 2700,6188 2701,6189 2702,6190 2702,6191 2704,6193 2705,6193 2705,6193 2705,6206 2705,6207 2785,6207 2786,6206 2786,6205 2788,6203 2792,6203 2794,6201 2794,6200 2794,6200 2795,6200 2796,6199 2807,6199 2808,6200 2848,6200 2849,6200 2849,6166 2850,6165 2850,6164 2851,6163 2852,6162 2853,6162 2853,6162 2853,6157 2854,6156 2868,6156 2868,6157 2868,6158 2869,6158 2870,6158 2872,6161 2872,6200 2872,6200 2931,6201 2932,6200 2935,6200 2936,6199 2985,6199 2986,6198 2986,6190 2989,6188 2996,6188 2998,6190 2998,6194 2999,6195 3141,6195 3141,6195 3141,6162 3142,6161 3142,6160 3143,6159 3194,6160 3195,6159 3196,6159 3197,6157 3197,6156 3199,6155 3204,6155 3204,6154 3204,6153 3207,6151 3211,6151 3212,6152 3212,6153 3214,6155 3219,6155 3219,6155 3219,6156 3222,6159 3226,6159 3227,6160 3227,6161 3228,6162 3229,6162 3231,6164 3231,6165 3232,6166 3233,6166 3234,6167 3234,6194 3235,6195 3299,6195 3301,6198 3301,6202 3301,6202 3648,6204 3649,6203 3735,6203 3737,6202 3737,6201 3738,6199 3865,6200 3866,6199 3866,6193 3868,6192 3869,6192 3870,6190 3870,6189 3872,6188 3876,6188 3878,6190 3878,6191 3879,6192 3947,6192 3948,6193 3948,6206 3948,6207 4075,6208 4077,6206 4077,6205 4078,6204 4081,6204 4082,6203 4102,6203 4103,6202 4103,6196 4104,6196 4136,6196 4137,6195 4138,6195 4139,6196 4140,6196 4140,6196 4140,6217 4140,6218 4142,6218 4144,6219 4144,6220 4145,6222 4146,6222 4147,6222 4147,6223 4147,6224 4148,6225 4149,6225 4151,6226 4151,6227 4149,6229 4148,6229 4147,6230 4147,6235 4146,6236 4129,6236 4129,6236 4129,6268 4128,6269 4127,6269 4126,6270 4107,6270 4107,6270 4107,6271 4105,6273 4101,6273 4097,6277 4093,6277 4092,6278 4092,6279 4090,6281 4082,6281 4081,6282 4081,6283 4079,6285 4078,6285 4077,6286 4072,6285 4071,6284 4070,6284 4070,6284 4070,6283 4068,6281 3882,6281 3882,6281 3881,6327 3881,6328 3874,6328 3873,6327 3874,6281 3873,6281 3853,6281 3852,6282 3558,6280 3557,6281 3546,6281 3545,6280 3545,6279 3543,6277 3420,6277 3420,6277 3420,6309 3419,6310 3418,6310 3414,6314 3395,6314 3394,6315 3380,6314 3378,6316 3378,6317 3377,6318 3376,6318 3375,6319 3375,6320 3374,6321 3373,6321 3372,6322 3371,6322 3370,6321 3369,6321 3367,6320 3368,6282 3367,6281 3092,6280 3084,6288 3080,6288 3079,6290 3079,6294 3073,6299 3061,6299 3060,6298 3060,6278 3059,6277 2991,6277 2990,6275 2990,6274 2989,6274 2866,6273 2864,6276 2864,6277 2863,6277 2806,6277 2805,6278 2805,6279 2803,6281 2713,6281 2713,6281 2713,6305 2710,6308 2710,6309 2709,6310 2708,6310 2707,6311 2704,6311 2702,6312 2702,6313 2701,6315 2689,6314 2687,6313 2687,6312 2687,6311 2686,6310 2685,6310 2684,6309 2684,6306 2683,6305 2683,6278 2682,6277 2461,6276 2460,6277 2217,6276 2217,6277 2216,6322 2216,6322 2205,6322 2204,6322 2205,6278 2204,6277 2148,6277 2147,6276 2147,6275 2145,6273 1995,6272 1994,6273 1982,6273 1981,6275 1981,6276 1979,6277 1751,6276 1750,6277 1741,6277 1741,6278 1741,6279 1738,6281 1731,6281 1731,6282 1730,6311 1729,6312 1729,6314 1729,6314 1724,6314 1722,6313 1723,6281 1722,6280 1722,6279 1720,6277 1660,6277 1659,6275 1659,6274 1658,6274 1657,6274 1656,6273 1593,6273 1593,6273 1592,6322 1592,6323"/><TextEquiv index="1"><Unicode>vous ne me refuſerez point; &amp; que comme</Unicode></TextEquiv></TextLine><TextLine id="r0_l035"><Coords points="3017,6488 3016,6486 3016,6485 3014,6484 2991,6484 2990,6482 2990,6481 2989,6480 2988,6480 2987,6480 2986,6478 2986,6477 2985,6477 2984,6477 2983,6475 2983,6444 2982,6444 2936,6444 2935,6445 2872,6444 2872,6445 2872,6476 2870,6477 2869,6477 2868,6479 2868,6480 2867,6480 2865,6480 2864,6481 2863,6480 2835,6480 2835,6480 2835,6475 2833,6473 2832,6473 2831,6472 2831,6444 2830,6443 2725,6443 2724,6444 2724,6445 2722,6447 2697,6446 2696,6447 2607,6447 2606,6449 2606,6450 2604,6451 2603,6451 2602,6450 2602,6449 2600,6447 2446,6446 2445,6447 2407,6447 2406,6449 2406,6450 2404,6451 2389,6451 2387,6449 2387,6448 2386,6447 2381,6447 2380,6446 2380,6445 2379,6444 2378,6444 2377,6443 2324,6443 2286,6443 2285,6444 2284,6444 2284,6444 2284,6445 2282,6447 2277,6447 2277,6447 2277,6448 2274,6451 2198,6450 2197,6451 2189,6451 2188,6450 2188,6449 2186,6447 2020,6447 2019,6448 1837,6447 1837,6447 1837,6448 1834,6451 1816,6451 1813,6448 1561,6447 1560,6448 1494,6447 1493,6449 1493,6453 1490,6455 1487,6455 1485,6453 1485,6452 1484,6451 1483,6451 1482,6450 1482,6449 1480,6447 1464,6447 1463,6446 1463,6445 1461,6443 1408,6443 1408,6442 1408,6441 1407,6441 1324,6441 1322,6438 1322,6437 1321,6436 1238,6436 1238,6436 1238,6435 1235,6432 1234,6432 1234,6432 1234,6423 1233,6422 1232,6422 1230,6420 1230,6334 1229,6332 1228,6332 1226,6331 1226,6327 1225,6325 1224,6325 1223,6325 1223,6323 1225,6321 1226,6321 1227,6320 1227,6320 1227,6319 1228,6318 1229,6318 1230,6317 1230,6316 1232,6314 1263,6314 1263,6315 1263,6316 1264,6317 1264,6325 1265,6325 1266,6325 1267,6327 1267,6332 1268,6332 1284,6332 1293,6342 1293,6357 1294,6357 1366,6358 1367,6359 1367,6360 1369,6362 1370,6362 1371,6363 1371,6365 1372,6366 1493,6366 1493,6366 1493,6327 1495,6325 1496,6325 1496,6325 1496,6324 1499,6321 1508,6321 1509,6322 1593,6323 1593,6323 1593,6365 1594,6366 1718,6366 1718,6367 1718,6368 1720,6369 1816,6370 1817,6369 1821,6369 1822,6367 1822,6366 1823,6366 1877,6366 1877,6365 1877,6352 1879,6351 1880,6351 1881,6349 1881,6344 1882,6344 1883,6344 1885,6341 1885,6337 1887,6336 1888,6336 1888,6335 1888,6334 1891,6332 1892,6332 1892,6331 1892,6330 1898,6325 1902,6325 1903,6324 1903,6323 1904,6322 1905,6322 1906,6321 1928,6321 1929,6323 1929,6324 1931,6325 1936,6325 1936,6326 1936,6346 1938,6347 1939,6347 1940,6349 1940,6366 1941,6366 1951,6366 1951,6367 1951,6368 1952,6368 2081,6369 2081,6368 2081,6329 2082,6329 2083,6329 2084,6327 2084,6323 2087,6321 2138,6321 2139,6322 2217,6322 2217,6323 2217,6324 2218,6325 2218,6368 2219,6368 2261,6369 2262,6367 2262,6366 2263,6366 2283,6366 2284,6367 2284,6368 2285,6369 2286,6369 2288,6371 2288,6372 2289,6373 2290,6373 2291,6374 2381,6374 2382,6373 2383,6373 2384,6372 2384,6371 2386,6369 2391,6369 2391,6369 2391,6368 2393,6366 2405,6366 2406,6365 2406,6364 2408,6362 2409,6362 2410,6364 2410,6365 2411,6365 2494,6366 2495,6367 2495,6368 2496,6369 2497,6369 2497,6369 2498,6370 2498,6371 2500,6373 2594,6373 2594,6373 2594,6369 2595,6368 2595,6367 2596,6366 2597,6366 2597,6366 2598,6365 2598,6364 2600,6362 2601,6362 2602,6364 2602,6365 2604,6366 2683,6366 2683,6367 2683,6368 2684,6368 2801,6369 2802,6367 2802,6366 2803,6366 2808,6366 2809,6367 2809,6368 2810,6369 2936,6370 2937,6369 2938,6369 2938,6368 2938,6367 2940,6366 3004,6366 3005,6364 3005,6363 3007,6362 3056,6362 3056,6363 3056,6364 3059,6366 3176,6367 3177,6366 3181,6366 3183,6363 3183,6362 3184,6362 3200,6362 3201,6363 3201,6364 3203,6366 3208,6366 3208,6366 3208,6367 3209,6368 3211,6370 3212,6370 3212,6370 3212,6375 3214,6377 3215,6377 3216,6378 3216,6379 3218,6381 3219,6381 3219,6381 3219,6383 3220,6384 3220,6412 3221,6413 3260,6413 3260,6412 3260,6411 3262,6410 3274,6410 3275,6412 3275,6413 3277,6414 3278,6414 3278,6415 3278,6416 3281,6418 3282,6418 3282,6419 3282,6420 3284,6421 3349,6421 3349,6421 3349,6375 3351,6373 3352,6373 3352,6373 3352,6372 3355,6369 3413,6370 3414,6369 3470,6369 3471,6367 3471,6366 3472,6366 3577,6366 3579,6368 3817,6369 3818,6371 3818,6372 3820,6373 3825,6373 3825,6374 3825,6375 3827,6376 3844,6376 3844,6376 3844,6356 3845,6355 3846,6356 3847,6355 3852,6355 3853,6354 3866,6354 3866,6353 3866,6334 3869,6332 3870,6332 3870,6331 3870,6330 3873,6328 3882,6328 3883,6329 3888,6329 3889,6330 3889,6331 3890,6332 3891,6332 3892,6333 3892,6376 3893,6377 3917,6377 3918,6375 3918,6374 3920,6373 3995,6373 3996,6372 3996,6371 3998,6369 4020,6369 4022,6372 4022,6373 4023,6373 4028,6373 4029,6375 4029,6376 4031,6377 4032,6377 4033,6379 4033,6391 4034,6391 4110,6392 4110,6392 4110,6394 4111,6395 4150,6395 4151,6396 4151,6397 4153,6399 4158,6399 4158,6399 4158,6400 4159,6401 4159,6405 4160,6406 4161,6406 4162,6407 4162,6409 4162,6410 4122,6410 4121,6410 4121,6420 4121,6421 4116,6421 4114,6422 4114,6427 4114,6428 4113,6428 4110,6430 4110,6431 4109,6432 4107,6432 4107,6432 4107,6464 4106,6465 4105,6465 4104,6466 4103,6464 4103,6463 4101,6462 4100,6462 4099,6460 4099,6451 4098,6451 4006,6450 4005,6451 4001,6451 3999,6449 3999,6448 3998,6447 3840,6446 3839,6447 3830,6447 3830,6447 3830,6446 3828,6444 3734,6444 3733,6446 3733,6447 3732,6447 3624,6447 3623,6448 3549,6447 3549,6448 3549,6449 3546,6451 3394,6451 3394,6451 3394,6452 3393,6453 3393,6454 3392,6455 3391,6455 3390,6456 3390,6457 3388,6459 3386,6458 3386,6458 3386,6457 3378,6449 3378,6448 3377,6447 3287,6447 3286,6449 3286,6453 3282,6457 3282,6465 3281,6465 3280,6465 3278,6468 3278,6469 3277,6469 3276,6469 3275,6471 3275,6472 3273,6473 3272,6473 3271,6474 3271,6482 3269,6484 3246,6484 3245,6482 3245,6447 3244,6447 3172,6447 3171,6445 3171,6444 3170,6444 3053,6443 3053,6444 3053,6457 3051,6458 3050,6458 3049,6460 3049,6476 3047,6477 3042,6477 3042,6477 3042,6478 3032,6488"/><TextEquiv index="1"><Unicode>la niéce eſt allée en campagne, vous m'ac-</Unicode></TextEquiv></TextLine></TextRegion></Page></PcGts>