4266 7851
725 595 3142 807 e Josepn Thomson.
2925 732 3138 815 L
-15 783 3160 982 compagnerez chez Serene pour le recevoir
-14 967 3157 1145 de ſa main. Je goûtai d'autant plus volontiers
-14 1134 3153 1313 la propoſition de Sharpley, que je n'avois
-14 1297 3149 1496 perſonne à qui pouvoir me confier, & je lui
-13 1470 3298 1639 promis d'aller le lendemain rendre viſite à
-13 1634 3141 1814 Serene. Sharpley fut charmé de ma com-
-13 1793 3149 1995 plaiſance, & eut ſoin de ne pas me laiſſer
-12 1968 3156 2144 manquer au rendez-vous. Nous fûmes très-
-12 2121 3126 2319 bien reçus de cette Dame qui étoit extrê-
-12 2303 3156 2479 mement belle, & de ſa mere. Je ne ſçais
-11 2471 3141 2643 comment la choſe arriva; mais je goûtai
-11 2635 3156 2812 dans leur converſation un plaiſir dont je ne
-10 2806 3127 2977 me ſerois jamais cru capable en la com-
-10 2970 3160 3158 pagnie des femmes. Je fus fait avec elles
-10 3130 3160 3307 en peu de tems, comme ſi elles euſſent été
-9 3301 3149 3480 mes parentes; & après m'avoir parlé long-
-9 3465 3160 3644 tems du mérite & des qualités du jeune
-9 3619 3246 3805 homme que j'allois prendre à mon ſervice,
-8 3796 3134 3982 je leur promis de le traiter avec beaucoup
-8 3957 3417 4125 de douceur en conſidération d'elle & de ſa
-8 4124 3156 4300 mere. Pour lors on l'apella, & il parut de-
-7 4288 3138 4465 vant nous. Je me ſentis prévenu en ſa fa-
-7 4455 3175 4631 veur dès l'inſtant que je jettai les yeux ſur
-7 4597 3164 4803 lui. Ses traits avoient une certaine douceur
-6 4791 3164 4969 tout-à fait engageante; mais ce qui me
-6 4954 3171 5130 donna encore plus d'inclination pour lui,
-5 5114 3167 5297 fut que, au ſexe près, c'étoit exactement
-5 5269 3164 5483 le portrait de ma pauvre Louiſe; & ſa vue
-5 5453 3178 5631 produiſit en moi tant de trouble, que je
-4 5616 3179 5800 fus prêt à m'évanouir. J'eus lieu de penſer
-4 5785 3145 5965 qu'il aimoit auſſi ſon Maître dès le premier
-4 5948 3179 6131 coup d'œil; car lorſqu'il me vit dans cet
-3 6116 3153 6309 état, il devint auſſi pâle que la mort, &
-3 6280 3194 6485 ſes genoux tremblerent ſous lui. Bon Dieu,
2274 6462 2553 6642 Ea
