4266 7776
686 694 3057 881 oe JosEo ThoMpson.
10 802 3057 1049 rent aucun mal. Nos chevaux n'étoient
10 1039 3049 1214 point accoutumés au feu, ainſi nous deſ-
10 1208 3049 1379 cendîmes; & après avoir tiré nos autres
43 1373 3046 1546 piſtolets, nous les attaquâmes l'épée à la main.
43 1535 3057 1706 Les coquins tenoient bon; mais la fortune
36 1700 3053 1872 alloit ſe déclarer en notre faveur, & ils ne
32 1859 3049 2029 nous opoſoient plus qu'une foible réſiſtan-
65 2027 3354 2200 ce, quand un autre voleur, attiré ſans
190 2193 3057 2366 doute par les coups de fuſil, vint au ſecours
183 2355 3068 2528 de ſes camarades, & m'attaquant par der-
183 2520 3075 2694 riere ſans que je l'euſſe aperçu, il alloit me
39 2685 3071 2857 fendre la tête, lorſque mon Page jetta un
190 2854 3071 3027 grand cri, & s'avançant ſur le nouveau
190 3016 3079 3167 venu, lui brûla heureuſement la cervelle
190 3178 3075 3348 d'un coup de piſtolet. Les autres voyant
65 3343 3082 3515 cela, abandonnerent leurs chevaux, & ſe
201 3505 3086 3681 retirerent dans le plus épais de la forêt, où
73 3670 3064 3835 nous ne jugeâmes pas à propos de les pour-
76 3828 3068 3997 ſuivre. Le pauvre Eſtampe étoit couché par
201 3990 3093 4164 terre, & je commençois à déplorer ſon ſort,
201 4152 3064 4326 lorſqu'il ſe releva, & me fit voir qu'il n'a-
201 4317 3075 4493 voit eu que la peur qui l'avoit ſaiſi, après
205 4479 3060 4657 m'avoir délivré de la maniere que je viens
212 4641 3071 4806 de le dire. Je ne m'attendois pas à beau-
83 4806 3101 4982 coup de courage de la part d'un garçon ſi
98 4971 3071 5144 jeune; ainſi ſans lui reprocher un manque
212 5133 3105 5306 de cœur, & le défaut d'une vertu qui ne
216 5302 3079 5473 s'acquiert le plus ſouvent que par une lon-
227 5464 3075 5631 gue habitude, je me crus obligé moi-mê-
223 5625 3119 5787 me à lui marquer ma reconnoiſſance par
219 5787 3086 5963 beaucoup de careſſes, & pour l'encoura-
80 5956 3116 6133 ger, je tirai ma bourſe & lui en fis preſent.
76 6121 3086 6293 Le Marquis voulut en faire autant; mais
102 6287 3134 6449 nous fûmes fort ſurpris de lui entendre dire:
