4266 7902
1144 667 3560 846 O LAeEtlessvvntues
1152 814 4078 1014 Meſſieurs, laiſſez - moi le mérite de vous
1088 1006 4089 1182 avoir rendu quelque ſervice, & ne m'obli-
1152 1178 4055 1348 gez point à accepter une récompenſe pour
1148 1340 4078 1515 une action que mon devoir & mon intérêt
1152 1505 4067 1682 demandoient de moi. Ce fut alors que je
1152 1678 4078 1848 reconnus dans ce jeune homme une no-
1152 1839 4086 2019 bleſſe de cœur digne d'un état plus relevé;
1156 2008 4089 2186 mon amitié & mon eſtime en acquirent de
1156 2177 4082 2352 nouvelles forces; & étant remontés à che-
1159 2346 4093 2517 val, nous nous rendîmes au lieu de notre
1159 2504 4089 2688 deſtination, & nous revînmes en bonne
1159 2677 4100 2851 ſanté; mais par un autre chemin. Qu'on
1152 2846 4093 3008 me permette ici quelques réflexions ſur ce
1163 3007 4093 3186 qu'on apelle communément dans le monde
1156 3180 4101 3351 courage & bravoure. Je crois que chez un
1152 3345 4104 3521 petit nombre de perſonnes, c'eſt une af-
1152 3514 4097 3686 faire de tempérament qui vient d'une qua-
1152 3682 4115 3855 lité particuliere du ſang & des eſprits ani-
859 3852 4130 4020 maux; mais dans la plupart, cette vertu
889 4014 4086 4186 s'acquiert par l'habitude & le raiſonne-
1152 4179 4101 4351 ment qui nous fait perdre inſenſiblement la
1167 4341 4085 4516 crainte, que l'on peut regarder comme na-
844 4506 4104 4685 turelle à l'homme. Auſſi a-t-on vu un grand
1163 4671 4097 4852 Général baiſſer la tête à la premiere dé-
1160 4836 4108 5020 charge qui ſe fit de part & d'autre dans une
1163 5002 4093 5179 action; mais à peine fut - il revenu à lui-
1159 5167 4108 5355 même, & eût-il eſſuyé deux ou trois feux,
1167 5340 4104 5516 que ſa raiſon l'emporta ſur ſon apréhenſion,
1171 5505 4101 5678 & il ſe précipita hardiment au milieu du
1163 5670 4101 5850 ſang & du carnage. Si donc le courage eſt
1167 5843 4101 6010 une vertu qui s'acquiert, peut-on blâmer
1174 6001 4104 6181 quelqu'un d'en manquer, lorſqu'il ne s'eſt
1174 6170 4104 6347 pas trouvé dans l'occaſion d'en acquérir,
1111 6343 4108 6545 occaſion qui ne regarde guere qu'une eſ-
