4266 7902
698 690 3071 877 DE JosEPh TiomPSOn.6
190 859 3079 1053 pece particuliere d'hommes, ou ſi ſon cœur
34 1032 3079 1213 n'eſt pas abbreuvé des mêmes ſucs qui diſ-
14 1201 3079 1374 poſent les autres à la bravoure & à la va-
173 1371 3433 1510 leur? Le ſoldat de Milice entend d'abord
25 1539 3394 1713 avec frayeur le bruit des canons & la con-
18 1708 3071 1885 fuſion de la guerre; mais l'habitude ſur-
36 1873 3071 2050 monte bientôt ſon averſion naturel; il court
183 2042 3068 2214 à la bataille affamé de gloire, & ſe trouve
183 2207 3184 2426 de ſang froid au ſaccagement des Villes &
18 2373 3064 2558 au pillage. Je crois qu'on peut aſſurer que
18 2542 3071 2723 depuis le ſimple ſoldat ſans jéducation, juſ-
18 2711 3064 2884 qu'à l'Officier qui penſe, tous ſentent au
14 2876 3064 3058 premier choc une palpitation de cœur que
25 3045 3218 3226 la ſuite du combat & l'exemple des autres
44 3214 3064 3389 a bientôt ſurmonté. Quand nous eûmes
22 3386 3056 3556 reſté quelque tems chez le Marquis, il nous
18 3554 3056 3728 dit un matin que nous ne partirions pas ſans
48 3707 3060 3876 lui rendre un ſervice, & qu'il ne doutoit
172 3879 3402 4057 pas que nous ne nous y prêtaſſions volon-
40 4048 3056 4226 tiers, puiſqu'il étoit queſtion de ſecourir
40 4205 3056 4391 l'innocence oprimée; & il nous expliqua
29 4386 2290 4557 l'affaire de la maniere ſuivante.
25 4543 3056 4735 Il y a environ trois ans que me trouvant
33 4716 3188 4897 à Paris dans une aſſemblée publique, je
175 4885 3049 5067 devins amoureux d'une des plus belles filles
25 5054 3049 5233 de cette Province, qui ſe trouvoit alors à
21 5216 3150 5403 Paris avec ſon pere, pour y ſolliciter un
21 5385 3142 5566 emploi. Elle étoit grande, parfaitement bien
29 5554 3049 5734 faite, & avoit la peau auſſi blanche que
18 5723 3037 5907 l'albâtre. Son port majeſtueux inſpiroit le
14 5888 3038 6067 reſpect, tandis que ſes beaux yeux & ſa
10 6061 3041 6246 bonne conduite lui attiroient nombre d'a-
172 6230 3034 6411 dorateurs. Les beautés de ſon eſprit effa-
18 6395 3038 6609 çoient encore les graces de ſa figure. Je
