4266 7902
1122 701 3752 878 z LA vEtles Aventures
1133 849 4266 1046 fus ſi frapé de ſes charmes, que je m'infor-
1020 1036 4266 1219 mai des affaires qui amenoient ſon pere à
1160 1197 4266 1385 la Cour; & l'occaſion s'étant trouvée fa-
1163 1349 4267 1553 vorable, je lui rendis un ſervice ſi eſſentiel
885 1539 4267 1716 auprès du Miniſtre, qu'il ne put ſe diſpen-
1163 1704 4267 1882 ſer de venir m'en remercier. Il m'invita de
1159 1877 4268 2051 l'aller voir chez lui; il étoit logé dans un
1133 2042 4268 2218 des plus beaux quartiers de Paris. J'en avois
1160 2196 4269 2407 peu entendu parler en Normandie, où il
1167 2380 4269 2559 paſſoit pour un homme avare & vindicatif,
1141 2549 4269 2725 dont l'argent étoit le ſeul Dieu, & qui ne
1148 2714 4270 2891 faiſoit conſiſter ſon bonheur qu'à en amaſ-
1163 2878 4270 3059 ſer. Il n'avoit que deux filles, celle que
1145 3052 4270 3224 j'avois vue apellée Marguerite, & une autre
1148 3218 4271 3391 nommée Bellimante, fort diſgraciée de la
1148 3387 4271 3563 nature, & dont l'eſprit étoit encore plus
1145 3552 4271 3729 mal fait que le corps; ce qui la faiſoit dé-
1156 3716 4272 3897 teſter de tous ceux qui l'aprochoient: en un
1148 3890 4272 4065 mot, c'étoit l'opoſé parfait de ſa char-
1152 4051 4273 4231 mante ſœur. Daulnay avoit épouſé en ſe-
1148 4218 4273 4400 condes nôces une femme plus jeune que
1171 4389 4273 4561 lui d'environ vingt années, femme intri-
1148 4551 4274 4735 gante & artificieuſe, & qui eſpéroit par
942 4720 4274 4903 ſes manœuvres, s'emparer à ſa mort de
1148 4882 4274 5072 tout le bien qu'il avoit amaſſé à force d'in-
1171 5049 4275 5244 juſtices & de cruautés. Je parvins bientôt
1182 5223 4275 5401 à me faire aimer de Marguerite, ſans qu'au-
1160 5392 4276 5567 cun de ſa famille s'en fût aperçu. Nous nous
1156 5558 4276 5742 flattions d'un bonheur parfait, dans l'idée
1103 5723 4276 5914 que Daulnay ne refuſeroit pas de me don-
1175 5893 4277 6074 ner ſa fille en mariage, d'autant mieux que
1167 6061 4277 6249 mon rang & ma fortune étoient de beau-
1186 6234 4277 6410 coup ſupérieurs à la ſienne. Malheureuſe-
1167 6390 4278 6606 ment pour nous, Madame Daulnay avoit
