4266 7838
1250 723 4024 903 6 LavViEEtles aventures
1250 886 4143 1062 des nouvelles l'un de l'autre. Je m'y pris
1250 1057 4139 1225 de toutes les façons imaginables pour lui
1003 1221 4140 1392 faire tenir une lettre, mais inutilement:
1002 1370 4140 1553 enfin on l'a amenée dans un Château à trois
1250 1547 4140 1720 lieues d'ici, où tous les domeſtiques ſont
1250 1714 4139 1887 autant d'Argus. Cependant, comme il y a
1239 1882 4136 2053 maintenant un grand nombre d'ouvriers qui
1247 2045 4136 2218 travaillent dans cette maiſon, je me ſuis
1247 2216 4136 2385 déguiſé hier en Manœuvre, & je lui ai
1235 2379 4136 2548 remis en main propre une lettre, par la-
1243 2543 4128 2715 quelle je l'avertis de ſe tenir prête demain
1247 2706 4128 2880 à ſix heures du ſoit dans le parc où ſa mere
1239 2873 4128 3042 lui permet quelquefois d'aller promener avec
1247 3039 4121 3210 elle & ſa ſœur. Si vous y conſentez, je me
1239 3204 4121 3376 flatte avec votre ſecours, de pouvoir la dé-
1232 3367 4117 3537 livrer des mains de ſes tyrans, & l'épou-
1235 3530 4117 3707 ſer; car je me ſuis muni de toutes les diſ-
1228 3697 4114 4036 armnmspoeprs oims mousu anounes uuien
1232 4032 4110 4202 marqué, bien armés; un moment après nous
1232 4199 4114 4367 vîmes paroître la belle Marguerite, accom-
1232 4355 4110 4537 pagnée de ſes deux bourreaux, qui lui fai-
1224 4518 4102 4682 ſoient toutes ſortes de mauvais traitemens;
1229 4686 4107 4852 tandis qu'elle, ſentant aprocher le moment
1239 4851 4102 5022 de ſa délivrance, avoit une contenance dans
1228 5016 4102 5187 laquelle ſa joie ſembloit ſe cacher ſous le
1228 5179 4102 5350 maſque de la triſteſſe. Quand ils furent pro-
1232 5346 4099 5515 che de nous, le Marquis ſortit de l'embuſ-
1228 5513 4102 5689 cade, & s'avançant vers ſa Maîtreſſe en
1224 5677 4099 5847 lui faiſant un ſalut, il la prit par la main
1224 5836 4099 6018 pour la faire ſortir. Madame Daulnay s'y
1228 6003 4099 6187 opoſa, & lui demanda ce qu'il vouloit. Il
1221 6171 4214 6350 lui répondit: c'eſt pour une affaire que
1221 6338 4091 6505 Dieu & la nature aprouveront, & bien
3472 6502 4096 6636 différente
