4266 7756
318 680 3218 881 pe JosePn ThoMpsoN.65
10 867 2929 1053 différente de ce que vous m'avez une fois
10 1032 2936 1208 propoſé. A cette réponſe, elle entra dans
10 1189 2936 1369 une colere terrible, & dit à Bellimante
25 1358 2929 1531 d'aller chercher tous ſes gens pour empê-
127 1519 2976 1698 cher cet enlévement. Notre ami perſiſta
43 1687 2973 1868 dans ſon deſſein, emmena la Demoiſelle;
138 1848 2947 2029 & l'ayant fait monter dans un caroſſe qui
36 2013 2955 2186 étoit tout prêt, nous la conduisîmes ſans
83 2174 2955 2346 obſtacle juſqu'à ſon Château, où ſa ſœur
142 2339 3013 2512 & d'autres Dames étoient aſſemblées pour
76 2490 2977 2677 la recevoir. De - là nous les accompagnâ-
153 2669 3020 2837 mes à Evreux, où ils furent mariés ſelon
160 2830 3028 3004 leurs deſirs. Le lendemain nous allâmes
47 2995 3024 3170 avec lui rendre viſite à ſon beau-pere, qui
87 3156 3039 3330 le reçut très - froidement d'abord; mais
72 3324 2999 3497 quand le Marquis lui eut déclaré qu'il ne
80 3485 3021 3655 lui demandoit rien, & qu'il eſpéroit ſeule-
72 3647 3050 3817 ment qu'à ſa mort il rendroit juſtice à ſa
65 3800 3317 3986 fille, la ſérénité reparut ſur ſon viſage; il
186 3962 3109 4151 en vint même juſqu'à lui remettre toutes
80 4126 3061 4304 ſes hardes, & promit que s'il ſe condui-
160 4287 3024 4474 ſoit bien avec lui, il lui rendroit en mou-
98 4449 3076 4627 rant, toute la juſtice qu'elle pouvoit exi-
73 4628 487 4787 ger.
980 5489 2376 5727 .
99 6449 1231 6621 . Partie.
