4266 7808
716 694 3171 903 DE JosEpu Thompson.7
10 867 3094 1071 tourner en Angleterre, je redoutois cet
14 1064 3094 1238 inſtant. Comme le chagrin augmente par la
25 1226 3090 1400 comparaiſon que l'on en fait avec le bon-
18 1389 3079 1567 heur des autres, la félicité du Marquis &
21 1559 3086 1735 de ſa femme, dont j'avois été témoin, &
25 1729 3083 1897 celle que je remarquois maintenant en mon
221 1888 3090 2065 ami, rapellerent dans mon cœur une foule
32 2055 3131 2230 d'idées triſtes & douloureuſes, & je me
224 2221 3116 2395 livrai à tous les mouvemens que le déſeſ-
228 2391 3135 2562 poir m'inſpiroit. En vain Eſtampe mit en
36 2554 3156 2725 œuvre tous les artifices qu'il put imaginer
228 2724 3097 2891 pour me calmer; il me ſembloit que tout
228 2886 3145 3058 le monde étoit heureux excepté moi; je
36 3049 3160 3222 trouvois dans la perte irréparable de ma
228 3216 3094 3384 chere Louiſe toute l'affliction qu'un cœur
235 3378 3157 3550 puiſſe reſſentir. Serene & ſa mere, qui me
58 3548 3101 3716 prierent en même-tems de leur tenir com-
69 3716 3157 3876 pagnie, augmenterent encore ma peine en
232 3874 3138 4043 m'introduiſant chez une femme de condi-
232 4035 3157 4215 tion qui avoit pris du goût pour moi, & qui
236 4199 3156 4375 les avoit priées de me faire entrevoir que
58 4366 3164 4540 ma recherche lui ſeroit agréable, & que ſi
58 4528 3164 4707 j'étois d'humeur de l'épouſer, elle feroit
51 4691 3164 4874 paſſer à moi & à mes héritiers toute ſa for-
69 4864 3156 5020 tune qui étoit immenſe. Elle étoit jeune,
59 5021 3150 5195 belle & riche. Les deux Dames employe-
62 5194 3168 5369 rent, ou firent ſemblant d'employer tout
247 5356 3294 5539 leur pouvoir pour m'engager à lui rendre
84 5519 3149 5689 une viſite. Je les refuſai opiniâtrément, &
243 5678 3112 5864 je déclarai nettement que ſi elles me preſ-
250 5850 3168 6033 ſoient encore, je prendrois la réſolution de
77 6018 3112 6212 ne plus les voir, tant qu'elles demeure
265 6185 3412 6374 roient en France. Sharpley ſe joignit à moi,
106 6344 3172 6536 & on ne m'en parla plus; mais Eſtampe
2325 6540 2599 6677 Lz
322 7712 1294 7802 L
