4266 7902
1167 675 4309 1045 lſtame me de uél voi ure ſoeun à qu
1253 1023 4308 1217 ce portrait reſſembloit tant, que ſi jamais
1250 1188 4307 1374 je la voyois, je ne pourrois y trouver au-
1257 1355 4306 1546 cune différence. Je lui fis mille queſtions
1253 1520 4305 1713 ſur cette ſœur, & lui demandai pourquoi
1253 1689 4304 1879 elle n'étoit jamais venue le voir depuis qu'il
1253 1860 4303 2052 étoit à mon ſervice. Il me répondit que par
1246 2027 4301 2216 la protection de Serene, elle étoit au ſer-
1242 2196 4300 2382 vice d'une Princeſſe, qui l'avoit tellement
1242 2361 4299 2573 priſe en amitié, que dès le commencement
1197 2529 4298 2733 elle l'avoit toujours gardée auprès d'elle;
1250 2701 4297 2883 mais que depuis, ſon affection croiſſant en-
1246 2872 4296 3049 core par la connoiſſance de ſes bonnes qua-
1238 3030 4295 3222 lités, elle en avoit fait ſa compagne & ſa
1235 3203 4294 3392 confidente, & en étoit ſi jalouſe, qu'elle
1235 3371 4293 3553 ne la laiſſoit ſortir que rarement; que cette
904 3536 4292 3723 ſœur ne venoit voir Serene & ſa mere que de
1227 3702 4291 3891 loin en loin; qu'il ne l'avoit pu voir que
1235 3870 4289 4065 deux fois depuis qu'il étoit à moi; mais
1235 4043 4288 4224 qu'elle avoit promis de venir voir ces Da-
1227 4209 4287 4399 mes dans un ou deux jours; qu'ainſi il me
1051 4378 4286 4558 prioit de lui permettre de l'informer exac-
1227 4543 4285 4725 tement du tems qu'elle y viendroit, & de
1227 4709 4284 4894 m'y trouver par hazard, pour voir ſi ce
1227 4878 4283 5066 qu'il me diſoit de ſa reſſemblance avec ma
1231 5047 4282 5222 chere Louiſe étoit juſte. En effet, Mon-
1220 5207 4281 5396 ſieur, continua-t-il, ſans la flatter, elle
1220 5385 4280 5565 aproche tant de la beauté de celle dont vous
1216 5554 4278 5754 pleurez la perte, que je ne doute point que
1220 5718 4277 5903 ſa vue ne vous donne de la ſatisfaction;
1212 5888 4276 6064 peut - être même contribuera-t-elle pour
1220 6056 4275 6262 quelques inſtans à effacer le chagrin & le
1216 6218 3184 6399 déſeſpoir qui vous poſſédent.
1122 6366 4273 6595 Je fus charmé de voir le zèle de ce digne
2958 7797 4264 7894 - ----------
