4266 7808
731 720 3123 912 DE JosEPh ThOpssO.
10 824 3090 1086 jeune homme, qui cherchoit continuelle-
10 1071 3090 1243 ment les moyens de détourner mon atten-
10 1237 3123 1409 tion du ſujet de mes peines; mais je re-
10 1404 3131 1574 fuſai abſolument cette viſite, & lui dis que
10 1566 3227 1739 je ſouffrois aſſez de voir tous les jours ſes
10 1733 3079 1902 traits qui aprochoient tant de la reſſemblan-
25 1896 3138 2068 ce de ma Maîtreſſe, & qu'à coup ſûr je ne
25 2062 3075 2225 pourrois pas ſuporter la vue d'un objet en-
198 2228 3153 2403 core plus reſſemblant. Il infiſta encore avec
117 2391 3149 2566 tant d'importunité, que j'en fus ſurpris. Il
199 2557 3105 2731 me demanda par grace de vouloir bien voir
62 2720 3131 2897 ſa ſœur; qu'aſſurément ſa vue me feroit
202 2890 3146 3059 plus de bien que je ne pouvois imaginer.
199 3049 3149 3226 Je lui dis que ce diſcours étoit une énigme,
36 3216 3146 3391 à laquelle je ne comprenois rien. Je le me-
40 3382 3164 3549 naçai que ſi jamais je le trouvois capable
58 3545 3164 3715 de ſe prêter à quelques ſupercheries pour
202 3711 3094 3882 m'engager à faire quelque choſe de con-
69 3872 3146 4047 traire à mon honneur, & aux réſolutions
206 4033 3146 4213 que j'avois priſes, je ne pourrois m'empê-
58 4199 3090 4384 cher de le traiter comme il le méritoit, &
80 4362 3142 4540 de le mettre dehors. Voyez-vous, lui dis-
54 4528 3153 4707 je, quand une fois un domeſtique ſe croit
73 4694 3153 4873 en état d'en impoſer à ſon Maître, il ne
69 4861 3175 5037 s'en tient jamais à des fautes legéres; il
69 5024 3127 5202 pourſuit ſes deſſeins juſqu'à ce qu'enfin il
58 5190 3168 5367 ſe perd totalement; ainſi ſi vous voulez
228 5360 3175 5531 conſerver la bonne opinion que j'ai de
86 5523 3172 5689 vous, prenez garde qu'il vous arrive rien
73 5682 3153 5857 de pareil, quand même vous croiriez que
66 5852 3101 6027 ce ſeroit pour mon intérêt & mon repos.
58 6011 3179 6199 Le pauvre Eſtampe fut très-mortifié de
58 6188 3171 6350 cette remontrance, & il ſe préparoit à me
59 6351 3169 6522 répondre, lorſque Sharpley entra avec Se-
