<PcGts xmlns="http://schema.primaresearch.org/PAGE/gts/pagecontent/2017-07-15" xmlns:xsi="http://www.w3.org/2001/XMLSchema-instance" xsi:schemaLocation="http://schema.primaresearch.org/PAGE/gts/pagecontent/2017-07-15 http://schema.primaresearch.org/PAGE/gts/pagecontent/2017-07-15/pagecontent.xsd"><Metadata><Creator>User123</Creator><Created>2020-10-12T18:30:52</Created><LastChange>2020-10-12T18:30:52</LastChange></Metadata><Page imageFilename="0083.png" imageHeight="7838" imageWidth="4266"><TextRegion id="r0" type="paragraph" orientation="-0.0"><Coords points="1,1 4264,1 4264,7836 1,7836"/><TextLine id="r0_l001"><Coords points="1219,857 1217,856 1217,855 1216,853 1208,853 1206,852 1206,847 1206,846 937,846 934,844 934,843 934,842 933,842 931,841 931,840 933,838 1183,838 1183,838 1183,760 1184,759 1184,758 1186,756 1187,756 1187,756 1187,755 1189,753 1201,753 1202,752 1202,751 1204,749 1205,749 1206,748 1206,747 1208,745 1209,745 1209,745 1209,741 1210,740 1210,739 1211,738 1212,738 1214,736 1214,735 1215,734 1343,734 1343,734 1343,733 1346,730 1347,730 1347,730 1347,729 1349,727 1629,727 1629,727 1629,710 1630,709 1631,709 1633,707 1633,684 1635,682 1636,682 1637,681 1637,680 1638,679 1639,679 1640,678 1646,678 1648,681 1648,682 1649,682 1680,682 1681,684 1681,685 1683,686 1696,686 1696,687 1696,708 1697,708 3322,708 3322,708 3322,700 3323,699 3323,698 3324,697 3333,697 3333,698 3333,699 3334,699 3336,701 3337,701 3337,702 3337,704 3338,705 3338,719 3339,719 3648,719 3649,721 3649,722 3651,723 3663,723 3664,725 3664,726 3666,727 3667,727 3668,729 3668,737 3670,738 3671,738 3671,739 3671,740 3672,741 3672,786 3673,786 3979,786 3980,788 3980,797 3980,797 3669,797 3668,798 3668,800 3667,801 3666,801 3664,803 3664,804 3663,805 3662,805 3660,807 3660,808 3659,809 3654,809 3653,810 3653,811 3652,812 3507,812 3504,815 3504,816 3504,816 3086,816 3085,817 3085,852 3085,852 3082,852 3081,852 3081,847 3081,846 3080,846 3074,841 3074,833 3073,831 1363,831 1362,832 1362,845 1362,845 1361,845 1358,848 1358,849 1358,849 1353,849 1351,851 1351,852 1350,853 1322,853 1321,854 1321,856 1320,857"/><TextEquiv index="1"><Unicode>aLAAvierles aventures</Unicode></TextEquiv></TextLine><TextLine id="r0_l002"><Coords points="2392,1018 2391,1018 2391,973 2391,972 2265,972 2264,973 2264,1012 2263,1013 2251,1013 2250,1013 2250,1012 2249,1011 2249,1007 2248,1005 2247,1005 2246,1005 2246,1004 2245,1002 2244,1002 2242,1001 2242,973 2242,972 1817,972 1815,974 1815,997 1814,998 1802,998 1800,997 1800,996 1800,995 1799,995 1796,993 1796,973 1796,972 1497,972 1496,973 1496,974 1494,976 1241,976 1239,978 1239,979 1239,979 1198,979 1197,980 1196,980 1195,979 1189,979 1187,978 1187,977 1187,976 1186,976 1184,975 1184,936 1184,935 1182,935 1180,934 1180,933 1182,931 1183,931 1183,931 1183,930 1186,927 1187,927 1187,927 1187,911 1189,909 1190,909 1191,908 1209,908 1212,905 1216,905 1217,904 1217,903 1218,902 1219,902 1221,900 1221,899 1222,898 1223,898 1224,897 1225,897 1226,898 1228,898 1228,899 1228,900 1230,901 1421,901 1421,901 1421,900 1423,898 1598,898 1600,896 1600,895 1601,894 1614,894 1614,894 1614,848 1616,846 1629,846 1629,847 1629,848 1631,849 1635,849 1637,852 1637,856 1639,857 1640,857 1640,858 1640,894 1641,894 1706,894 1710,898 2022,898 2023,897 2134,897 2134,897 2134,855 2136,853 2148,853 2149,855 2149,856 2151,857 2152,857 2153,859 2153,894 2154,894 2271,894 2271,895 2271,896 2274,898 2523,898 2524,897 2524,896 2526,894 2732,894 2732,894 2732,859 2738,853 2739,853 2739,853 2739,852 2742,849 2905,849 2907,852 2907,853 2908,853 3081,853 3082,852 3086,852 3087,853 3088,853 3088,854 3088,855 3089,856 3089,860 3091,861 3092,861 3092,862 3092,871 3091,872 3088,870 3088,869 3088,868 3056,868 3055,869 3055,946 3056,946 3241,946 3241,946 3241,929 3243,927 3244,927 3244,927 3244,923 3245,922 3245,921 3246,920 3247,920 3252,915 3252,914 3253,913 3254,913 3256,911 3256,910 3257,909 3258,909 3260,907 3260,906 3261,905 3325,905 3329,901 3437,901 3437,901 3437,900 3439,898 3564,898 3564,898 3564,862 3565,861 3566,861 3567,860 3568,859 3568,858 3569,857 3578,857 3579,859 3579,860 3580,860 3581,860 3582,862 3582,863 3583,864 3583,879 3584,879 3585,879 3586,881 3586,901 3587,901 3641,901 3642,903 3642,904 3644,905 3856,905 3860,901 3983,901 3983,901 3983,897 3984,896 3984,895 3985,894 3986,894 3987,893 3987,892 3988,891 3989,890 3990,890 3991,889 3991,888 3992,887 3993,887 3994,886 3996,886 3997,887 3998,887 3998,888 3998,889 4000,890 4001,890 4002,892 4002,898 4003,898 4079,898 4084,904 4084,908 4086,909 4091,909 4091,910 4091,919 4093,920 4094,920 4095,922 4095,930 4097,931 4098,931 4099,933 4098,934 4098,935 4098,935 4097,935 4095,937 4095,971 4094,972 4089,972 4088,973 4088,974 4086,976 4082,976 4079,979 4068,979 4067,980 4066,980 4065,981 4065,982 4064,983 4056,983 4054,982 4054,981 4053,979 3793,979 3790,982 3790,983 3790,983 3784,983 3783,984 3783,1012 3782,1013 3759,1013 3757,1012 3757,1011 3756,1009 3755,1009 3753,1008 3753,977 3753,976 3450,976 3449,977 3449,978 3448,979 3305,979 3304,980 3304,1004 3299,1009 3135,1009 3133,1008 3133,1007 3132,1005 3131,1005 3129,1004 3129,1003 3129,1002 3128,1002 3126,1001 3126,977 3126,976 3035,976 3033,975 3033,974 3032,972 3027,972 3026,972 3026,971 3024,968 2572,968 2571,969 2571,1017 2571,1017 2560,1017 2559,1017 2559,969 2559,968 2545,968 2542,971 2542,972 2542,972 2402,972 2401,973 2401,1018 2401,1018"/><TextEquiv index="1"><Unicode>tems de prendre mon habit, que la porte</Unicode></TextEquiv></TextLine><TextLine id="r0_l003"><Coords points="2993,1185 2992,1185 2992,1136 2992,1135 2978,1135 2977,1136 2977,1146 2977,1146 2975,1146 2973,1145 2973,1136 2973,1135 2757,1135 2753,1139 2523,1139 2522,1140 2522,1184 2522,1184 2513,1184 2512,1184 2512,1140 2512,1139 2359,1139 2358,1140 2358,1183 2358,1183 2354,1183 2353,1183 2353,1140 2353,1139 2351,1139 2350,1140 2350,1141 2349,1142 2349,1143 2349,1143 2343,1143 2342,1144 2342,1146 2341,1147 2337,1147 2335,1146 2335,1140 2335,1139 2243,1139 2242,1139 2242,1138 2241,1137 2241,1136 2241,1135 1903,1135 1899,1139 1750,1139 1748,1138 1748,1137 1747,1135 1725,1135 1724,1136 1724,1184 1724,1184 1708,1184 1707,1184 1707,1136 1707,1135 1613,1135 1610,1138 1610,1139 1610,1139 1345,1139 1343,1141 1343,1142 1342,1143 1197,1143 1194,1141 1194,1140 1194,1139 1193,1139 1191,1138 1191,1122 1191,1121 1190,1121 1189,1120 1188,1120 1187,1120 1187,1119 1190,1116 1191,1116 1191,1116 1191,1107 1192,1106 1206,1106 1206,1106 1206,1100 1208,1098 1213,1098 1213,1098 1213,1097 1216,1094 1217,1094 1217,1094 1217,1085 1219,1083 1220,1083 1221,1082 1221,1077 1222,1076 1231,1076 1232,1075 1232,1074 1234,1072 1239,1072 1239,1072 1239,1071 1242,1068 1246,1068 1247,1067 1247,1066 1248,1065 1261,1065 1261,1065 1261,1023 1264,1020 1268,1020 1269,1022 1269,1023 1271,1024 1279,1024 1284,1030 1284,1065 1285,1065 1606,1065 1607,1064 1607,1063 1609,1061 1755,1061 1755,1061 1755,1060 1756,1059 1756,1058 1757,1057 1785,1057 1785,1057 1785,1022 1787,1020 1803,1020 1803,1020 1803,1019 1806,1016 1808,1019 1808,1020 1809,1020 1810,1020 1811,1022 1811,1030 1813,1031 1814,1031 1815,1033 1815,1057 1816,1057 1847,1057 1848,1059 1848,1060 1850,1061 2082,1061 2082,1061 2082,1019 2085,1016 2095,1016 2096,1017 2097,1017 2097,1018 2097,1061 2098,1061 2375,1061 2375,1061 2375,1046 2376,1045 2376,1044 2378,1042 2379,1042 2379,1042 2379,1037 2381,1035 2382,1035 2383,1034 2383,1026 2385,1024 2386,1024 2386,1024 2386,1023 2389,1020 2390,1020 2390,1020 2390,1019 2391,1018 2402,1018 2402,1019 2402,1057 2403,1057 2434,1057 2435,1056 2435,1055 2436,1054 2439,1054 2439,1055 2439,1060 2445,1065 2554,1065 2554,1065 2554,1025 2555,1024 2556,1024 2557,1023 2557,1019 2559,1017 2572,1017 2572,1018 2572,1019 2574,1020 2575,1020 2576,1022 2576,1054 2577,1054 2612,1054 2613,1053 2613,1052 2615,1050 2616,1050 2617,1052 2617,1053 2618,1053 2619,1053 2621,1056 2621,1057 2622,1057 2910,1057 2910,1057 2910,1052 2912,1050 2913,1050 2914,1049 2914,1044 2915,1043 2916,1043 2918,1041 2918,1037 2920,1035 2921,1035 2921,1035 2921,1030 2923,1028 2924,1028 2925,1027 2925,1026 2927,1024 2928,1024 2929,1023 2929,1022 2931,1020 2932,1020 2932,1020 2932,1019 2935,1016 2936,1016 2936,1016 2936,1015 2938,1013 2958,1013 2959,1015 2959,1016 2960,1016 2961,1017 2962,1017 2962,1018 2962,1061 2963,1061 3040,1061 3040,1062 3040,1063 3043,1065 3176,1065 3180,1061 3307,1061 3307,1061 3307,1028 3308,1027 3308,1025 3309,1024 3310,1024 3311,1023 3311,1022 3313,1020 3314,1020 3315,1022 3315,1023 3317,1024 3322,1024 3322,1025 3322,1026 3325,1028 3326,1028 3326,1029 3326,1065 3327,1065 3496,1065 3497,1064 3497,1052 3499,1050 3500,1050 3501,1049 3501,1044 3503,1042 3504,1042 3504,1042 3504,1038 3505,1037 3505,1036 3506,1035 3507,1035 3508,1034 3512,1030 3512,1029 3513,1028 3514,1028 3516,1026 3516,1025 3517,1024 3518,1024 3520,1022 3520,1021 3521,1020 3537,1020 3538,1022 3538,1023 3540,1024 3545,1024 3545,1025 3545,1065 3546,1065 3685,1065 3687,1063 3687,1062 3688,1061 3697,1061 3697,1062 3697,1063 3698,1064 3698,1068 3699,1068 3766,1068 3767,1069 3768,1069 3768,1070 3768,1071 3770,1072 3774,1072 3778,1076 3946,1076 3946,1076 3946,1044 3948,1042 3952,1042 3954,1045 3954,1072 3955,1072 4057,1072 4058,1071 4058,1070 4060,1068 4075,1068 4076,1070 4076,1071 4078,1072 4083,1072 4083,1073 4083,1074 4086,1076 4090,1076 4095,1082 4095,1086 4097,1087 4098,1087 4098,1088 4098,1089 4099,1090 4099,1134 4098,1135 4097,1135 4095,1137 4095,1138 4094,1139 4089,1139 4088,1140 4088,1141 4086,1143 4085,1143 4084,1144 4084,1145 4082,1147 3936,1147 3935,1148 3935,1179 3934,1180 3933,1180 3932,1181 3932,1182 3930,1184 3915,1184 3913,1183 3913,1182 3912,1180 3907,1180 3906,1180 3906,1179 3905,1178 3905,1148 3905,1147 3894,1147 3893,1146 3758,1146 3757,1146 3757,1145 3756,1143 3573,1143 3571,1142 3571,1141 3570,1139 3395,1139 3393,1141 3393,1142 3392,1143 3366,1143 3363,1141 3363,1140 3363,1139 3208,1139 3207,1140 3207,1146 3207,1146 3206,1146 3204,1148 3204,1152 3203,1153 3203,1154 3203,1154 3202,1154 3200,1156 3200,1157 3200,1157 3199,1157 3196,1160 3196,1161 3196,1161 3195,1161 3192,1164 3192,1165 3192,1165 3187,1165 3185,1167 3185,1168 3184,1169 3172,1169 3170,1168 3170,1140 3170,1139 3046,1139 3044,1138 3044,1137 3043,1135 3007,1135 3006,1136 3006,1185 3006,1185"/><TextEquiv index="1"><Unicode>de ma chambre étoit en feu; de ſorte que</Unicode></TextEquiv></TextLine><TextLine id="r0_l004"><Coords points="3339,1352 3338,1352 3338,1307 3338,1306 3266,1306 3265,1307 3265,1351 3265,1351 3255,1351 3254,1351 3254,1307 3254,1306 3057,1306 3055,1305 3055,1304 3055,1303 2652,1303 2566,1303 2565,1304 2565,1305 2564,1306 2455,1306 2454,1307 2454,1327 2453,1328 2452,1328 2451,1329 2450,1330 2450,1331 2449,1332 2448,1332 2447,1333 2446,1334 2446,1335 2445,1336 2444,1336 2442,1338 2442,1339 2441,1340 2440,1340 2439,1341 2439,1342 2438,1343 2426,1343 2424,1345 2424,1346 2423,1347 2422,1347 2420,1346 2420,1345 2419,1343 2388,1343 2387,1343 2387,1304 2387,1303 2160,1303 2159,1302 1983,1302 1982,1303 1928,1303 1926,1305 1926,1306 1926,1306 1924,1306 1922,1305 1922,1304 1922,1303 1508,1303 1507,1304 1507,1305 1506,1306 1449,1306 1448,1307 1448,1308 1446,1310 1212,1310 1202,1301 1202,1297 1204,1295 1206,1295 1206,1295 1206,1245 1208,1243 1209,1243 1209,1243 1209,1242 1212,1239 1213,1239 1213,1239 1213,1238 1216,1235 1328,1235 1328,1235 1328,1234 1330,1232 1395,1232 1395,1232 1395,1230 1397,1228 1439,1228 1440,1230 1440,1231 1442,1232 1639,1232 1640,1231 1640,1216 1644,1212 1644,1208 1646,1206 1647,1206 1648,1205 1648,1200 1650,1198 1651,1198 1651,1198 1651,1197 1653,1195 1654,1195 1655,1194 1655,1189 1657,1187 1662,1187 1663,1186 1663,1185 1664,1184 1665,1184 1666,1183 1670,1183 1670,1183 1670,1182 1672,1180 1680,1180 1684,1184 1725,1184 1726,1186 1726,1190 1728,1191 1729,1191 1729,1192 1729,1193 1730,1194 1730,1202 1731,1202 1732,1202 1733,1204 1733,1209 1734,1209 1735,1209 1741,1216 1741,1228 1742,1228 1851,1228 1852,1227 1852,1226 1853,1225 1854,1225 1855,1224 1858,1224 1860,1227 1860,1228 1861,1228 1999,1228 2002,1231 2164,1231 2164,1231 2164,1230 2166,1228 2220,1228 2220,1228 2220,1189 2222,1187 2223,1187 2223,1187 2223,1182 2225,1180 2241,1180 2242,1182 2242,1183 2243,1183 2359,1183 2360,1184 2524,1184 2524,1185 2524,1228 2525,1228 2732,1228 2732,1228 2732,1182 2734,1180 2750,1180 2751,1182 2751,1183 2752,1184 2753,1184 2754,1184 2754,1185 2754,1193 2758,1197 2758,1224 2759,1224 2944,1224 2944,1224 2944,1189 2946,1187 2947,1187 2947,1187 2947,1186 2949,1184 2950,1184 2951,1183 2964,1183 2965,1184 2966,1184 2967,1185 3007,1185 3007,1186 3007,1195 3008,1195 3114,1195 3115,1197 3115,1228 3116,1228 3407,1228 3408,1227 3408,1215 3410,1213 3411,1213 3412,1212 3412,1204 3414,1202 3418,1202 3419,1201 3419,1200 3420,1199 3421,1199 3423,1197 3423,1196 3424,1195 3425,1195 3427,1193 3427,1192 3428,1191 3429,1191 3430,1190 3430,1189 3432,1187 3437,1187 3438,1186 3438,1185 3439,1184 3440,1184 3441,1183 3450,1183 3451,1184 3452,1184 3452,1185 3452,1186 3453,1186 3454,1187 3455,1187 3456,1189 3456,1228 3457,1228 3478,1228 3478,1229 3478,1230 3481,1232 3653,1232 3653,1232 3653,1189 3655,1187 3670,1187 3672,1190 3672,1191 3673,1191 3756,1191 3757,1193 3757,1194 3759,1195 3805,1195 3805,1196 3805,1197 3807,1198 3952,1198 3954,1201 3954,1235 3955,1235 4078,1235 4079,1236 4080,1236 4080,1237 4080,1238 4082,1239 4094,1239 4095,1241 4095,1246 4097,1247 4098,1247 4099,1249 4099,1283 4101,1284 4102,1284 4102,1285 4102,1294 4097,1299 4096,1299 4095,1300 4095,1301 4086,1310 4082,1310 4080,1312 4080,1313 4080,1313 4079,1313 4078,1314 4064,1314 4061,1312 4061,1311 4061,1310 3796,1310 3794,1309 3794,1308 3793,1306 3480,1306 3479,1307 3479,1308 3477,1310 3473,1310 3471,1309 3471,1308 3470,1306 3345,1306 3344,1307 3344,1352 3344,1352"/><TextEquiv index="1"><Unicode>nous fûmes obligés de lier enſemble les</Unicode></TextEquiv></TextLine><TextLine id="r0_l005"><Coords points="1348,1521 1347,1521 1347,1474 1347,1473 1249,1473 1247,1475 1247,1476 1246,1477 1245,1477 1243,1476 1243,1475 1242,1473 1237,1473 1236,1473 1236,1472 1235,1470 1224,1470 1223,1469 1222,1469 1221,1469 1221,1468 1221,1467 1220,1466 1219,1466 1217,1465 1217,1460 1217,1459 1216,1459 1213,1457 1213,1453 1212,1451 1211,1451 1210,1451 1210,1445 1210,1444 1197,1444 1195,1443 1195,1441 1196,1440 1197,1440 1198,1439 1198,1438 1200,1436 1213,1436 1213,1436 1213,1423 1214,1422 1215,1422 1217,1420 1217,1419 1218,1418 1219,1418 1221,1416 1221,1412 1223,1410 1227,1410 1228,1409 1228,1408 1229,1407 1230,1407 1231,1406 1246,1406 1247,1405 1247,1404 1248,1403 1249,1403 1251,1401 1251,1400 1252,1399 1261,1399 1261,1399 1261,1358 1262,1357 1262,1356 1264,1354 1265,1354 1265,1354 1265,1353 1267,1351 1272,1351 1273,1353 1273,1354 1274,1354 1279,1354 1280,1356 1280,1357 1281,1357 1282,1358 1283,1358 1284,1360 1284,1395 1285,1395 1390,1395 1392,1398 1392,1399 1393,1399 1639,1399 1643,1395 1659,1395 1659,1395 1659,1352 1660,1351 1661,1351 1663,1349 1663,1348 1664,1347 1669,1347 1670,1349 1670,1350 1672,1351 1681,1351 1681,1352 1681,1353 1682,1354 1684,1355 1685,1355 1685,1356 1685,1391 1686,1391 2175,1391 2175,1391 2175,1360 2177,1358 2178,1358 2179,1357 2179,1352 2180,1351 2234,1351 2234,1352 2234,1353 2235,1354 2235,1358 2236,1358 2237,1358 2238,1360 2238,1384 2239,1384 2278,1384 2279,1386 2279,1391 2280,1391 2461,1391 2461,1391 2461,1375 2463,1373 2464,1373 2465,1372 2465,1367 2466,1366 2467,1366 2468,1365 2468,1361 2469,1360 2469,1359 2470,1358 2471,1358 2472,1357 2472,1356 2473,1355 2474,1355 2475,1354 2479,1354 2480,1353 2480,1352 2481,1351 2494,1351 2494,1352 2494,1353 2496,1354 2500,1354 2504,1358 2508,1358 2509,1360 2509,1364 2512,1366 2513,1366 2513,1367 2513,1388 2514,1388 2564,1388 2565,1390 2565,1391 2566,1391 2682,1391 2683,1392 2843,1392 2844,1394 2844,1395 2845,1395 3210,1395 3214,1391 3244,1391 3244,1391 3244,1357 3247,1354 3248,1354 3248,1354 3248,1353 3250,1351 3338,1351 3339,1352 3345,1352 3345,1353 3345,1391 3346,1391 3380,1391 3381,1392 3382,1392 3382,1393 3382,1395 3383,1395 3501,1395 3501,1395 3501,1356 3503,1354 3518,1354 3519,1356 3519,1395 3520,1395 3553,1395 3553,1395 3553,1393 3554,1392 3555,1392 3556,1391 3556,1391 3556,1390 3558,1388 3560,1388 3560,1389 3560,1390 3564,1394 3564,1398 3566,1399 4035,1399 4035,1400 4035,1401 4038,1403 4042,1403 4043,1405 4043,1406 4044,1406 4049,1406 4050,1408 4050,1413 4052,1414 4053,1414 4054,1416 4054,1429 4055,1429 4098,1429 4099,1431 4099,1432 4100,1432 4101,1432 4102,1434 4102,1439 4103,1439 4125,1439 4126,1440 4128,1440 4128,1441 4128,1443 4127,1444 4107,1444 4106,1445 4106,1454 4105,1455 4051,1455 4050,1456 4050,1469 4050,1469 4049,1469 4047,1471 4047,1472 4046,1473 4045,1473 4043,1475 4043,1476 4042,1477 3884,1477 3883,1478 3883,1502 3882,1503 3881,1503 3880,1504 3880,1505 3878,1507 3874,1507 3872,1509 3872,1510 3872,1510 3859,1510 3857,1509 3857,1508 3857,1507 3856,1507 3853,1505 3853,1478 3853,1477 3759,1477 3757,1476 3757,1475 3756,1473 3083,1473 3081,1472 3081,1471 3081,1470 2848,1470 2847,1471 2847,1515 2847,1515 2846,1515 2845,1516 2741,1516 2740,1517 2726,1517 2725,1517 2725,1471 2725,1470 2581,1470 2580,1471 2580,1472 2579,1473 2497,1473 2493,1477 2388,1477 2387,1478 2387,1479 2378,1488 2374,1488 2372,1490 2372,1491 2371,1492 2359,1492 2357,1491 2357,1490 2356,1488 2355,1488 2353,1487 2353,1471 2353,1470 2143,1470 2142,1471 2142,1472 2141,1473 2140,1473 2139,1474 2138,1475 2138,1476 2137,1477 2136,1477 2134,1476 2134,1471 2134,1470 2113,1470 2112,1471 2112,1517 2112,1517 2094,1517 2093,1517 2093,1471 2093,1470 1995,1470 1993,1472 1993,1473 1993,1473 1991,1473 1989,1472 1989,1471 1989,1470 1907,1470 1906,1469 1905,1469 1904,1469 1904,1467 1904,1466 1750,1466 1748,1468 1748,1469 1748,1469 1747,1469 1746,1470 1630,1470 1629,1471 1629,1517 1629,1517 1624,1517 1623,1518 1614,1518 1613,1518 1613,1471 1613,1470 1541,1470 1540,1471 1540,1472 1539,1473 1460,1473 1459,1474 1459,1504 1458,1505 1458,1506 1457,1507 1445,1507 1444,1508 1444,1509 1443,1510 1441,1510 1440,1511 1439,1510 1438,1510 1436,1509 1436,1508 1436,1507 1431,1507 1429,1506 1429,1474 1429,1473 1363,1473 1362,1474 1362,1521 1362,1521"/><TextEquiv index="1"><Unicode>draps de mon lit; &amp; comme c'étoit au pre-</Unicode></TextEquiv></TextLine><TextLine id="r0_l006"><Coords points="3993,1687 3992,1686 3985,1686 3984,1686 3984,1645 3984,1644 3944,1644 3943,1644 3943,1643 3941,1640 3825,1640 3824,1641 3824,1658 3823,1659 3815,1659 3811,1655 3810,1655 3809,1655 3809,1641 3809,1640 3470,1640 3467,1643 3467,1644 3467,1644 3390,1644 3389,1645 3389,1673 3388,1674 3366,1674 3362,1670 3361,1670 3360,1670 3360,1668 3359,1667 3359,1638 3359,1637 2120,1637 2119,1638 2119,1651 2119,1651 2118,1651 2116,1653 2116,1657 2115,1658 2115,1659 2115,1659 2114,1659 2112,1661 2112,1665 2107,1670 2106,1670 2105,1671 2105,1672 2103,1674 2096,1674 2093,1672 2093,1660 2093,1659 2003,1659 1999,1655 1995,1655 1993,1654 1993,1653 1993,1652 1835,1652 1834,1653 1834,1656 1833,1657 1833,1658 1832,1659 1831,1659 1830,1660 1830,1665 1829,1666 1828,1666 1826,1668 1826,1669 1825,1670 1820,1670 1819,1671 1819,1672 1817,1674 1813,1674 1811,1676 1811,1677 1811,1677 1802,1677 1801,1678 1774,1678 1773,1677 1772,1677 1770,1676 1770,1672 1769,1670 1768,1670 1767,1670 1767,1669 1766,1668 1766,1664 1766,1663 1765,1663 1763,1662 1763,1641 1763,1640 1601,1640 1599,1639 1599,1638 1599,1637 1511,1637 1510,1638 1510,1647 1509,1648 1508,1648 1507,1649 1507,1654 1506,1655 1501,1655 1499,1654 1499,1653 1499,1652 1498,1652 1496,1651 1496,1645 1496,1644 1415,1644 1414,1644 1414,1643 1412,1640 1200,1640 1198,1639 1198,1635 1200,1633 1201,1633 1202,1632 1202,1631 1204,1629 1205,1629 1206,1628 1206,1575 1207,1574 1208,1574 1209,1573 1213,1573 1213,1573 1213,1572 1215,1570 1227,1570 1228,1569 1228,1568 1230,1566 1347,1566 1347,1566 1347,1522 1348,1521 1364,1521 1366,1524 1366,1562 1367,1562 1431,1562 1432,1564 1432,1565 1434,1566 1587,1566 1591,1562 1603,1562 1603,1562 1603,1542 1605,1540 1606,1540 1607,1539 1607,1534 1608,1533 1609,1533 1611,1531 1611,1519 1612,1518 1623,1518 1624,1517 1629,1517 1629,1518 1629,1551 1630,1551 1662,1551 1663,1553 1663,1554 1665,1555 1807,1555 1807,1556 1807,1557 1810,1559 1892,1559 1893,1561 1893,1562 1894,1562 1899,1562 1900,1564 1900,1565 1902,1566 1903,1566 1904,1568 1904,1569 1906,1570 1907,1570 1908,1572 1908,1577 1909,1577 1910,1577 1911,1579 1911,1580 1912,1581 1912,1607 1913,1607 1996,1607 1997,1606 1997,1605 1999,1603 2000,1603 2000,1603 2000,1602 2003,1599 2093,1599 2093,1599 2093,1518 2094,1517 2134,1517 2134,1517 2134,1516 2136,1514 2163,1514 2164,1516 2164,1559 2165,1559 2353,1559 2353,1559 2353,1516 2355,1514 2375,1514 2375,1515 2375,1516 2376,1517 2376,1525 2377,1525 2378,1525 2379,1527 2379,1558 2380,1558 2499,1558 2500,1559 2725,1559 2725,1559 2725,1518 2726,1517 2832,1517 2833,1516 2845,1516 2846,1515 2847,1515 2847,1516 2847,1517 2849,1518 2850,1518 2850,1519 2851,1520 2851,1521 2852,1521 2984,1521 2985,1520 2985,1519 2986,1518 3092,1518 3092,1518 3092,1516 3094,1514 3128,1514 3133,1520 3133,1528 3135,1529 3136,1529 3137,1531 3137,1562 3138,1562 3288,1562 3289,1564 3289,1565 3291,1566 3467,1566 3467,1566 3467,1565 3470,1562 3478,1562 3478,1562 3478,1561 3480,1559 3481,1559 3482,1558 3483,1558 3484,1559 3485,1559 3486,1561 3486,1562 3487,1562 3492,1562 3493,1563 3625,1563 3626,1562 3638,1562 3638,1562 3638,1527 3640,1525 3641,1525 3642,1524 3642,1519 3643,1518 3644,1518 3646,1516 3646,1515 3647,1514 3659,1514 3664,1520 3664,1562 3665,1562 3868,1562 3868,1562 3868,1527 3870,1525 3871,1525 3872,1524 3872,1523 3873,1522 3874,1522 3875,1521 3889,1521 3891,1524 3891,1525 3892,1525 4027,1525 4028,1524 4028,1523 4029,1522 4030,1522 4031,1521 4045,1521 4047,1524 4047,1525 4048,1525 4049,1525 4050,1527 4050,1592 4051,1592 4098,1592 4098,1593 4098,1594 4101,1596 4102,1596 4102,1597 4102,1610 4101,1611 4100,1611 4099,1612 4099,1616 4098,1617 4098,1618 4098,1618 4044,1618 4043,1619 4043,1687 4043,1687"/><TextEquiv index="1"><Unicode>mier étage, j'ordonnai à Eſtampe de deſ-</Unicode></TextEquiv></TextLine><TextLine id="r0_l007"><Coords points="2411,1849 2410,1849 2410,1805 2410,1804 1950,1804 1949,1805 1949,1835 1948,1836 1948,1837 1948,1837 1947,1837 1945,1839 1945,1840 1944,1841 1921,1841 1919,1840 1919,1839 1919,1838 1918,1837 1917,1837 1915,1836 1915,1805 1915,1804 1449,1804 1448,1805 1448,1812 1447,1813 1447,1814 1446,1815 1445,1815 1443,1814 1443,1809 1443,1808 1243,1808 1242,1807 1241,1807 1239,1806 1239,1805 1239,1804 1219,1804 1217,1803 1217,1802 1216,1800 1215,1800 1213,1799 1213,1797 1213,1796 1196,1796 1195,1796 1195,1790 1196,1789 1202,1789 1202,1789 1202,1783 1204,1781 1205,1781 1213,1773 1213,1758 1221,1750 1221,1746 1223,1744 1224,1744 1224,1744 1224,1743 1226,1741 1230,1741 1242,1729 1492,1729 1492,1729 1492,1686 1493,1685 1506,1685 1506,1685 1506,1684 1509,1681 1513,1681 1514,1683 1514,1706 1516,1707 1517,1707 1518,1709 1518,1726 1519,1726 1733,1726 1733,1726 1733,1687 1735,1685 1744,1685 1744,1686 1744,1687 1747,1689 1748,1689 1748,1690 1748,1699 1750,1700 1751,1700 1752,1702 1752,1726 1753,1726 1822,1726 1822,1727 1822,1728 1824,1729 2085,1729 2088,1726 2257,1726 2257,1726 2257,1694 2259,1692 2260,1692 2260,1692 2260,1691 2262,1689 2263,1689 2264,1688 2264,1687 2266,1685 2278,1685 2279,1687 2279,1691 2281,1692 2282,1692 2283,1694 2283,1726 2284,1726 2345,1726 2346,1728 2346,1729 2347,1729 2583,1729 2584,1728 2584,1727 2585,1726 2754,1726 2754,1726 2754,1687 2756,1685 2769,1685 2769,1686 2769,1695 2771,1696 2772,1696 2773,1698 2773,1726 2774,1726 2950,1726 2951,1725 2951,1713 2953,1711 2954,1711 2955,1710 2955,1701 2956,1700 2957,1700 2966,1691 2966,1687 2968,1685 2972,1685 2974,1683 2974,1682 2975,1681 2980,1681 2981,1680 2981,1679 2983,1677 2990,1677 2991,1678 2992,1678 2992,1679 2992,1680 2994,1681 2998,1681 3003,1687 3003,1726 3004,1726 3170,1726 3170,1726 3170,1713 3172,1711 3173,1711 3174,1710 3174,1702 3184,1692 3185,1692 3185,1692 3185,1687 3187,1685 3196,1685 3196,1686 3196,1687 3207,1698 3207,1702 3210,1704 3211,1704 3211,1705 3211,1710 3213,1711 3214,1711 3215,1713 3215,1722 3216,1722 3247,1722 3248,1724 3248,1728 3250,1729 3478,1729 3478,1729 3478,1728 3480,1726 3482,1726 3482,1727 3482,1728 3484,1729 3722,1729 3724,1732 3724,1733 3725,1733 3980,1733 3980,1733 3980,1690 3981,1689 3982,1689 3985,1686 4038,1686 4039,1687 4043,1687 4044,1688 4045,1688 4046,1689 4091,1689 4091,1690 4091,1706 4093,1707 4094,1707 4095,1709 4095,1792 4096,1792 4100,1792 4101,1793 4102,1793 4102,1794 4102,1807 4102,1807 4101,1807 4100,1808 3896,1808 3895,1809 3895,1834 3894,1835 3894,1837 3894,1837 3893,1837 3892,1838 3890,1840 3890,1841 3890,1841 3863,1841 3861,1840 3861,1809 3861,1808 3643,1808 3642,1809 3642,1810 3641,1811 3502,1811 3501,1812 3501,1814 3500,1815 3499,1815 3497,1817 3497,1818 3497,1818 3496,1818 3495,1819 3493,1821 3493,1822 3493,1822 3492,1822 3489,1825 3489,1826 3489,1826 3488,1826 3486,1828 3486,1829 3486,1829 3485,1829 3482,1832 3482,1833 3482,1833 3481,1833 3480,1834 3471,1834 3470,1833 3469,1833 3467,1832 3467,1820 3467,1819 3463,1819 3462,1818 3461,1818 3460,1818 3460,1817 3459,1815 3458,1815 3457,1815 3456,1814 3456,1813 3455,1811 3454,1811 3452,1810 3452,1805 3452,1804 3202,1804 3199,1807 3198,1807 3197,1808 3178,1808 3177,1807 3175,1807 3174,1807 3174,1806 3173,1804 3080,1804 3077,1802 3077,1801 3077,1800 2812,1800 2810,1802 2810,1803 2809,1804 2805,1804 2802,1802 2802,1801 2802,1800 2515,1800 2513,1802 2513,1803 2512,1804 2507,1804 2506,1805 2506,1832 2505,1833 2504,1833 2503,1834 2502,1835 2502,1836 2501,1837 2496,1837 2495,1838 2495,1839 2494,1840 2494,1841 2494,1841 2493,1841 2490,1839 2490,1838 2490,1837 2485,1837 2483,1836 2483,1831 2483,1830 2482,1830 2479,1828 2479,1805 2479,1804 2427,1804 2426,1805 2426,1849 2426,1849"/><TextEquiv index="1"><Unicode>cendre le premier par la fenêtre; ce qu'il</Unicode></TextEquiv></TextLine><TextLine id="r0_l008"><Coords points="3268,2021 3267,2021 3267,2009 3267,2008 3239,2008 3237,2007 3237,2005 3237,2004 3090,2004 3089,2004 3089,2003 3088,2002 3088,1968 3088,1967 2667,1967 2665,1969 2665,1970 2664,1971 2660,1971 2658,1970 2658,1969 2657,1967 2610,1967 2609,1968 2609,2013 2609,2013 2607,2013 2606,2013 2606,1968 2606,1967 2352,1967 2350,1969 2350,1970 2349,1971 2020,1971 2019,1972 2019,2000 2019,2000 2018,2000 2015,2003 2015,2004 2015,2004 1999,2004 1997,2006 1997,2007 1996,2008 1991,2008 1990,2008 1990,2007 1988,2005 1988,2004 1987,2004 1986,2004 1986,1972 1986,1971 1887,1971 1885,1970 1885,1969 1884,1967 1620,1967 1618,1969 1618,1970 1617,1971 1527,1971 1525,1970 1525,1969 1525,1968 1363,1968 1362,1969 1362,1970 1361,1971 1356,1971 1354,1973 1354,1974 1353,1975 1224,1975 1223,1974 1222,1974 1221,1974 1221,1973 1220,1971 1212,1971 1210,1970 1210,1966 1208,1963 1207,1963 1206,1963 1206,1961 1207,1960 1208,1960 1208,1960 1210,1958 1210,1957 1211,1956 1213,1956 1213,1956 1213,1906 1215,1904 1216,1904 1216,1904 1217,1903 1217,1902 1219,1900 1224,1900 1224,1900 1224,1899 1225,1898 1226,1897 1227,1897 1228,1896 1335,1896 1336,1895 1336,1894 1337,1893 1706,1893 1707,1892 1707,1891 1709,1889 1744,1889 1744,1889 1744,1854 1746,1852 1747,1852 1748,1851 1748,1850 1750,1848 1762,1848 1763,1850 1763,1851 1765,1852 1766,1852 1766,1853 1766,1854 1767,1855 1767,1885 1768,1885 1884,1885 1885,1887 1885,1891 1886,1892 1886,1893 1887,1893 1896,1893 1896,1894 1896,1895 1898,1896 2089,1896 2090,1895 2090,1894 2091,1893 2294,1893 2294,1893 2294,1891 2296,1889 2297,1889 2297,1889 2297,1878 2298,1877 2298,1876 2300,1874 2301,1874 2301,1874 2301,1869 2303,1867 2304,1867 2304,1867 2305,1866 2305,1865 2307,1863 2308,1863 2308,1863 2309,1862 2309,1861 2311,1859 2312,1859 2312,1859 2312,1858 2314,1856 2315,1856 2316,1855 2316,1854 2318,1852 2323,1852 2323,1852 2323,1851 2326,1848 2341,1848 2342,1849 2427,1849 2428,1851 2428,1855 2430,1856 2431,1856 2431,1857 2431,1889 2432,1889 2668,1889 2669,1891 2669,1892 2671,1893 2672,1893 2673,1895 2673,1896 2674,1896 2832,1896 2832,1896 2832,1854 2834,1852 2835,1852 2836,1851 2836,1850 2838,1848 2988,1848 2988,1848 2988,1847 2991,1844 3003,1844 3003,1844 3003,1843 3005,1841 3017,1841 3018,1843 3018,1844 3019,1844 3023,1844 3024,1845 3025,1845 3025,1846 3025,1850 3026,1851 3026,1852 3027,1852 3028,1852 3029,1854 3029,1941 3030,1941 3241,1941 3241,1941 3241,1906 3243,1904 3247,1904 3248,1903 3248,1902 3250,1900 3340,1900 3341,1899 3341,1898 3342,1897 3343,1897 3344,1896 3352,1896 3352,1896 3352,1895 3354,1893 3463,1893 3464,1895 3464,1896 3465,1896 3513,1896 3514,1897 3534,1897 3534,1898 3534,1899 3536,1900 3756,1900 3757,1899 3757,1898 3758,1897 3759,1897 3760,1896 3781,1896 3785,1900 4094,1900 4095,1902 4095,1903 4097,1904 4102,1904 4102,1905 4102,1910 4104,1911 4105,1911 4106,1913 4106,1966 4105,1967 4101,1967 4093,1975 4089,1975 4088,1976 4088,1977 4087,1978 3936,1978 3935,1979 3935,2004 3935,2004 3934,2004 3931,2007 3931,2008 3931,2008 3900,2008 3898,2007 3898,1976 3898,1975 3696,1975 3694,1974 3694,1972 3694,1971 3361,1971 3360,1972 3360,1973 3358,1975 3290,1975 3289,1976 3289,2021 3289,2021"/><TextEquiv index="1"><Unicode>ne voulut pas faire: ainſi, pour ne pas</Unicode></TextEquiv></TextLine><TextLine id="r0_l009"><Coords points="2102,2351 2101,2351 2101,2349 2101,2348 1430,2348 1407,2348 1406,2349 1406,2351 1406,2351 1386,2351 1385,2351 1385,2306 1385,2305 1208,2305 1206,2304 1206,2292 1205,2290 1204,2290 1202,2289 1202,2169 1202,2168 1201,2168 1198,2166 1198,2140 1200,2138 1202,2138 1202,2138 1202,2073 1204,2071 1209,2071 1209,2071 1209,2070 1212,2067 1313,2067 1314,2066 1314,2065 1315,2064 1409,2064 1410,2063 1469,2063 1469,2063 1469,2015 1470,2014 1470,2013 1471,2012 1484,2012 1484,2013 1484,2014 1486,2015 2605,2015 2607,2013 2610,2013 2610,2014 2610,2015 2611,2015 2645,2015 2647,2018 2647,2019 2648,2019 2653,2019 2655,2021 3519,2021 3519,2021 3519,2018 3522,2015 3530,2015 3530,2015 3530,2014 3532,2012 3533,2012 3534,2011 3535,2011 3536,2012 3537,2012 3538,2014 3538,2015 3539,2015 3982,2015 3984,2018 3984,2019 3985,2019 4023,2019 4031,2027 4032,2027 4032,2028 4032,2056 4033,2056 4094,2056 4095,2058 4095,2104 4096,2104 4097,2104 4099,2107 4099,2231 4100,2231 4102,2231 4102,2232 4102,2233 4105,2235 4106,2235 4106,2236 4106,2241 4108,2242 4109,2242 4110,2244 4110,2248 4109,2249 4108,2249 4106,2251 4106,2252 4105,2253 4096,2253 4095,2254 4095,2301 4095,2301 4094,2301 4090,2305 3799,2305 3798,2306 3798,2319 3797,2320 3796,2320 3794,2322 3794,2327 3794,2327 3793,2327 3790,2330 3790,2331 3790,2331 3785,2331 3783,2333 3783,2334 3782,2335 3781,2335 3779,2337 3779,2338 3779,2338 3778,2338 3777,2339 3769,2339 3768,2340 3768,2341 3767,2342 3629,2342 3628,2343 3628,2350 3628,2350 3398,2350 3397,2349 3394,2349 3393,2349 3393,2348 3393,2347 2477,2347 2476,2348 2476,2349 2476,2349 2288,2349 2286,2351"/><TextEquiv index="1"><Unicode>e nre le , t i unie ſieiit eſſneeus</Unicode></TextEquiv></TextLine><TextLine id="r0_l010"><Coords points="1995,2510 1994,2510 1994,2466 1994,2465 1924,2465 1923,2466 1923,2467 1922,2468 1921,2468 1920,2469 1682,2469 1681,2470 1681,2472 1681,2472 1680,2472 1678,2474 1678,2485 1677,2486 1677,2487 1677,2487 1676,2487 1661,2502 1646,2502 1644,2504 1644,2505 1644,2505 1643,2505 1642,2506 1639,2506 1637,2505 1637,2504 1636,2502 1620,2502 1618,2501 1618,2496 1618,2495 1617,2495 1614,2493 1614,2469 1614,2468 1396,2468 1395,2469 1289,2469 1288,2470 1288,2500 1282,2506 1257,2506 1250,2500 1250,2473 1250,2472 1237,2472 1236,2472 1236,2471 1235,2469 1228,2469 1227,2468 1226,2468 1225,2467 1224,2467 1224,2466 1224,2465 1201,2465 1198,2463 1198,2441 1200,2439 1201,2439 1202,2438 1202,2437 1204,2435 1205,2435 1206,2434 1206,2433 1208,2431 1209,2431 1209,2431 1209,2423 1216,2416 1217,2416 1217,2416 1217,2411 1219,2409 1220,2409 1220,2409 1221,2408 1221,2407 1223,2405 1231,2405 1232,2404 1232,2403 1233,2402 1234,2402 1235,2401 1239,2401 1239,2401 1239,2400 1241,2398 1302,2398 1302,2398 1302,2397 1303,2396 1303,2395 1304,2394 1384,2394 1384,2394 1384,2352 1385,2351 1496,2351 1497,2350 1498,2350 1499,2349 1508,2349 1509,2350 1510,2350 1510,2351 1510,2390 1511,2390 1796,2390 1796,2390 1796,2389 1798,2387 1856,2387 1856,2387 1856,2349 1857,2348 1871,2348 1873,2350 1874,2350 1874,2351 1874,2379 1875,2379 1914,2379 1915,2381 1915,2382 1917,2383 1918,2383 1919,2385 1919,2390 1920,2390 1928,2390 1929,2391 1930,2391 1930,2392 1930,2393 1932,2394 2101,2394 2101,2394 2101,2352 2102,2351 2286,2351 2286,2352 2286,2359 2289,2361 2290,2361 2290,2362 2290,2371 2292,2372 2293,2372 2294,2374 2294,2393 2296,2394 2465,2394 2465,2394 2465,2350 2466,2349 2641,2349 2647,2356 2647,2390 2648,2390 2981,2390 2981,2390 2981,2351 2982,2350 2987,2350 2988,2349 2988,2348 2989,2347 2996,2347 2996,2348 2996,2349 2997,2349 3079,2349 3080,2350 3081,2350 3081,2351 3081,2390 3082,2390 3198,2390 3199,2391 3200,2391 3200,2392 3200,2393 3202,2394 3210,2394 3211,2396 3211,2397 3213,2398 3214,2398 3215,2400 3215,2401 3216,2402 3217,2402 3218,2402 3219,2404 3219,2442 3220,2442 3386,2442 3386,2442 3386,2396 3388,2394 3389,2394 3389,2394 3389,2352 3392,2349 3397,2349 3398,2350 3412,2350 3412,2351 3412,2353 3413,2353 3414,2353 3415,2355 3415,2394 3416,2394 3612,2394 3612,2394 3612,2359 3614,2357 3615,2357 3616,2356 3616,2351 3617,2350 3630,2350 3631,2352 3631,2353 3632,2353 3633,2353 3634,2355 3634,2356 3635,2357 3635,2383 3636,2383 3678,2383 3679,2385 3679,2390 3680,2390 3827,2390 3827,2390 3827,2352 3829,2350 3830,2350 3831,2349 3831,2348 3833,2346 3901,2346 3902,2348 3902,2349 3903,2349 3914,2349 3915,2350 3916,2350 3916,2351 3917,2352 3917,2353 3918,2353 3923,2353 3924,2355 3924,2356 3926,2357 3931,2357 3931,2358 3931,2359 3932,2360 3932,2364 3934,2365 3935,2365 3935,2366 3935,2367 3937,2368 3938,2368 3939,2370 3939,2375 3940,2375 3941,2375 3943,2378 3943,2379 3944,2379 3945,2379 3946,2381 3946,2382 3947,2383 3948,2383 3949,2383 3950,2385 3950,2393 3952,2394 4020,2394 4020,2395 4020,2396 4023,2398 4027,2398 4028,2400 4028,2404 4030,2405 4090,2405 4091,2407 4091,2408 4093,2409 4098,2409 4098,2410 4098,2411 4099,2412 4099,2416 4100,2416 4101,2416 4102,2418 4102,2431 4102,2431 4097,2431 4095,2433 4095,2434 4094,2435 4037,2435 4036,2436 4036,2462 4035,2463 4035,2464 4034,2465 4033,2465 4032,2466 4032,2467 4031,2468 4030,2468 4029,2469 3983,2469 3982,2468 3808,2468 3752,2468 3751,2469 3668,2469 3667,2468 3613,2468 3612,2468 3612,2467 3611,2465 3409,2465 3408,2466 3408,2467 3407,2468 3406,2468 3405,2469 3320,2469 3319,2470 3319,2471 3319,2471 3318,2472 3317,2472 3315,2474 3315,2479 3315,2479 3314,2479 3311,2482 3311,2483 3311,2483 3310,2483 3307,2486 3307,2487 3307,2487 3306,2487 3304,2489 3304,2490 3304,2490 3303,2490 3300,2493 3300,2494 3300,2494 3299,2494 3298,2495 3296,2495 3295,2494 3294,2494 3293,2494 3293,2493 3292,2492 3292,2491 3291,2491 3289,2490 3289,2466 3289,2465 3109,2465 3107,2467 3107,2468 3107,2468 3097,2468 3096,2468 3096,2467 3095,2465 2930,2465 2929,2466 2929,2467 2928,2468 2928,2468 2927,2468 2926,2469 2873,2469 2872,2468 2871,2468 2869,2467 2869,2466 2869,2465 2685,2465 2684,2466 2684,2467 2683,2468 2682,2468 2681,2469 2412,2469 2411,2468 2252,2468 2251,2469 2247,2469 2246,2470 2246,2471 2245,2472 2243,2472 2242,2472 2242,2466 2242,2465 2010,2465 2009,2466 2009,2510 2009,2510"/><TextEquiv index="1"><Unicode>qui logeoit vis-à vis la maiſon, invita Du-</Unicode></TextEquiv></TextLine><TextLine id="r0_l011"><Coords points="3670,2681 3669,2681 3669,2633 3669,2632 3487,2632 3486,2633 3486,2664 3485,2665 3462,2665 3456,2660 3456,2629 3456,2628 3257,2628 3256,2629 3256,2630 3255,2631 3255,2632 3255,2632 3089,2632 3088,2633 3088,2678 3088,2678 3027,2678 3026,2678 3026,2633 3026,2632 2804,2632 2803,2633 2803,2634 2801,2636 2729,2636 2728,2637 2728,2678 2728,2678 2711,2678 2710,2677 2586,2677 2585,2677 2585,2633 2585,2632 2154,2632 2153,2633 2153,2634 2151,2636 2133,2636 2130,2634 2130,2633 2130,2632 1883,2632 1882,2633 1882,2634 1880,2636 1877,2636 1874,2634 1874,2633 1874,2632 1697,2632 1696,2633 1696,2642 1695,2643 1694,2643 1692,2645 1692,2650 1692,2650 1687,2650 1685,2652 1685,2653 1684,2654 1683,2654 1681,2656 1681,2657 1680,2658 1679,2658 1678,2659 1678,2660 1676,2662 1675,2662 1674,2663 1674,2664 1673,2665 1664,2665 1663,2665 1663,2664 1662,2663 1662,2662 1661,2662 1659,2661 1659,2637 1659,2636 1565,2636 1562,2634 1562,2633 1562,2632 1496,2632 1393,2632 1392,2633 1392,2634 1390,2636 1255,2636 1254,2637 1254,2668 1253,2669 1252,2669 1251,2670 1251,2671 1249,2673 1208,2673 1206,2672 1206,2655 1207,2654 1217,2654 1217,2654 1217,2582 1216,2580 1208,2580 1206,2579 1206,2566 1207,2565 1227,2565 1228,2564 1228,2563 1230,2561 1310,2561 1310,2561 1310,2518 1311,2517 1446,2517 1447,2516 1447,2515 1449,2513 1450,2513 1451,2512 1451,2511 1453,2509 1520,2509 1525,2515 1525,2557 1526,2557 1579,2557 1591,2569 1592,2569 1592,2570 1592,2602 1593,2602 1778,2602 1778,2602 1778,2563 1780,2561 1785,2561 1785,2561 1785,2560 1788,2557 1792,2557 1792,2557 1792,2556 1794,2554 1989,2554 1989,2554 1989,2519 1992,2516 1993,2516 1993,2516 1993,2511 1994,2510 2009,2510 2010,2509 2126,2509 2127,2508 2127,2507 2128,2506 2129,2506 2130,2505 2132,2505 2133,2506 2134,2506 2134,2507 2134,2508 2136,2509 2148,2509 2149,2511 2149,2512 2151,2513 2156,2513 2156,2514 2156,2515 2159,2517 2163,2517 2164,2519 2164,2550 2165,2550 2312,2550 2312,2550 2312,2549 2315,2546 2322,2546 2324,2549 2324,2550 2325,2550 2326,2550 2327,2552 2327,2554 2328,2554 2487,2554 2487,2555 2487,2557 2488,2557 2654,2557 2654,2557 2654,2519 2660,2513 2679,2513 2680,2515 2680,2557 2681,2557 2951,2557 2951,2557 2951,2511 2953,2509 2965,2509 2966,2511 2966,2512 2968,2513 2973,2513 2973,2514 2973,2515 2976,2517 2977,2517 2977,2518 2977,2557 2978,2557 3289,2557 3289,2557 3289,2541 3291,2539 3292,2539 3293,2538 3293,2533 3294,2532 3295,2532 3296,2531 3296,2527 3314,2509 3344,2509 3345,2511 3345,2513 3346,2513 3400,2513 3400,2514 3400,2515 3403,2517 3404,2517 3404,2518 3404,2554 3405,2554 3511,2554 3512,2556 3512,2557 3513,2557 3696,2557 3698,2560 3698,2561 3699,2561 3700,2561 3701,2563 3701,2564 3703,2565 3704,2565 3705,2567 3705,2572 3706,2572 3708,2572 3709,2574 3709,2594 3710,2594 3946,2594 3946,2594 3946,2590 3950,2586 3950,2574 3951,2573 3952,2573 3953,2572 3954,2571 3954,2570 3955,2569 3956,2569 3957,2568 3958,2567 3958,2566 3959,2565 3960,2565 3960,2565 3961,2564 3961,2563 3963,2561 3964,2561 3965,2560 3965,2559 3966,2558 3967,2558 3968,2557 3987,2557 3987,2557 3987,2515 3989,2513 3990,2513 3991,2512 3991,2511 3993,2509 3997,2509 3998,2511 3998,2512 4000,2513 4012,2513 4013,2515 4013,2554 4014,2554 4083,2554 4084,2556 4084,2557 4085,2557 4089,2557 4090,2558 4091,2558 4091,2559 4091,2560 4093,2561 4097,2561 4099,2564 4099,2568 4101,2569 4102,2569 4102,2570 4102,2579 4103,2579 4104,2579 4106,2582 4106,2586 4102,2590 4102,2624 4102,2624 4101,2624 4098,2627 4098,2628 4098,2628 4097,2628 4095,2630 4095,2631 4094,2632 4082,2632 4080,2634 4080,2635 4080,2635 4078,2635 4076,2634 4076,2633 4076,2632 3840,2632 3839,2633 3839,2634 3837,2636 3836,2636 3835,2637 3835,2638 3830,2643 3829,2643 3828,2644 3828,2645 3826,2647 3825,2647 3824,2648 3824,2649 3823,2650 3819,2650 3816,2653 3816,2654 3816,2654 3811,2654 3809,2656 3809,2657 3808,2658 3686,2658 3685,2659 3685,2681 3685,2681"/><TextEquiv index="1"><Unicode>pleſſis, moi &amp; tous les domeſtiques, de</Unicode></TextEquiv></TextLine><TextLine id="r0_l012"><Coords points="1584,2844 1583,2844 1583,2800 1583,2799 1255,2799 1254,2800 1254,2828 1253,2829 1244,2829 1243,2830 1243,2831 1234,2840 1223,2840 1221,2839 1221,2838 1220,2836 1208,2836 1206,2835 1206,2823 1208,2821 1217,2821 1217,2821 1217,2748 1217,2747 1208,2747 1206,2746 1206,2737 1207,2736 1208,2736 1208,2736 1210,2734 1210,2733 1211,2732 1253,2732 1254,2731 1254,2730 1256,2728 1313,2728 1313,2728 1313,2727 1315,2725 1451,2725 1451,2725 1451,2715 1452,2714 1453,2714 1455,2712 1455,2708 1457,2706 1458,2706 1458,2706 1458,2694 1459,2693 1459,2692 1460,2691 1465,2691 1466,2690 1466,2690 1466,2685 1467,2684 1472,2684 1473,2683 1473,2682 1475,2680 1487,2680 1488,2679 1488,2678 1490,2676 1494,2676 1496,2679 1496,2680 1497,2680 1506,2680 1506,2681 1506,2682 1509,2684 1510,2684 1510,2685 1510,2717 1511,2717 1543,2717 1544,2719 1544,2720 1546,2721 1778,2721 1778,2721 1778,2681 1779,2680 1780,2680 1785,2675 1785,2674 1786,2673 1789,2673 1789,2674 1789,2675 1791,2676 1799,2676 1800,2678 1800,2721 1801,2721 2022,2721 2023,2720 2023,2719 2025,2717 2245,2717 2246,2719 2246,2720 2248,2721 2532,2721 2532,2721 2532,2678 2534,2676 2535,2676 2535,2676 2535,2675 2537,2673 2546,2673 2546,2674 2546,2675 2548,2676 2549,2676 2550,2677 2602,2677 2603,2678 2728,2678 2728,2679 2728,2721 2729,2721 2776,2721 2777,2723 2777,2724 2779,2725 3025,2725 3025,2725 3025,2679 3026,2678 3089,2678 3089,2679 3089,2680 3090,2680 3132,2680 3133,2682 3133,2713 3134,2713 3135,2713 3137,2716 3137,2725 3138,2725 3306,2725 3308,2723 3308,2722 3309,2721 3504,2721 3504,2722 3504,2723 3507,2725 3668,2725 3668,2725 3668,2682 3669,2681 3686,2681 3686,2682 3686,2686 3688,2687 3689,2687 3690,2689 3690,2721 3691,2721 3719,2721 3720,2720 3720,2719 3722,2717 3730,2717 3731,2719 3731,2724 3733,2725 3911,2725 3912,2724 3913,2724 3913,2724 3913,2723 3915,2721 4083,2721 4083,2721 4083,2720 4086,2717 4087,2717 4087,2718 4087,2719 4088,2720 4088,2721 4089,2721 4105,2721 4106,2723 4106,2724 4107,2724 4108,2724 4110,2727 4110,2779 4109,2780 4108,2780 4106,2782 4106,2787 4105,2788 4104,2788 4102,2790 4102,2791 4102,2791 4101,2791 4098,2794 4098,2795 4098,2795 4097,2795 4095,2797 4095,2798 4094,2799 4089,2799 4088,2800 4088,2801 4086,2803 4079,2803 4076,2801 4076,2800 4076,2799 3614,2799 3612,2798 3612,2797 3611,2795 3328,2795 3326,2797 3326,2798 3325,2799 3246,2799 3245,2800 3245,2827 3243,2829 3242,2829 3241,2830 3241,2831 3240,2832 3228,2832 3226,2834 3226,2835 3225,2836 3217,2836 3213,2832 3212,2832 3211,2832 3211,2800 3211,2799 2937,2799 2936,2800 2936,2828 2935,2829 2934,2829 2933,2830 2933,2831 2932,2832 2908,2832 2907,2832 2907,2831 2906,2829 2905,2829 2903,2828 2903,2800 2903,2799 2366,2799 2365,2799 2365,2798 2363,2795 2235,2795 2234,2796 2234,2842 2234,2842 2221,2842 2220,2842 2220,2796 2220,2795 2032,2795 2030,2797 2030,2798 2029,2799 1913,2799 1911,2798 1911,2797 1910,2795 1850,2795 1849,2796 1849,2843 1849,2843 1834,2843 1833,2843 1833,2796 1833,2795 1616,2795 1615,2796 1615,2797 1613,2799 1595,2799 1594,2800 1594,2844 1594,2844"/><TextEquiv index="1"><Unicode>profiter des commodités qu'il pourroit nous</Unicode></TextEquiv></TextLine><TextLine id="r0_l013"><Coords points="2986,3008 2985,3008 2985,2963 2985,2962 2588,2962 2587,2963 2587,2995 2586,2996 2585,2996 2584,2997 2584,2998 2583,2999 2582,2999 2581,3000 2565,3000 2564,2999 2563,2999 2561,2998 2561,2997 2561,2996 2560,2996 2557,2994 2557,2963 2557,2962 2150,2962 2149,2963 2149,2965 2148,2966 2076,2966 2075,2967 2075,2995 2075,2995 2074,2995 2073,2996 2051,2996 2049,2995 2049,2994 2048,2992 2043,2992 2042,2992 2042,2991 2040,2988 2039,2988 2038,2988 2038,2963 2038,2962 1860,2962 1859,2963 1859,2981 1859,2981 1858,2981 1856,2983 1856,2987 1855,2988 1854,2988 1852,2990 1852,2991 1851,2992 1850,2992 1848,2994 1848,2995 1847,2996 1842,2996 1841,2997 1841,2998 1840,2999 1839,2999 1838,3000 1833,3000 1832,2999 1831,2999 1830,2999 1830,2986 1830,2985 1720,2985 1718,2984 1718,2963 1718,2962 1561,2962 1558,2965 1558,2966 1558,2966 1470,2966 1469,2967 1469,2984 1468,2985 1464,2985 1462,2987 1462,2988 1462,2988 1460,2988 1458,2987 1458,2967 1458,2966 1241,2966 1239,2968 1239,2969 1238,2970 1219,2970 1217,2969 1217,2968 1216,2966 1211,2966 1210,2966 1210,2965 1209,2964 1209,2919 1209,2918 1204,2918 1202,2917 1202,2916 1204,2914 1205,2914 1206,2913 1206,2912 1208,2910 1209,2910 1209,2910 1209,2899 1210,2898 1210,2897 1212,2895 1228,2895 1228,2895 1228,2879 1230,2877 1231,2877 1232,2876 1232,2871 1233,2870 1234,2870 1236,2868 1236,2867 1237,2866 1238,2866 1239,2865 1239,2864 1241,2862 1242,2862 1243,2861 1243,2860 1244,2859 1245,2858 1246,2858 1247,2857 1247,2852 1248,2851 1249,2851 1253,2847 1261,2847 1261,2847 1261,2846 1264,2843 1278,2843 1279,2844 1280,2844 1280,2845 1280,2846 1282,2847 1283,2847 1284,2849 1284,2888 1285,2888 1372,2888 1373,2890 1373,2891 1375,2892 1581,2892 1581,2892 1581,2845 1582,2844 1595,2844 1600,2850 1600,2888 1601,2888 1662,2888 1662,2889 1662,2890 1665,2892 1666,2892 1666,2893 1666,2925 1667,2925 1830,2925 1830,2925 1830,2845 1832,2843 1993,2843 1993,2843 1993,2842 1995,2840 2163,2840 2164,2839 2164,2838 2166,2836 2174,2836 2175,2838 2175,2839 2177,2840 2186,2840 2186,2841 2186,2842 2187,2842 2235,2842 2235,2843 2235,2854 2237,2855 2238,2855 2238,2856 2238,2861 2240,2862 2241,2862 2242,2864 2242,2872 2244,2873 2245,2873 2246,2875 2246,2888 2247,2888 2416,2888 2416,2888 2416,2887 2419,2884 2434,2884 2435,2886 2435,2887 2437,2888 2442,2888 2442,2889 2442,2890 2443,2890 2606,2890 2608,2888 2846,2888 2847,2887 2847,2886 2849,2884 2853,2884 2855,2887 2855,2888 2856,2888 3370,2888 3371,2887 3371,2886 3373,2884 3374,2884 3374,2884 3374,2868 3376,2866 3377,2866 3378,2865 3378,2860 3379,2859 3380,2859 3382,2857 3382,2856 3383,2855 3384,2855 3386,2853 3386,2849 3388,2847 3389,2847 3389,2847 3389,2846 3392,2843 3396,2843 3397,2842 3397,2841 3398,2840 3403,2840 3404,2839 3404,2838 3406,2836 3466,2836 3470,2840 3474,2840 3475,2842 3475,2888 3476,2888 4072,2888 4072,2888 4072,2887 4075,2884 4077,2887 4077,2888 4078,2888 4090,2888 4091,2890 4091,2891 4093,2892 4098,2892 4099,2894 4099,2936 4100,2936 4101,2936 4102,2938 4102,2947 4102,2947 4101,2947 4099,2949 4099,2953 4091,2961 4091,2962 4091,2962 4086,2962 4084,2964 4084,2965 4083,2966 3996,2966 3995,2966 3995,2965 3993,2962 3235,2962 3234,2963 3234,2993 3233,2994 3233,2995 3232,2996 3224,2996 3222,2998 3222,2999 3222,2999 3221,2999 3220,3000 3211,3000 3210,2999 3209,2999 3208,2998 3207,2998 3207,2997 3207,2996 3202,2996 3200,2995 3200,2963 3200,2962 2989,2962 2988,2963 2988,3008 2988,3008"/><TextEquiv index="1"><Unicode>fournir, juſqu'à ce que nous puſſions nous</Unicode></TextEquiv></TextLine><TextLine id="r0_l014"><Coords points="3862,3177 3861,3177 3861,3130 3861,3129 3655,3129 3653,3131 3653,3132 3652,3133 3639,3133 3638,3134 3638,3162 3637,3163 3614,3163 3612,3162 3612,3127 3612,3126 3343,3126 3341,3128 3341,3129 3341,3129 3339,3129 3338,3130 3331,3130 3330,3131 3330,3155 3330,3155 3329,3155 3321,3163 3302,3163 3300,3162 3300,3130 3300,3129 3014,3129 3013,3130 3013,3175 3013,3175 3005,3175 3004,3175 3004,3130 3004,3129 2852,3129 2851,3129 2851,3128 2850,3126 2803,3126 2802,3127 2802,3175 2802,3175 2798,3175 2797,3175 2797,3127 2797,3126 2796,3127 2796,3174 2796,3174 2791,3174 2790,3174 2790,3127 2790,3126 2671,3126 2669,3128 2669,3129 2669,3129 2667,3129 2665,3128 2665,3127 2665,3126 2599,3126 2598,3127 2598,3175 2598,3175 2577,3175 2576,3175 2576,3127 2576,3126 2485,3126 2483,3128 2483,3129 2483,3129 2378,3129 2377,3130 2376,3130 2375,3129 2314,3129 2312,3128 2312,3127 2312,3126 2147,3126 2146,3127 2146,3174 2146,3174 2134,3174 2133,3174 2133,3127 2133,3126 2132,3126 2130,3128 2130,3129 2130,3129 1854,3129 1853,3130 1626,3130 1625,3131 1625,3140 1624,3141 1623,3141 1622,3142 1622,3147 1621,3148 1620,3148 1618,3150 1618,3155 1618,3155 1617,3155 1614,3158 1614,3162 1613,3163 1609,3163 1605,3167 1597,3167 1596,3168 1596,3169 1595,3170 1575,3170 1574,3170 1574,3169 1573,3167 1569,3167 1568,3166 1567,3166 1566,3166 1566,3165 1562,3161 1562,3157 1561,3155 1560,3155 1559,3155 1559,3130 1559,3129 1372,3129 1369,3132 1369,3133 1369,3133 1241,3133 1240,3134 1240,3135 1238,3137 1237,3137 1236,3137 1236,3136 1235,3135 1235,3134 1235,3133 1211,3133 1210,3133 1210,3132 1208,3129 1207,3129 1206,3129 1206,3127 1207,3126 1208,3126 1209,3125 1209,3071 1209,3070 1207,3070 1206,3070 1206,3068 1208,3066 1209,3066 1210,3065 1210,3064 1211,3063 1212,3063 1213,3062 1224,3062 1225,3061 1225,3060 1226,3059 1424,3059 1425,3058 1425,3057 1427,3055 1669,3055 1670,3054 1670,3053 1672,3051 1673,3052 1674,3052 1674,3053 1674,3054 1676,3055 1851,3055 1852,3054 1852,3053 1854,3051 1996,3051 1997,3050 1997,3049 1998,3048 2007,3048 2008,3050 2008,3051 2009,3051 2461,3051 2461,3051 2461,3050 2467,3044 2471,3044 2472,3046 2472,3054 2474,3055 2475,3055 2476,3057 2476,3058 2478,3059 2643,3059 2643,3059 2643,3012 2644,3011 2645,3011 2646,3010 2650,3010 2650,3010 2650,3009 2652,3007 2672,3007 2673,3009 2673,3010 2674,3010 2708,3010 2710,3013 2710,3051 2711,3051 2899,3051 2899,3051 2899,3016 2900,3015 2901,3015 2903,3013 2903,3012 2904,3011 2905,3011 2906,3010 2984,3010 2984,3010 2984,3009 2985,3008 2988,3008 2990,3010 3161,3010 3165,3014 3166,3014 3166,3015 3166,3047 3167,3047 3196,3047 3196,3047 3196,3046 3198,3044 3207,3044 3207,3045 3207,3050 3210,3052 3211,3052 3211,3053 3211,3054 3213,3055 3403,3055 3407,3051 3495,3051 3496,3052 3497,3052 3497,3053 3497,3054 3499,3055 3786,3055 3787,3054 3787,3034 3788,3033 3789,3033 3790,3032 3790,3028 3793,3025 3797,3025 3798,3024 3798,3020 3800,3018 3801,3018 3801,3018 3801,3017 3804,3014 3808,3014 3809,3013 3809,3012 3810,3011 3811,3011 3812,3010 3823,3010 3824,3009 3824,3008 3825,3007 3879,3007 3880,3009 3880,3010 3881,3010 4011,3010 4012,3011 4013,3011 4013,3012 4013,3051 4014,3051 4078,3051 4079,3052 4080,3052 4080,3053 4080,3054 4082,3055 4083,3055 4083,3056 4083,3057 4086,3059 4090,3059 4093,3062 4097,3062 4099,3065 4099,3073 4101,3074 4102,3074 4102,3075 4102,3118 4102,3118 4101,3118 4098,3121 4098,3122 4098,3122 4097,3122 4095,3124 4095,3125 4095,3125 4094,3125 4091,3128 4091,3129 4091,3129 4082,3129 4080,3131 4080,3132 4079,3133 4071,3133 4069,3132 4069,3131 4069,3130 4068,3130 4067,3129 3873,3129 3872,3130 3872,3177 3872,3177"/><TextEquiv index="1"><Unicode>arranger autrement. Il n'étoit pas poſſible</Unicode></TextEquiv></TextLine><TextLine id="r0_l015"><Coords points="3659,3330 3656,3328 3656,3327 3656,3326 3651,3326 3649,3325 3649,3294 3649,3293 3139,3293 3137,3295 3137,3296 3137,3296 3134,3296 3133,3296 3133,3294 3133,3293 2455,3293 2454,3294 2454,3295 2453,3296 2386,3296 2385,3297 2379,3297 2378,3296 2377,3296 2376,3296 2376,3295 2375,3293 2143,3293 2142,3294 2142,3295 2140,3297 2130,3297 2129,3296 2128,3296 2127,3296 2127,3295 2126,3293 1869,3293 1865,3297 1714,3297 1713,3296 1712,3296 1711,3296 1711,3295 1710,3293 1519,3293 1518,3294 1518,3295 1516,3297 1235,3297 1234,3296 1233,3296 1232,3296 1232,3295 1231,3293 1230,3293 1228,3292 1228,3291 1227,3289 1226,3289 1225,3289 1225,3288 1223,3285 1207,3285 1206,3285 1206,3268 1207,3267 1213,3267 1213,3267 1213,3247 1216,3244 1217,3244 1217,3244 1217,3243 1223,3237 1224,3237 1224,3237 1224,3236 1227,3233 1228,3233 1228,3233 1228,3232 1238,3222 1253,3222 1254,3221 1254,3220 1255,3219 1261,3219 1261,3219 1261,3177 1262,3176 1262,3175 1263,3174 1264,3174 1266,3172 1266,3171 1267,3170 1272,3170 1272,3171 1272,3172 1275,3174 1276,3174 1276,3175 1276,3176 1279,3178 1287,3178 1288,3180 1288,3195 1289,3195 1451,3195 1451,3195 1451,3194 1452,3193 1453,3193 1453,3193 1455,3191 1455,3190 1456,3189 1457,3189 1459,3187 1459,3186 1460,3185 1461,3185 1462,3184 1462,3183 1463,3182 1464,3182 1466,3180 1466,3179 1467,3178 1488,3178 1488,3179 1488,3180 1492,3184 1492,3222 1493,3222 1636,3222 1636,3222 1636,3221 1638,3219 1709,3219 1710,3218 1766,3218 1766,3218 1766,3203 1767,3202 1767,3201 1768,3200 1769,3200 1770,3199 1770,3195 1773,3192 1774,3192 1774,3192 1774,3187 1776,3185 1777,3185 1778,3184 1778,3183 1780,3181 1781,3181 1781,3181 1781,3180 1783,3178 1784,3178 1785,3177 1785,3176 1787,3174 1795,3174 1796,3173 1796,3172 1798,3170 1940,3170 1941,3172 1941,3173 1943,3174 1944,3174 1945,3176 1945,3218 1946,3218 1980,3218 1981,3219 2130,3219 2130,3219 2130,3177 2131,3176 2131,3175 2132,3174 2148,3174 2149,3176 2149,3184 2151,3185 2152,3185 2153,3187 2153,3199 2155,3200 2156,3200 2156,3201 2156,3202 2157,3203 2157,3207 2158,3207 2159,3207 2160,3209 2160,3219 2161,3219 2296,3219 2297,3218 2576,3218 2576,3218 2576,3176 2577,3175 2598,3175 2598,3176 2598,3218 2599,3218 2671,3218 2673,3221 2673,3222 2674,3222 2773,3222 2773,3222 2773,3191 2790,3174 2797,3174 2798,3175 2802,3175 2805,3178 2806,3178 2806,3179 2806,3211 2807,3211 2996,3211 2996,3211 2996,3183 2998,3181 2999,3181 2999,3181 2999,3180 3000,3179 3001,3178 3002,3178 3003,3177 3003,3176 3004,3175 3014,3175 3018,3180 3018,3218 3019,3218 3079,3218 3080,3219 3310,3219 3311,3218 3452,3218 3452,3218 3452,3210 3455,3207 3456,3207 3456,3207 3456,3202 3458,3200 3459,3200 3460,3199 3460,3191 3470,3181 3471,3181 3471,3181 3471,3176 3473,3174 3474,3174 3475,3173 3475,3172 3477,3170 3496,3170 3497,3169 3497,3168 3498,3167 3529,3167 3530,3166 3551,3166 3553,3169 3553,3170 3554,3170 3555,3170 3556,3172 3556,3173 3557,3174 3557,3222 3558,3222 3816,3222 3816,3222 3816,3187 3818,3185 3819,3185 3820,3184 3820,3183 3822,3181 3860,3181 3861,3180 3861,3178 3862,3177 3874,3177 3876,3180 3876,3192 3877,3192 3915,3192 3917,3195 3917,3218 3918,3218 4061,3218 4061,3218 4061,3217 4063,3215 4072,3215 4073,3217 4073,3218 4074,3218 4078,3218 4079,3219 4080,3219 4080,3220 4080,3221 4081,3222 4083,3223 4084,3223 4084,3224 4084,3274 4085,3274 4086,3274 4091,3280 4091,3296 4091,3296 4090,3296 4087,3299 4087,3303 4086,3304 4085,3304 4084,3305 4084,3310 4083,3311 4082,3311 4080,3313 4080,3314 4079,3315 4078,3315 4076,3317 4076,3318 4075,3319 4067,3319 4065,3321 4065,3322 4065,3322 4064,3322 4063,3323 4059,3323 4058,3324 4058,3325 4057,3326 4055,3326 4054,3326 4054,3325 4053,3323 4050,3323 4049,3322 4048,3322 4047,3322 4047,3321 4046,3320 4046,3298 4046,3297 3680,3297 3679,3298 3679,3329 3678,3330"/><TextEquiv index="1"><Unicode>de ſe refuſer à une invitation auſſi polie;</Unicode></TextEquiv></TextLine><TextLine id="r0_l016"><Coords points="1218,3510 1217,3510 1217,3472 1217,3471 1215,3471 1213,3470 1213,3465 1213,3464 1208,3464 1206,3463 1206,3454 1207,3453 1208,3453 1210,3451 1210,3402 1212,3400 1213,3400 1213,3400 1213,3395 1215,3393 1246,3393 1247,3392 1247,3391 1249,3389 1380,3389 1380,3389 1380,3388 1382,3386 1386,3386 1387,3385 1388,3385 1388,3385 1388,3380 1390,3378 1391,3378 1391,3378 1391,3366 1394,3363 1395,3363 1395,3363 1395,3358 1397,3356 1398,3356 1399,3355 1399,3350 1400,3349 1401,3349 1403,3347 1403,3346 1404,3345 1405,3345 1407,3343 1407,3342 1408,3341 1409,3341 1410,3340 1410,3339 1412,3337 1469,3337 1469,3337 1469,3336 1471,3334 2052,3334 2053,3333 2054,3333 2055,3334 2056,3334 2056,3335 2056,3336 2058,3337 3540,3337 3542,3340 3542,3341 3543,3341 3834,3341 3835,3343 3835,3344 3837,3345 3838,3345 3839,3347 3839,3355 3841,3356 3842,3356 3842,3357 3842,3385 3843,3385 3998,3385 3999,3386 4013,3386 4013,3387 4013,3388 4014,3389 4015,3389 4016,3389 4017,3391 4017,3430 4018,3430 4086,3430 4088,3433 4088,3434 4089,3434 4094,3434 4095,3436 4095,3437 4096,3437 4097,3437 4099,3440 4099,3441 4100,3441 4101,3441 4102,3443 4102,3447 4106,3451 4106,3459 4105,3460 4104,3460 4102,3462 4102,3467 4102,3467 4101,3467 4099,3469 4099,3473 4097,3475 4096,3475 4095,3476 4095,3481 4094,3482 4093,3482 4091,3484 4091,3485 4090,3486 4085,3486 4084,3487 4084,3488 4082,3490 4074,3490 4073,3491 4073,3492 4072,3493 3966,3493 3965,3494 3965,3496 3964,3497 3959,3497 3958,3498 3958,3499 3956,3501 3911,3501 3910,3502 3910,3508 3910,3508 3907,3508 3906,3507 3895,3507 3894,3507 3894,3506 3894,3505 3522,3505 3521,3504 3345,3504 3344,3504 3344,3468 3344,3467 2139,3467 2138,3468 2138,3506 2138,3506 1968,3506 1967,3507 1967,3508 1967,3508 1248,3508 1247,3509 1247,3510 1247,3510"/><TextEquiv index="1"><Unicode>auſſi l'acceptâmes-nous. Pour M. Sharpley,</Unicode></TextEquiv></TextLine><TextLine id="r0_l017"><Coords points="2109,3671 2108,3671 2108,3628 2108,3627 2106,3627 2105,3627 2105,3626 2103,3623 1929,3623 1925,3627 1853,3627 1852,3628 1852,3660 1852,3660 1824,3660 1822,3659 1822,3628 1822,3627 1511,3627 1510,3628 1510,3630 1509,3631 1216,3631 1213,3629 1213,3514 1215,3512 1216,3512 1218,3510 1277,3510 1277,3510 1277,3509 1278,3508 1290,3508 1291,3510 1291,3553 1292,3553 1633,3553 1633,3553 1633,3510 1635,3508 1654,3508 1655,3510 1655,3541 1656,3541 1697,3541 1698,3542 1699,3542 1700,3544 1700,3552 1702,3553 1873,3553 1874,3552 1874,3551 1876,3549 1945,3549 1945,3549 1945,3513 1946,3512 1947,3512 1949,3510 1949,3509 1950,3508 2126,3508 2128,3506 2249,3506 2249,3506 2249,3503 2251,3501 2330,3501 2331,3503 2331,3504 2332,3504 2341,3504 2342,3506 2342,3507 2344,3508 2345,3508 2346,3510 2346,3511 2348,3512 2349,3512 2349,3513 2349,3514 2352,3516 2353,3516 2353,3517 2353,3518 2355,3519 2359,3519 2363,3523 2364,3523 2364,3524 2364,3525 2365,3526 2365,3530 2367,3531 2368,3531 2368,3532 2368,3533 2370,3534 2371,3534 2372,3536 2372,3541 2373,3541 2374,3541 2376,3544 2376,3549 2377,3549 2378,3549 2379,3551 2379,3553 2380,3553 2554,3553 2554,3553 2554,3510 2556,3508 2557,3508 2557,3508 2557,3507 2560,3504 2709,3504 2710,3503 2710,3502 2711,3501 2765,3501 2765,3502 2765,3503 2767,3504 2775,3504 2777,3507 2777,3508 2778,3508 2783,3508 2784,3510 2784,3549 2785,3549 2828,3549 2829,3551 2829,3552 2831,3553 2835,3553 2844,3563 2844,3597 2845,3597 3070,3597 3070,3597 3070,3580 3071,3579 3072,3579 3074,3577 3074,3573 3076,3571 3077,3571 3077,3571 3077,3533 3080,3530 3081,3530 3081,3530 3081,3525 3083,3523 3084,3523 3085,3522 3085,3517 3086,3516 3087,3516 3088,3515 3089,3514 3089,3513 3090,3512 3091,3512 3092,3511 3092,3510 3094,3508 3099,3508 3100,3507 3100,3506 3102,3504 3113,3504 3115,3507 3115,3508 3116,3508 3121,3508 3122,3510 3122,3511 3124,3512 3125,3512 3126,3514 3126,3515 3128,3516 3129,3516 3129,3517 3129,3518 3131,3519 3132,3519 3133,3521 3133,3545 3134,3545 3195,3545 3196,3547 3196,3549 3197,3549 3326,3549 3326,3549 3326,3536 3328,3534 3329,3534 3330,3533 3330,3528 3331,3527 3332,3527 3334,3525 3334,3513 3335,3512 3336,3512 3337,3511 3337,3507 3340,3504 3354,3504 3355,3505 3356,3505 3356,3506 3356,3541 3357,3541 3391,3541 3392,3542 3393,3542 3393,3543 3393,3544 3399,3549 3519,3549 3519,3549 3519,3507 3521,3505 3534,3505 3534,3506 3534,3507 3536,3508 3537,3508 3538,3510 3538,3545 3539,3545 3577,3545 3581,3549 3768,3549 3768,3549 3768,3510 3770,3508 3816,3508 3816,3508 3816,3507 3819,3504 3826,3504 3829,3507 3906,3507 3907,3508 4042,3508 4043,3510 4043,3511 4045,3512 4046,3512 4047,3514 4047,3545 4048,3545 4071,3545 4073,3548 4073,3549 4074,3549 4087,3549 4087,3550 4087,3551 4090,3553 4094,3553 4095,3555 4095,3556 4096,3556 4097,3556 4099,3559 4099,3560 4100,3560 4101,3560 4102,3562 4102,3566 4105,3568 4106,3568 4106,3569 4106,3578 4105,3579 4104,3579 4102,3581 4102,3612 4102,3612 4101,3612 4094,3619 4091,3622 4091,3623 4091,3623 4086,3623 4084,3625 4084,3626 4083,3627 4060,3627 4057,3625 4057,3624 4057,3623 4052,3623 4050,3622 4050,3621 4050,3620 3888,3620 3887,3621 3887,3622 3886,3623 3399,3623 3397,3625 3397,3626 3396,3627 3201,3627 3200,3628 3200,3630 3199,3631 3109,3631 3107,3633 3107,3634 3107,3634 2965,3634 2951,3648 2951,3649 2951,3649 2938,3649 2936,3648 2936,3628 2936,3627 2503,3627 2502,3628 2502,3656 2501,3657 2486,3657 2485,3656 2484,3656 2483,3656 2483,3624 2483,3623 2318,3623 2316,3625 2316,3626 2315,3627 2117,3627 2116,3628 2116,3671 2116,3671"/><TextEquiv index="1"><Unicode>il avoit quitté Dupleſſis, &amp; étoit allé ſe</Unicode></TextEquiv></TextLine><TextLine id="r0_l018"><Coords points="1710,3839 1709,3839 1709,3832 1709,3831 1367,3831 1366,3831 1366,3830 1365,3828 1364,3827 1363,3827 1362,3827 1362,3826 1361,3824 1360,3824 1358,3823 1358,3818 1357,3816 1356,3816 1354,3815 1354,3795 1354,3794 1211,3794 1210,3794 1210,3793 1209,3792 1209,3691 1209,3690 1208,3690 1206,3689 1206,3681 1208,3679 1209,3679 1209,3679 1209,3678 1212,3675 1666,3675 1666,3675 1666,3670 1668,3668 1956,3668 1956,3668 1956,3666 1958,3664 3834,3664 3835,3666 3835,3667 3837,3668 3905,3668 3906,3670 3906,3671 3908,3672 3909,3672 3909,3673 3909,3674 3911,3675 3912,3675 3913,3677 3913,3682 3915,3683 3916,3683 3917,3685 3917,3693 3919,3694 3920,3694 3920,3695 3920,3701 3921,3701 3945,3701 3947,3704 3947,3705 3948,3705 3953,3705 3954,3707 3954,3708 3956,3709 3957,3709 3957,3710 3957,3711 3959,3712 4082,3712 4084,3715 4084,3716 4085,3716 4090,3716 4091,3718 4091,3719 4093,3720 4098,3720 4098,3721 4098,3722 4101,3724 4102,3724 4102,3725 4102,3730 4104,3731 4105,3731 4106,3733 4106,3778 4101,3783 4100,3783 4099,3784 4099,3785 4097,3787 4093,3787 4091,3789 4091,3790 4091,3790 3828,3790 3827,3791 3827,3837 3827,3837 3276,3837 3275,3838 3264,3838 3263,3838 3263,3836 3263,3835 1723,3835 1722,3836 1722,3839 1722,3839"/><TextEquiv index="1"><Unicode>loger du côté de Saint Cloud, afin d'être</Unicode></TextEquiv></TextLine><TextLine id="r0_l019"><Coords points="2425,4004 2424,4004 2424,3959 2424,3958 2347,3958 2346,3959 2346,3960 2345,3961 2340,3961 2339,3961 2339,3960 2338,3958 2202,3958 2201,3959 2201,4004 2201,4004 2184,4004 2183,4004 2183,3959 2183,3958 1908,3958 1907,3959 1907,4003 1907,4003 1895,4003 1894,4003 1894,3959 1894,3958 1582,3958 1581,3959 1581,3994 1581,3994 1580,3994 1579,3995 1554,3995 1547,3989 1547,3962 1547,3961 1259,3961 1258,3962 1258,3990 1257,3991 1256,3991 1254,3993 1254,3994 1253,3995 1248,3995 1247,3996 1247,3997 1246,3998 1230,3998 1228,3997 1228,3996 1228,3995 1223,3995 1221,3994 1221,3985 1223,3983 1224,3983 1224,3983 1224,3903 1224,3902 1223,3902 1221,3901 1221,3892 1222,3891 1234,3891 1236,3889 1236,3888 1237,3887 1313,3887 1313,3887 1313,3857 1314,3856 1314,3855 1316,3853 1317,3853 1317,3853 1317,3844 1318,3843 1319,3843 1320,3842 1327,3842 1328,3844 1328,3848 1331,3850 1332,3850 1332,3851 1332,3883 1333,3883 1402,3883 1402,3884 1402,3885 1405,3887 1636,3887 1636,3887 1636,3886 1639,3883 1703,3883 1703,3883 1703,3845 1709,3839 1722,3839 1722,3840 1722,3849 1724,3850 1725,3850 1726,3852 1726,3860 1728,3861 1729,3861 1729,3862 1729,3863 1730,3864 1730,3872 1731,3872 1732,3872 1733,3874 1733,3883 1734,3883 1892,3883 1893,3882 1893,3881 1894,3880 1895,3880 1896,3879 1908,3879 1908,3879 1908,3836 1909,3835 1910,3835 1914,3831 1921,3831 1923,3834 1923,3835 1924,3835 1929,3835 1930,3837 1930,3842 1931,3842 1932,3842 1934,3845 1934,3879 1935,3879 2101,3879 2101,3879 2101,3874 2103,3872 2104,3872 2104,3872 2104,3864 2105,3863 2105,3862 2106,3861 2107,3861 2108,3860 2108,3852 2110,3850 2111,3850 2112,3849 2112,3848 2114,3846 2115,3846 2115,3846 2115,3845 2118,3842 2119,3842 2119,3842 2119,3841 2121,3839 2125,3839 2129,3835 2137,3835 2138,3837 2138,3839 2139,3839 2453,3839 2453,3839 2453,3838 2454,3837 2454,3836 2455,3835 2479,3835 2479,3836 2479,3837 2481,3839 2482,3839 2483,3839 2483,3840 2483,3849 2484,3849 2485,3849 2487,3852 2487,3868 2488,3868 2523,3868 2524,3870 2524,3879 2525,3879 2691,3879 2691,3879 2691,3863 2693,3861 2694,3861 2695,3860 2695,3852 2712,3835 2753,3835 2755,3833 2755,3832 2756,3831 2779,3831 2781,3834 2781,3835 2782,3835 2787,3835 2788,3837 2788,3879 2789,3879 3048,3879 3048,3879 3048,3840 3049,3839 3050,3839 3052,3837 3052,3836 3053,3835 3065,3835 3069,3839 3262,3839 3263,3838 3276,3838 3282,3845 3282,3879 3283,3879 3419,3879 3419,3879 3419,3878 3425,3872 3433,3872 3434,3874 3434,3879 3435,3879 3506,3879 3507,3880 3508,3880 3508,3881 3508,3882 3510,3883 3734,3883 3734,3883 3734,3882 3737,3879 3764,3879 3764,3879 3764,3838 3765,3837 3854,3837 3854,3837 3854,3836 3855,3835 3864,3835 3864,3835 3864,3834 3865,3833 3865,3832 3866,3831 3867,3831 3869,3834 3869,3835 3870,3835 3871,3835 3872,3837 3872,3838 3873,3838 3874,3838 3876,3841 3876,3879 3877,3879 4089,3879 4090,3880 4091,3880 4091,3881 4091,3882 4093,3883 4097,3883 4105,3891 4106,3891 4106,3892 4106,3897 4108,3898 4109,3898 4110,3900 4110,3941 4108,3943 4107,3943 4106,3944 4106,3949 4105,3950 4104,3950 4102,3952 4102,3953 4101,3954 4096,3954 4095,3955 4095,3956 4093,3958 4005,3958 4004,3957 4003,3957 4002,3957 4002,3956 4001,3954 3824,3954 3823,3955 3823,4003 3823,4003 3811,4003 3810,4003 3810,3955 3810,3954 3673,3954 3672,3955 3672,3985 3671,3986 3671,3987 3671,3987 3666,3987 3664,3989 3664,3990 3663,3991 3655,3991 3653,3990 3653,3989 3652,3987 3647,3987 3646,3987 3646,3986 3645,3985 3645,3959 3645,3958 3430,3958 3429,3957 3428,3957 3426,3956 3426,3955 3426,3954 3135,3954 3133,3956 3133,3957 3133,3957 3132,3957 3129,3960 3129,3961 3129,3961 3127,3961 3126,3961 3126,3960 3125,3958 2930,3958 2929,3959 2929,3960 2928,3961 2928,3961 2927,3961 2925,3963 2925,3968 2924,3969 2923,3969 2921,3971 2921,3972 2921,3972 2920,3972 2919,3973 2918,3974 2918,3975 2917,3976 2917,3976 2916,3976 2914,3978 2914,3979 2913,3980 2913,3980 2912,3980 2910,3982 2910,3983 2910,3983 2909,3983 2908,3984 2904,3984 2903,3985 2903,3986 2902,3987 2893,3987 2892,3987 2892,3959 2892,3958 2440,3958 2439,3959 2439,4004 2439,4004"/><TextEquiv index="1"><Unicode>plus près de ſa Maîtreſſe; de ſorte qu'il ne</Unicode></TextEquiv></TextLine><TextLine id="r0_l020"><Coords points="3513,4168 3512,4168 3512,4122 3512,4121 2997,4121 2996,4122 2996,4123 2994,4125 2653,4125 2650,4123 2650,4122 2650,4121 2429,4121 2428,4122 2428,4123 2426,4125 2295,4125 2294,4126 2294,4154 2294,4154 2285,4154 2283,4156 2283,4157 2282,4158 2281,4158 2280,4157 2279,4157 2279,4156 2278,4154 2262,4154 2260,4153 2260,4126 2260,4125 2094,4125 2093,4126 2093,4154 2093,4154 2092,4154 2089,4157 2089,4158 2089,4158 2065,4158 2064,4158 2064,4126 2064,4125 1947,4125 1945,4124 1945,4123 1944,4121 1690,4121 1689,4122 1689,4123 1687,4125 1512,4125 1510,4127 1510,4128 1510,4128 1508,4128 1507,4129 1507,4157 1506,4158 1475,4158 1473,4157 1473,4129 1473,4128 1226,4128 1224,4127 1224,4126 1224,4125 1220,4125 1219,4124 1218,4124 1217,4124 1217,4056 1219,4054 1220,4054 1221,4053 1221,4052 1223,4050 1228,4050 1228,4050 1228,4049 1229,4048 1231,4046 1232,4046 1232,4046 1232,4037 1233,4036 1234,4036 1236,4034 1236,4033 1237,4032 1242,4032 1243,4031 1243,4030 1245,4028 1250,4028 1250,4028 1250,4019 1252,4017 1253,4017 1254,4016 1254,4015 1256,4013 1257,4013 1258,4012 1258,4011 1260,4009 1265,4009 1265,4009 1265,4008 1267,4006 1287,4006 1288,4008 1288,4009 1289,4009 1290,4009 1291,4011 1291,4039 1292,4039 1383,4039 1384,4041 1384,4053 1386,4054 1569,4054 1570,4053 1570,4052 1572,4050 1637,4050 1637,4050 1637,4022 1639,4020 1640,4020 1640,4020 1640,4019 1642,4017 1643,4017 1644,4016 1644,4016 1644,4015 1646,4013 1654,4013 1655,4015 1655,4016 1657,4017 1658,4017 1659,4019 1659,4050 1660,4050 1770,4050 1770,4050 1770,4049 1773,4046 1774,4046 1774,4046 1774,4041 1776,4039 1777,4039 1778,4038 1778,4037 1780,4035 1784,4035 1785,4037 1785,4046 1786,4046 1889,4046 1889,4046 1889,4008 1892,4005 1893,4005 1893,4005 1893,4004 1894,4003 1908,4003 1908,4004 1908,4009 1909,4009 1910,4009 1911,4011 1911,4046 1912,4046 2138,4046 2138,4046 2138,4011 2140,4009 2141,4009 2141,4009 2142,4008 2142,4007 2143,4006 2144,4006 2146,4004 2146,4003 2147,4002 2160,4002 2160,4003 2160,4004 2161,4004 2201,4004 2201,4005 2201,4008 2204,4010 2205,4010 2205,4011 2205,4046 2206,4046 2413,4046 2413,4046 2413,4033 2414,4032 2415,4032 2416,4031 2416,4027 2419,4024 2420,4024 2420,4024 2420,4008 2423,4005 2424,4005 2425,4004 2561,4004 2563,4002 2575,4002 2576,4004 2576,4005 2578,4006 2579,4006 2580,4008 2580,4009 2581,4009 2582,4009 2584,4012 2584,4046 2585,4046 2719,4046 2721,4049 2721,4050 2722,4050 2910,4050 2910,4050 2910,4049 2912,4047 2913,4047 2914,4046 3300,4046 3300,4046 3300,4008 3302,4006 3306,4006 3308,4004 3308,4003 3309,4002 3359,4002 3360,4004 3360,4046 3361,4046 3541,4046 3542,4045 3542,4044 3543,4043 3783,4043 3783,4043 3783,4037 3784,4036 3785,4036 3786,4035 3809,4035 3809,4035 3809,4004 3810,4003 3854,4003 3855,4002 3867,4002 3872,4008 3872,4046 3873,4046 4065,4046 4065,4046 4065,4045 4067,4043 4083,4043 4084,4045 4084,4046 4085,4046 4093,4046 4110,4064 4110,4112 4108,4114 4107,4114 4106,4115 4106,4116 4105,4117 4104,4117 4103,4118 4103,4119 4101,4121 4089,4121 4088,4122 4088,4123 4086,4125 4068,4125 4060,4117 3953,4117 3952,4118 3952,4166 3952,4166 3941,4166 3940,4166 3940,4118 3940,4117 3874,4117 3872,4119 3872,4120 3871,4121 3725,4121 3724,4122 3724,4130 3723,4131 3723,4132 3723,4132 3722,4132 3716,4138 3716,4139 3716,4139 3715,4139 3712,4142 3712,4143 3712,4143 3707,4143 3705,4145 3705,4146 3704,4147 3700,4147 3696,4143 3695,4143 3694,4143 3694,4122 3694,4121 3520,4121 3519,4122 3519,4167 3519,4167 3515,4167 3514,4168"/><TextEquiv index="1"><Unicode>fut point impliqué dans ce malheur; il ne</Unicode></TextEquiv></TextLine><TextLine id="r0_l021"><Coords points="3952,4335 3951,4334 3940,4334 3939,4334 3939,4285 3939,4284 3793,4284 3790,4287 3790,4288 3790,4288 3788,4288 3787,4288 3787,4287 3785,4284 3754,4284 3753,4285 3753,4331 3753,4331 3750,4331 3749,4331 3749,4285 3749,4284 3533,4284 3530,4287 3530,4288 3530,4288 3469,4288 3467,4287 3467,4286 3466,4284 3269,4284 3267,4286 3267,4287 3266,4288 2515,4288 2513,4287 2513,4286 2512,4284 2425,4284 2424,4285 2424,4332 2424,4332 2406,4332 2405,4332 2405,4285 2405,4284 2330,4284 2274,4284 2271,4287 2271,4288 2271,4288 2143,4288 2142,4289 2142,4320 2140,4322 2138,4322 2137,4321 2117,4321 2116,4321 2116,4320 2115,4318 2111,4318 2110,4317 2109,4317 2108,4317 2108,4289 2108,4288 1786,4288 1785,4289 1785,4334 1785,4334 1783,4334 1782,4335 1768,4335 1767,4335 1767,4300 1767,4299 1750,4299 1748,4298 1748,4289 1748,4288 1627,4288 1626,4289 1626,4290 1624,4292 1238,4292 1235,4290 1235,4289 1235,4288 1230,4288 1228,4287 1228,4279 1230,4277 1231,4277 1232,4276 1232,4260 1234,4258 1239,4258 1239,4258 1239,4185 1239,4184 1230,4184 1228,4183 1228,4182 1230,4180 1231,4180 1231,4180 1232,4179 1232,4178 1233,4177 1234,4177 1235,4176 1239,4176 1239,4176 1239,4175 1241,4173 1253,4173 1254,4172 1254,4171 1255,4170 1256,4169 1257,4169 1258,4171 1258,4176 1259,4176 1260,4176 1262,4179 1262,4195 1263,4195 1417,4195 1417,4195 1417,4191 1418,4190 1418,4189 1419,4188 1420,4188 1421,4187 1421,4182 1422,4181 1423,4181 1425,4179 1425,4178 1426,4177 1427,4177 1429,4175 1429,4174 1430,4173 1458,4173 1458,4174 1458,4175 1461,4177 1462,4177 1462,4178 1462,4206 1463,4206 1550,4206 1552,4209 1552,4210 1553,4210 1554,4210 1555,4212 1555,4213 1557,4214 1748,4214 1748,4214 1748,4197 1750,4195 1751,4195 1752,4194 1752,4193 1754,4191 1755,4191 1755,4191 1755,4190 1757,4188 1758,4188 1759,4187 1759,4179 1762,4176 1763,4176 1763,4176 1763,4171 1765,4169 1766,4169 1766,4169 1766,4168 1769,4165 1770,4165 1770,4165 1770,4164 1772,4162 1777,4162 1778,4164 1778,4165 1779,4165 1780,4165 1782,4168 1782,4169 1783,4169 1784,4169 1785,4171 1785,4176 1786,4176 1787,4176 1789,4179 1789,4187 1791,4188 1792,4188 1793,4190 1793,4191 1794,4191 1795,4191 1796,4193 1796,4214 1797,4214 1985,4214 1986,4216 1986,4217 1987,4217 2160,4217 2160,4217 2160,4216 2162,4214 2200,4214 2201,4213 2201,4212 2203,4210 2346,4210 2346,4210 2346,4175 2352,4169 2356,4169 2357,4170 2510,4170 2511,4169 2527,4169 2528,4171 2528,4176 2529,4176 2530,4176 2532,4179 2532,4214 2533,4214 2747,4214 2747,4214 2747,4171 2749,4169 2754,4169 2754,4169 2754,4168 2757,4165 2764,4165 2766,4168 2766,4169 2767,4169 2772,4169 2773,4171 2773,4210 2774,4210 2832,4210 2832,4211 2832,4212 2835,4214 3070,4214 3070,4214 3070,4171 3072,4169 3084,4169 3085,4171 3085,4172 3087,4173 3088,4173 3088,4174 3088,4175 3089,4176 3089,4213 3090,4213 3263,4213 3263,4213 3263,4212 3264,4211 3265,4210 3266,4210 3267,4212 3267,4213 3269,4214 3470,4214 3471,4213 3471,4212 3473,4210 3508,4210 3508,4210 3508,4171 3510,4169 3511,4169 3512,4168 3514,4168 3515,4167 3519,4167 3521,4169 3522,4169 3523,4171 3523,4172 3525,4173 3526,4173 3527,4175 3527,4210 3528,4210 3723,4210 3723,4210 3723,4172 3730,4165 3789,4165 3790,4166 3953,4166 3958,4172 3958,4210 3959,4210 4075,4210 4076,4209 4076,4205 4079,4202 4085,4202 4086,4203 4087,4203 4087,4204 4087,4205 4088,4206 4088,4210 4089,4210 4102,4210 4102,4211 4102,4212 4106,4216 4106,4276 4108,4277 4109,4277 4110,4279 4110,4284 4111,4284 4112,4284 4113,4286 4113,4288 4113,4288 3989,4288 3987,4287 3987,4286 3986,4284 3962,4284 3961,4285 3961,4335 3961,4335"/><TextEquiv index="1"><Unicode>le fut même que le lendemain matin. Il vint</Unicode></TextEquiv></TextLine><TextLine id="r0_l022"><Coords points="2859,4491 2858,4491 2858,4449 2858,4448 2846,4448 2845,4447 2698,4447 2697,4448 2696,4448 2695,4449 2695,4450 2686,4459 2682,4459 2680,4461 2680,4462 2680,4462 2679,4462 2678,4463 2674,4463 2673,4464 2673,4465 2672,4466 2656,4466 2654,4465 2654,4445 2654,4444 2432,4444 2431,4445 2431,4458 2430,4459 2429,4459 2428,4460 2428,4468 2427,4469 2427,4470 2427,4470 2426,4470 2420,4476 2420,4480 2419,4481 2418,4481 2417,4482 2417,4483 2415,4485 2407,4485 2405,4484 2405,4449 2405,4448 2177,4448 2175,4450 2175,4451 2175,4451 2078,4451 2077,4452 2076,4452 2075,4451 1828,4451 1827,4452 1768,4452 1767,4453 1767,4454 1766,4455 1468,4455 1466,4457 1466,4458 1465,4459 1249,4459 1247,4458 1247,4457 1246,4455 1226,4455 1225,4455 1225,4454 1224,4453 1224,4419 1224,4418 1223,4418 1221,4417 1221,4412 1222,4411 1223,4411 1224,4410 1224,4398 1227,4395 1228,4395 1228,4395 1228,4390 1230,4388 1231,4388 1232,4387 1232,4386 1233,4385 1234,4385 1235,4384 1246,4384 1247,4383 1247,4382 1248,4381 1702,4381 1704,4379 1704,4378 1705,4377 1763,4377 1763,4377 1763,4338 1765,4336 1766,4336 1767,4335 1782,4335 1783,4334 1785,4334 1785,4335 1785,4339 1787,4340 1934,4340 1934,4340 1934,4338 1935,4337 1936,4336 1937,4336 1937,4336 1937,4335 1939,4333 1941,4333 1941,4334 1941,4335 1943,4336 1951,4336 1952,4338 1952,4343 1953,4343 1995,4343 1996,4344 1997,4344 1997,4345 1997,4373 1998,4373 2290,4373 2290,4373 2290,4372 2293,4369 2294,4369 2294,4369 2294,4360 2295,4359 2296,4359 2298,4357 2298,4353 2300,4351 2301,4351 2301,4351 2301,4346 2304,4343 2305,4343 2305,4343 2305,4342 2307,4340 2308,4340 2309,4339 2309,4338 2311,4336 2312,4336 2312,4336 2312,4335 2315,4332 2319,4332 2320,4331 2320,4330 2321,4329 2338,4329 2338,4330 2338,4331 2340,4332 2426,4332 2428,4335 2428,4362 2429,4362 2549,4362 2550,4364 2550,4372 2552,4373 2560,4373 2562,4376 2562,4377 2563,4377 2568,4377 2569,4379 2569,4410 2570,4410 2814,4410 2814,4410 2814,4401 2816,4399 2817,4399 2817,4399 2817,4395 2818,4394 2818,4393 2819,4392 2820,4392 2821,4391 2821,4349 2822,4348 2823,4348 2825,4346 2825,4345 2826,4344 2827,4344 2829,4342 2829,4338 2831,4336 2832,4336 2832,4336 2832,4335 2835,4332 2843,4332 2844,4331 2844,4330 2845,4329 2861,4329 2862,4331 2862,4332 2863,4332 2864,4332 2866,4335 2866,4336 2867,4336 2868,4336 2870,4339 2870,4340 2871,4340 2872,4340 2877,4346 2877,4366 2878,4366 3040,4366 3040,4366 3040,4353 3042,4351 3043,4351 3044,4350 3044,4349 3045,4348 3046,4348 3048,4346 3048,4345 3049,4344 3050,4344 3051,4343 3051,4339 3052,4338 3052,4337 3053,4336 3058,4336 3059,4335 3059,4334 3060,4333 3061,4333 3062,4332 3073,4332 3074,4331 3074,4330 3075,4329 3080,4329 3089,4339 3089,4362 3090,4362 3180,4362 3184,4366 3185,4366 3185,4367 3185,4373 3186,4373 3359,4373 3359,4373 3359,4340 3360,4339 3360,4338 3362,4336 3363,4336 3363,4336 3363,4335 3366,4332 3380,4332 3381,4333 3382,4333 3382,4334 3382,4373 3383,4373 3418,4373 3419,4375 3419,4376 3421,4377 3622,4377 3623,4376 3623,4375 3625,4373 3735,4373 3735,4373 3735,4356 3736,4355 3737,4355 3738,4354 3738,4350 3741,4347 3742,4347 3742,4347 3742,4334 3743,4333 3744,4333 3745,4332 3749,4332 3750,4331 3898,4331 3900,4329 3912,4329 3913,4331 3913,4332 3914,4332 3915,4332 3917,4334 3951,4334 3952,4335 3962,4335 3963,4336 3964,4336 3965,4338 3965,4377 3966,4377 4020,4377 4020,4378 4020,4379 4023,4381 4024,4381 4024,4382 4024,4383 4027,4385 4028,4385 4028,4386 4028,4399 4029,4399 4108,4399 4110,4402 4110,4421 4112,4422 4113,4422 4113,4423 4113,4424 4114,4425 4114,4427 4113,4428 4113,4429 4113,4429 4112,4429 4109,4432 4109,4433 4109,4433 4040,4433 4039,4434 4039,4447 4038,4448 4037,4448 4036,4449 4035,4450 4035,4451 4035,4451 3989,4451 3987,4450 3987,4449 3987,4448 3831,4448 3747,4448 3746,4449 3746,4450 3745,4451 3729,4451 3727,4450 3727,4449 3727,4448 3722,4448 3720,4447 3720,4446 3719,4444 3499,4444 3497,4446 3497,4447 3496,4448 3495,4447 3494,4447 3493,4447 3493,4446 3492,4444 3160,4444 3159,4445 3159,4490 3159,4490 3146,4490 3145,4490 3145,4445 3145,4444 2938,4444 2936,4446 2936,4447 2935,4448 2885,4448 2884,4449 2884,4491 2884,4491"/><TextEquiv index="1"><Unicode>nous voir à ce ſujet, &amp; fut charmé d'a-</Unicode></TextEquiv></TextLine><TextLine id="r0_l023"><Coords points="4044,4828 4043,4828 4043,4826 4043,4825 3921,4825 3920,4825 3920,4779 3920,4778 3520,4778 3519,4779 3519,4785 3518,4786 3517,4786 3516,4787 3516,4788 3515,4789 3513,4789 3512,4789 3512,4788 3510,4785 3509,4785 3508,4785 3508,4776 3508,4775 3234,4775 3233,4776 3233,4800 3232,4801 3231,4801 3230,4802 3230,4803 3229,4804 3213,4804 3211,4806 3211,4807 3210,4808 3206,4808 3204,4807 3204,4775 3204,4774 3086,4774 3085,4774 3085,4772 3085,4771 2823,4771 2821,4773 2821,4774 2821,4774 2820,4774 2819,4775 2598,4775 2597,4774 2430,4774 2428,4776 2428,4777 2427,4778 2333,4778 2331,4780 2331,4781 2330,4782 1661,4782 1657,4786 1649,4786 1648,4787 1648,4788 1647,4789 1511,4789 1510,4790 1510,4822 1509,4823 1504,4823 1503,4824 1503,4825 1502,4826 1501,4826 1500,4827 1499,4827 1498,4826 1497,4826 1495,4825 1495,4824 1495,4823 1483,4823 1481,4822 1481,4798 1481,4797 1293,4797 1291,4799 1291,4800 1291,4800 1259,4800 1258,4801 1258,4803 1257,4804 1252,4804 1251,4804 1251,4803 1251,4802 1250,4801 1249,4801 1247,4800 1247,4781 1246,4780 1246,4779 1246,4778 1245,4778 1243,4777 1243,4776 1243,4775 1242,4775 1239,4773 1239,4660 1239,4659 1226,4659 1224,4658 1224,4651 1225,4650 1225,4649 1226,4648 1228,4648 1228,4648 1228,4557 1229,4556 1230,4556 1230,4556 1232,4554 1232,4553 1233,4552 1245,4552 1247,4550 1247,4549 1248,4548 1398,4548 1399,4547 1399,4546 1401,4544 1570,4544 1570,4544 1570,4501 1571,4500 1576,4500 1577,4499 1577,4498 1579,4496 1588,4496 1588,4497 1588,4498 1596,4506 1596,4540 1597,4540 1881,4540 1882,4539 1882,4538 1883,4537 2004,4537 2004,4538 2004,4539 2006,4540 2201,4540 2201,4540 2201,4539 2203,4537 2322,4537 2324,4535 2324,4531 2326,4529 2327,4529 2327,4529 2327,4517 2330,4514 2331,4514 2331,4514 2331,4509 2333,4507 2334,4507 2335,4506 2335,4505 2337,4503 2338,4503 2338,4503 2338,4502 2340,4500 2341,4500 2342,4499 2342,4498 2344,4496 2345,4496 2345,4496 2346,4495 2346,4494 2348,4492 2363,4492 2372,4502 2372,4537 2373,4537 2564,4537 2565,4536 2565,4535 2567,4533 2817,4533 2817,4533 2817,4532 2820,4529 2824,4529 2825,4531 2825,4532 2827,4533 2854,4533 2854,4533 2854,4496 2855,4495 2855,4494 2856,4493 2857,4492 2858,4492 2859,4491 2884,4491 2884,4492 2884,4495 2886,4496 2887,4496 2888,4498 2888,4533 2889,4533 3141,4533 3141,4533 3141,4493 3142,4492 3143,4492 3145,4490 3159,4490 3161,4492 3162,4492 3163,4494 3163,4518 3164,4518 3203,4518 3203,4519 3203,4520 3204,4521 3204,4529 3205,4529 3340,4529 3341,4531 3341,4532 3343,4533 3567,4533 3567,4533 3567,4492 3568,4491 3568,4490 3570,4488 3584,4488 3585,4489 3586,4489 3586,4490 3586,4491 3587,4492 3588,4492 3589,4492 3590,4494 3590,4514 3591,4514 3592,4514 3594,4517 3594,4537 3595,4537 3980,4537 3980,4537 3980,4501 3981,4500 3982,4500 3982,4500 3984,4498 3984,4497 3985,4496 4001,4496 4002,4498 4002,4499 4003,4499 4004,4499 4006,4502 4006,4577 4007,4577 4085,4577 4086,4578 4087,4578 4087,4579 4087,4580 4089,4581 4094,4581 4095,4583 4095,4584 4097,4585 4098,4585 4098,4586 4098,4587 4101,4589 4102,4589 4102,4590 4102,4599 4104,4600 4105,4600 4106,4602 4106,4730 4107,4730 4109,4730 4110,4732 4110,4755 4109,4756 4058,4756 4057,4757 4057,4828 4057,4828"/><TextEquiv index="1"><Unicode>t quue oou iomo uus éeear ée au in</Unicode></TextEquiv></TextLine><TextLine id="r0_l024"><Coords points="1605,4998 1604,4998 1604,4958 1604,4957 1235,4957 1234,4956 1233,4956 1232,4956 1232,4887 1233,4886 1234,4886 1238,4882 1242,4882 1243,4881 1243,4880 1245,4878 1391,4878 1392,4877 1392,4876 1393,4875 1603,4875 1603,4875 1603,4839 1604,4838 1605,4838 1609,4834 1621,4834 1622,4833 1622,4832 1624,4830 2405,4830 2405,4830 2405,4829 2408,4826 2535,4826 2535,4826 2535,4825 2538,4822 2539,4822 2539,4822 2539,4821 2541,4819 3344,4819 3344,4819 3344,4818 3347,4815 3348,4815 3348,4816 3348,4817 3349,4818 3349,4819 3350,4819 3407,4819 3408,4821 3408,4822 3410,4823 3411,4823 3413,4825 3947,4825 3949,4827 3950,4827 3951,4828 4058,4828 4064,4834 4065,4834 4065,4835 4065,4893 4066,4893 4120,4893 4121,4895 4121,4904 4122,4904 4123,4904 4125,4907 4125,4910 4123,4912 4122,4912 4121,4913 4121,4922 4120,4923 4115,4923 4114,4924 4114,4925 4112,4927 4070,4927 4069,4928 4069,4944 4068,4945 4056,4945 4054,4947 4054,4948 4053,4949 4045,4949 4043,4948 4043,4947 4042,4945 3900,4945 3898,4944 3898,4943 3898,4942 2940,4942 2939,4943 2939,4983 2939,4983 2928,4983 2927,4983 2927,4972 2927,4971 2812,4971 2810,4970 2810,4969 2810,4968 2809,4968 2806,4966 2806,4946 2806,4945 1921,4945 1919,4947 1919,4948 1918,4949 1909,4949 1908,4950 1908,4978 1907,4979 1898,4979 1897,4980 1897,4981 1896,4982 1894,4982 1893,4983 1618,4983 1617,4984 1617,4998 1617,4998"/><TextEquiv index="1"><Unicode>mes. Le pauvre Eſtampe me dit en m'ai-</Unicode></TextEquiv></TextLine><TextLine id="r0_l025"><Coords points="2358,5155 2357,5155 2357,5110 2357,5109 2035,5109 2034,5110 2034,5111 2033,5112 1721,5112 1717,5116 1650,5116 1647,5119 1647,5120 1647,5120 1241,5120 1239,5119 1239,5099 1239,5098 1238,5098 1236,5097 1236,5085 1235,5084 1235,5078 1238,5075 1239,5075 1239,5075 1239,5066 1241,5064 1242,5064 1243,5063 1243,5058 1244,5057 1245,5057 1253,5049 1257,5049 1258,5048 1258,5047 1259,5046 1260,5046 1262,5044 1262,5043 1263,5042 1284,5042 1284,5042 1284,4999 1286,4997 1305,4997 1306,4999 1306,5000 1307,5001 1308,5001 1309,5001 1310,5003 1310,5042 1311,5042 1488,5042 1488,5042 1488,5040 1490,5038 1491,5038 1492,5037 1492,5036 1494,5034 1603,5034 1603,5034 1603,4999 1604,4998 1618,4998 1618,4999 1618,5000 1620,5001 1621,5001 1622,5003 1622,5011 1624,5012 1625,5012 1625,5013 1625,5014 1626,5015 1626,5030 1628,5031 1629,5031 1629,5032 1629,5034 1630,5034 1818,5034 1818,5034 1818,5000 1821,4997 1822,4997 1822,4997 1822,4992 1824,4990 1825,4990 1826,4989 1826,4988 1828,4986 1836,4986 1837,4988 1837,4989 1839,4990 1844,4990 1845,4992 1845,4993 1846,4993 2015,4993 2015,4993 2015,4992 2017,4990 2201,4990 2201,4991 2201,5034 2202,5034 2401,5034 2402,5033 2402,5032 2403,5031 2586,5031 2587,5030 2587,5029 2589,5027 2639,5027 2639,5027 2639,5025 2641,5023 2646,5023 2646,5023 2646,5022 2649,5019 2651,5022 2651,5027 2652,5027 2921,5027 2921,5027 2921,4989 2922,4988 2922,4987 2923,4986 2924,4986 2925,4985 2925,4984 2926,4983 3005,4983 3007,4981 3007,4980 3008,4979 3029,4979 3029,4980 3029,4989 3031,4990 3032,4990 3033,4992 3033,5027 3034,5027 3215,5027 3215,5027 3215,5021 3216,5020 3217,5020 3219,5018 3219,5017 3220,5016 3229,5016 3230,5018 3230,5030 3232,5031 3240,5031 3241,5033 3241,5034 3242,5034 3397,5034 3397,5034 3397,4991 3398,4990 3399,4990 3401,4988 3401,4987 3402,4986 3518,4986 3523,4992 3523,5031 3524,5031 3723,5031 3723,5031 3723,5030 3724,5029 3724,5028 3725,5027 3726,5027 3727,5026 3727,5014 3729,5012 3730,5012 3731,5011 3731,5006 3732,5005 3733,5005 3735,5003 3735,4999 3737,4997 3738,4997 3738,4997 3738,4996 3741,4993 3742,4993 3742,4993 3742,4992 3744,4990 3745,4990 3746,4989 3746,4988 3748,4986 3752,4986 3756,4982 3778,4982 3779,4984 3779,4985 3781,4986 3782,4986 3783,4988 3783,4989 3785,4990 3786,4990 3787,4992 3787,5034 3788,5034 3982,5034 3984,5037 3984,5038 3985,5038 4009,5038 4009,5039 4009,5040 4010,5041 4010,5082 4011,5082 4092,5082 4093,5083 4094,5083 4095,5085 4095,5086 4096,5086 4097,5086 4099,5089 4099,5090 4100,5090 4101,5090 4112,5101 4113,5101 4113,5102 4113,5105 4113,5105 4112,5105 4110,5107 4110,5115 4109,5116 4108,5116 4106,5118 4106,5126 4105,5127 4104,5127 4103,5128 4103,5129 4101,5131 4100,5131 4099,5132 4099,5133 4097,5135 4093,5135 4091,5137 4091,5138 4091,5138 4090,5138 4082,5146 4071,5146 4069,5145 4069,5144 4068,5142 4067,5142 4065,5141 4065,5117 4065,5116 4063,5116 4062,5116 4062,5115 4061,5114 4061,5110 4061,5109 3503,5109 3502,5110 3502,5153 3502,5153 3482,5153 3481,5153 3481,5106 3481,5105 3328,5105 3326,5107 3326,5115 3325,5116 3324,5116 3323,5117 3323,5118 3321,5120 3320,5120 3319,5121 3319,5126 3318,5127 3317,5127 3315,5129 3315,5130 3314,5131 3309,5131 3308,5132 3308,5133 3306,5135 3299,5135 3296,5133 3296,5113 3296,5112 3168,5112 3167,5112 3167,5111 3166,5109 3165,5109 3163,5108 3163,5106 3163,5105 2875,5105 2873,5107 2873,5108 2872,5109 2853,5109 2851,5108 2851,5106 2851,5105 2660,5105 2656,5109 2373,5109 2372,5110 2372,5155 2372,5155"/><TextEquiv index="1"><Unicode>dant à m'habiller: cet accident, Monſieur,</Unicode></TextEquiv></TextLine><TextLine id="r0_l026"><Coords points="1396,5330 1395,5330 1395,5284 1395,5283 1252,5283 1251,5284 1251,5285 1250,5286 1250,5287 1250,5287 1249,5287 1246,5285 1246,5284 1246,5283 1241,5283 1239,5282 1239,5248 1238,5246 1237,5246 1236,5246 1236,5244 1238,5242 1239,5242 1239,5242 1239,5219 1247,5211 1247,5210 1248,5209 1257,5209 1258,5208 1258,5207 1260,5205 1268,5205 1269,5207 1269,5208 1271,5209 1706,5209 1707,5208 1707,5207 1709,5205 1763,5205 1763,5205 1763,5166 1765,5164 1766,5164 1767,5163 1767,5162 1768,5161 1769,5161 1770,5160 1811,5160 1811,5160 1811,5159 1813,5157 1948,5157 1949,5159 1949,5160 1951,5161 1955,5161 1957,5163 2119,5163 2121,5161 2125,5161 2127,5159 2127,5158 2128,5157 2133,5157 2134,5156 2134,5155 2136,5153 2141,5153 2141,5154 2141,5155 2144,5157 2145,5157 2145,5158 2145,5201 2146,5201 2353,5201 2353,5201 2353,5159 2355,5157 2356,5157 2358,5155 2372,5155 2374,5157 2375,5157 2376,5159 2376,5198 2377,5198 2496,5198 2497,5197 2498,5197 2498,5197 2498,5196 2500,5194 2768,5194 2769,5193 2769,5192 2771,5190 2772,5190 2772,5191 2773,5192 2773,5193 2775,5194 2783,5194 2784,5196 2784,5197 2786,5198 2955,5198 2955,5198 2955,5196 2957,5194 3121,5194 3122,5196 3122,5197 3124,5198 3314,5198 3315,5197 3315,5196 3317,5194 3434,5194 3434,5194 3434,5151 3436,5149 3437,5149 3438,5148 3438,5147 3439,5146 3448,5146 3449,5148 3449,5149 3450,5149 3455,5149 3456,5151 3456,5152 3458,5153 3503,5153 3504,5155 3504,5159 3507,5161 3508,5161 3508,5162 3508,5171 3510,5172 3511,5172 3512,5174 3512,5190 3513,5190 3540,5190 3542,5193 3542,5198 3543,5198 3894,5198 3894,5198 3894,5196 3896,5194 3897,5194 3898,5193 3898,5192 3900,5190 3904,5190 3906,5193 3906,5198 3907,5198 4024,5198 4024,5199 4024,5200 4026,5201 4038,5201 4039,5203 4039,5204 4041,5205 4042,5205 4043,5207 4043,5208 4045,5209 4046,5209 4047,5211 4047,5216 4048,5216 4049,5216 4050,5218 4050,5224 4051,5224 4105,5224 4106,5226 4106,5227 4107,5227 4112,5227 4114,5230 4114,5231 4115,5231 4116,5231 4117,5233 4117,5253 4117,5253 4116,5253 4115,5254 4048,5254 4047,5255 4047,5259 4043,5263 4043,5271 4042,5272 4034,5272 4030,5276 3905,5276 3904,5277 3904,5321 3904,5321 3892,5321 3891,5321 3891,5277 3891,5276 3659,5276 3657,5275 3657,5274 3656,5272 3425,5272 3422,5270 3422,5269 3422,5268 3117,5268 3115,5270 3115,5271 3114,5272 3105,5272 3103,5271 3103,5270 3102,5268 2764,5268 2762,5270 2762,5271 2761,5272 2644,5272 2643,5273 2643,5308 2642,5309 2626,5309 2625,5310 2625,5311 2624,5312 2624,5313 2624,5313 2622,5313 2621,5313 2621,5312 2620,5311 2620,5303 2620,5302 2608,5302 2606,5301 2606,5273 2606,5272 2441,5272 2437,5276 2422,5276 2420,5275 2420,5274 2419,5272 2294,5272 2293,5273 2293,5321 2293,5321 2281,5321 2280,5321 2280,5273 2280,5272 2258,5272 2257,5273 2257,5290 2257,5290 2256,5290 2253,5293 2253,5308 2252,5309 2243,5309 2242,5309 2242,5273 2242,5272 2184,5272 2183,5273 2183,5274 2181,5276 2010,5276 2008,5278 2008,5279 2008,5279 1877,5279 1874,5282 1874,5283 1874,5283 1872,5283 1870,5282 1870,5281 1870,5280 1653,5280 1651,5282 1651,5283 1651,5283 1641,5283 1640,5284 1640,5316 1639,5317 1638,5317 1637,5318 1637,5319 1636,5320 1612,5320 1611,5320 1611,5319 1610,5317 1609,5317 1607,5316 1607,5284 1607,5283 1400,5283 1399,5284 1399,5330 1399,5330"/><TextEquiv index="1"><Unicode>me rapelle le ſervice que vous rendîtes autre-</Unicode></TextEquiv></TextLine><TextLine id="r0_l027"><Coords points="4031,5488 4030,5488 4030,5448 4030,5447 4020,5447 4019,5446 4018,5446 4017,5446 4017,5445 4016,5443 3878,5443 3876,5442 3876,5441 3875,5439 3725,5439 3724,5439 3724,5438 3722,5435 3621,5435 3620,5436 3620,5456 3619,5457 3619,5458 3619,5458 3611,5458 3608,5456 3608,5436 3608,5435 3290,5435 3289,5436 3289,5482 3289,5482 3283,5482 3282,5482 3282,5436 3282,5435 3240,5435 3239,5436 3238,5436 3237,5437 3237,5438 3236,5439 3231,5439 3230,5439 3230,5438 3228,5435 2802,5435 2746,5435 2742,5439 2670,5439 2669,5440 2669,5468 2668,5469 2667,5469 2666,5470 2665,5471 2665,5472 2665,5472 2664,5472 2663,5473 2508,5473 2505,5471 2505,5444 2505,5443 2400,5443 2398,5442 2398,5441 2397,5439 2132,5439 2131,5440 2131,5441 2129,5443 2036,5443 2034,5442 2034,5441 2033,5439 1838,5439 1837,5440 1837,5442 1836,5443 1772,5443 1770,5445 1770,5446 1770,5446 1769,5446 1768,5447 1694,5447 1692,5449 1692,5450 1692,5450 1253,5450 1249,5454 1244,5454 1243,5455 1243,5461 1243,5461 1241,5461 1240,5462 1238,5462 1236,5461 1236,5459 1238,5457 1239,5457 1239,5457 1239,5382 1241,5380 1242,5380 1242,5380 1243,5379 1243,5378 1245,5376 1250,5376 1250,5376 1250,5375 1251,5374 1253,5372 1254,5372 1254,5372 1254,5359 1255,5358 1256,5358 1258,5356 1258,5352 1260,5350 1261,5350 1261,5350 1261,5346 1262,5345 1262,5344 1263,5343 1264,5343 1264,5343 1265,5342 1265,5341 1267,5339 1268,5339 1269,5338 1269,5337 1271,5335 1272,5335 1273,5334 1273,5333 1275,5331 1280,5331 1280,5331 1280,5330 1282,5328 1286,5328 1288,5326 1288,5325 1289,5324 1294,5324 1295,5326 1295,5327 1297,5328 1306,5328 1306,5329 1306,5330 1307,5330 1400,5330 1403,5333 1559,5333 1561,5331 1562,5331 1562,5331 1562,5330 1564,5328 1773,5328 1774,5327 1774,5326 1776,5324 1884,5324 1888,5320 1929,5320 1930,5319 1930,5318 1931,5317 1940,5317 1941,5316 1958,5316 1960,5319 1960,5320 1961,5320 2044,5320 2045,5322 2045,5323 2047,5324 2048,5324 2049,5326 2049,5327 2050,5327 2051,5327 2052,5329 2052,5365 2053,5365 2275,5365 2275,5365 2275,5326 2277,5324 2278,5324 2279,5323 2279,5322 2280,5321 2354,5321 2355,5320 2374,5320 2379,5326 2379,5361 2380,5361 2404,5361 2406,5364 2406,5365 2407,5365 2412,5365 2413,5367 2413,5368 2414,5368 2418,5368 2419,5369 2420,5369 2420,5370 2420,5371 2423,5373 2424,5373 2424,5374 2424,5375 2426,5376 2427,5376 2427,5377 2427,5378 2428,5379 2428,5409 2429,5409 2598,5409 2598,5409 2598,5393 2600,5391 2601,5391 2602,5390 2602,5382 2604,5380 2608,5380 2608,5380 2610,5378 2610,5377 2611,5376 2612,5376 2613,5375 2613,5371 2616,5368 2628,5368 2628,5368 2628,5367 2630,5365 2694,5365 2695,5364 2695,5363 2697,5361 2958,5361 2958,5361 2958,5316 2959,5315 2959,5314 2960,5313 2980,5313 2981,5315 2981,5323 2983,5324 2984,5324 2984,5325 2984,5326 2985,5327 2985,5365 2986,5365 3147,5365 3148,5364 3148,5363 3150,5361 3158,5361 3159,5360 3159,5359 3160,5358 3161,5358 3162,5357 3165,5357 3167,5360 3167,5361 3168,5361 3419,5361 3419,5361 3419,5326 3421,5324 3422,5324 3423,5323 3423,5318 3424,5317 3425,5317 3426,5316 3432,5316 3434,5319 3434,5320 3435,5320 3440,5320 3441,5322 3441,5336 3442,5336 3598,5336 3599,5335 3600,5335 3601,5334 3601,5333 3602,5332 3603,5332 3604,5331 3605,5330 3605,5329 3606,5328 3607,5328 3609,5326 3609,5325 3610,5324 3619,5324 3619,5324 3619,5323 3622,5320 3629,5320 3637,5328 3638,5328 3638,5329 3638,5365 3639,5365 3756,5365 3757,5367 3757,5368 3758,5368 3872,5368 3872,5368 3872,5352 3874,5350 3875,5350 3875,5350 3876,5349 3876,5348 3878,5346 3879,5346 3879,5346 3879,5338 3887,5330 3887,5326 3889,5324 3890,5324 3890,5324 3890,5323 3892,5321 3905,5321 3906,5323 3906,5331 3907,5331 3908,5331 3909,5333 3909,5334 3911,5335 3912,5335 3913,5337 3913,5342 3914,5342 3915,5342 3917,5345 3917,5346 3918,5346 3919,5346 3920,5348 3920,5361 3921,5361 3961,5361 3961,5362 3961,5365 3962,5365 4035,5365 4035,5366 4035,5367 4037,5368 4100,5368 4101,5369 4102,5369 4102,5370 4102,5371 4104,5372 4105,5372 4106,5374 4106,5375 4108,5376 4113,5376 4113,5377 4113,5378 4114,5379 4114,5409 4115,5409 4116,5409 4117,5411 4117,5435 4117,5435 4116,5435 4113,5438 4113,5439 4113,5439 4112,5439 4106,5445 4106,5446 4106,5446 4105,5446 4104,5447 4100,5447 4099,5448 4099,5449 4098,5450 4054,5450 4053,5451 4053,5488 4053,5488"/><TextEquiv index="1"><Unicode>fois à Miſſ Louiſe, quand vous la ſauvâtes</Unicode></TextEquiv></TextLine><TextLine id="r0_l028"><Coords points="2206,5652 2205,5652 2205,5607 2205,5606 1824,5606 1823,5607 1823,5608 1821,5610 1616,5610 1614,5612 1614,5613 1613,5614 1560,5614 1559,5615 1559,5616 1558,5617 1352,5617 1351,5618 1281,5618 1280,5619 1280,5620 1279,5621 1267,5621 1265,5620 1265,5619 1264,5617 1259,5617 1258,5617 1258,5612 1257,5610 1256,5610 1255,5610 1254,5609 1254,5608 1253,5606 1252,5606 1250,5605 1250,5600 1250,5599 1249,5599 1246,5597 1246,5596 1246,5595 1245,5595 1243,5594 1243,5582 1242,5580 1241,5580 1239,5579 1239,5578 1239,5577 1238,5577 1236,5576 1236,5575 1235,5574 1235,5572 1247,5560 1247,5556 1249,5554 1250,5554 1250,5554 1250,5553 1253,5550 1254,5550 1254,5550 1254,5549 1256,5547 1257,5547 1258,5546 1258,5546 1258,5545 1260,5543 1261,5543 1261,5543 1261,5542 1264,5539 1284,5539 1284,5539 1284,5496 1285,5495 1290,5495 1291,5494 1291,5493 1293,5491 1294,5491 1294,5492 1295,5493 1295,5494 1297,5495 1309,5495 1310,5497 1310,5505 1312,5506 1313,5506 1313,5507 1313,5508 1314,5509 1314,5539 1315,5539 1481,5539 1481,5539 1481,5533 1482,5532 1483,5532 1484,5531 1484,5523 1486,5521 1487,5521 1488,5520 1488,5515 1489,5514 1490,5514 1492,5512 1492,5508 1505,5495 1528,5495 1529,5497 1529,5536 1530,5536 1800,5536 1800,5536 1800,5500 1802,5498 1803,5498 1804,5497 1804,5496 1805,5495 1825,5495 1826,5497 1826,5532 1827,5532 2101,5532 2101,5532 2101,5530 2103,5528 2104,5528 2104,5528 2104,5512 2106,5510 2107,5510 2108,5509 2108,5508 2110,5506 2115,5506 2115,5506 2115,5505 2116,5504 2116,5496 2117,5495 2118,5495 2120,5493 2120,5492 2121,5491 2122,5491 2123,5490 2123,5489 2124,5488 2125,5488 2126,5487 2134,5487 2134,5487 2134,5486 2136,5484 2137,5484 2138,5483 2139,5483 2140,5484 2141,5484 2142,5486 2142,5487 2143,5487 2152,5487 2153,5489 2153,5528 2154,5528 2274,5528 2276,5531 2276,5532 2277,5532 2464,5532 2464,5532 2464,5531 2467,5528 2609,5528 2609,5528 2609,5527 2612,5524 2828,5524 2828,5524 2828,5513 2829,5512 2829,5511 2830,5510 2831,5510 2832,5509 2832,5501 2835,5498 2836,5498 2836,5498 2836,5489 2837,5488 2838,5488 2838,5488 2840,5486 2840,5485 2841,5484 2853,5484 2855,5482 2855,5481 2856,5480 2858,5480 2858,5481 2858,5482 2861,5484 2865,5484 2866,5486 2866,5487 2867,5487 2875,5487 2876,5488 2877,5488 2877,5489 2877,5490 2879,5491 2880,5491 2880,5492 2880,5493 2881,5494 2881,5498 2883,5499 2884,5499 2884,5500 2884,5521 2885,5521 2943,5521 2944,5523 2944,5524 2945,5524 2949,5524 2950,5525 2951,5525 2951,5526 2951,5528 2952,5528 3144,5528 3144,5528 3144,5527 3147,5524 3274,5524 3274,5524 3274,5490 3282,5482 3289,5482 3290,5483 3291,5483 3293,5486 3293,5487 3294,5487 3295,5487 3296,5489 3296,5528 3297,5528 3471,5528 3471,5528 3471,5497 3474,5494 3475,5494 3475,5494 3475,5485 3476,5484 3477,5484 3479,5482 3479,5481 3480,5480 3481,5480 3482,5479 3482,5478 3484,5476 3496,5476 3497,5478 3497,5479 3499,5480 3504,5480 3504,5481 3504,5482 3507,5484 3586,5484 3586,5485 3586,5491 3587,5491 3752,5491 3756,5487 3767,5487 3768,5489 3768,5490 3770,5491 3771,5491 3772,5493 3772,5494 3774,5495 3775,5495 3775,5496 3775,5497 3776,5498 3776,5505 3778,5506 3779,5506 3779,5507 3779,5536 3780,5536 3967,5536 3969,5534 3969,5533 3970,5532 4028,5532 4028,5532 4028,5489 4029,5488 4054,5488 4054,5489 4054,5521 4055,5521 4094,5521 4095,5523 4095,5528 4096,5528 4116,5528 4117,5530 4117,5531 4118,5531 4119,5532 4120,5532 4121,5534 4121,5535 4120,5536 4115,5536 4114,5537 4114,5541 4113,5542 4113,5601 4114,5602 4114,5608 4113,5609 4113,5610 4113,5610 3826,5610 3820,5616 3820,5624 3819,5625 3818,5625 3816,5627 3816,5632 3816,5632 3815,5632 3813,5634 3813,5638 3811,5640 3793,5640 3790,5638 3790,5637 3790,5636 3785,5636 3783,5635 3783,5604 3783,5603 3539,5603 3538,5604 3538,5605 3537,5606 3383,5606 3382,5607 3382,5632 3382,5632 3357,5632 3356,5632 3356,5604 3356,5603 3093,5603 3092,5604 3092,5632 3092,5632 3091,5632 3090,5633 3088,5635 3088,5636 3088,5636 3076,5636 3073,5634 3073,5633 3073,5632 3068,5632 3066,5631 3066,5607 3066,5606 2837,5606 2836,5607 2836,5650 2836,5650 2833,5650 2832,5650 2832,5607 2832,5606 2742,5606 2740,5608 2740,5612 2738,5614 2734,5614 2719,5629 2708,5629 2706,5628 2706,5604 2706,5603 2407,5603 2405,5605 2405,5606 2405,5606 2395,5606 2394,5607 2394,5635 2393,5636 2374,5636 2372,5638 2372,5639 2371,5640 2370,5640 2368,5639 2368,5638 2368,5637 2367,5636 2366,5636 2365,5636 2365,5635 2364,5634 2364,5607 2364,5606 2216,5606 2215,5607 2215,5652 2215,5652"/><TextEquiv index="1"><Unicode>du feu chez ſon pere; &amp; quoiqu'il n'y ait</Unicode></TextEquiv></TextLine><TextLine id="r0_l029"><Coords points="1248,5825 1247,5825 1247,5782 1247,5781 1245,5781 1243,5780 1243,5738 1245,5736 1246,5736 1247,5735 1247,5727 1260,5714 1264,5714 1265,5713 1265,5712 1267,5710 1272,5710 1273,5709 1273,5708 1275,5706 1276,5706 1276,5706 1276,5705 1278,5703 1420,5703 1421,5702 1421,5701 1423,5699 1507,5699 1507,5699 1507,5663 1508,5662 1509,5662 1510,5661 1511,5660 1511,5659 1512,5658 1840,5658 1841,5657 1841,5656 1842,5655 1843,5655 1844,5654 1861,5654 1862,5655 1863,5655 1863,5656 1863,5657 1865,5658 1869,5658 1873,5662 1874,5662 1874,5663 1874,5691 1875,5691 1935,5691 1936,5692 1937,5692 1937,5693 1937,5694 1939,5695 2201,5695 2201,5695 2201,5660 2203,5658 2204,5658 2205,5657 2205,5653 2206,5652 2216,5652 2216,5653 2216,5654 2217,5654 2218,5654 2218,5655 2220,5657 2220,5658 2221,5658 2222,5658 2223,5660 2223,5695 2224,5695 2431,5695 2431,5695 2431,5657 2437,5651 2449,5651 2450,5653 2450,5654 2451,5654 2452,5654 2454,5657 2454,5658 2455,5658 2456,5658 2457,5660 2457,5695 2458,5695 2665,5695 2665,5695 2665,5694 2667,5692 2668,5692 2669,5691 2750,5691 2751,5690 2751,5678 2752,5677 2753,5677 2754,5676 2754,5668 2757,5665 2758,5665 2758,5665 2758,5660 2760,5658 2761,5658 2762,5657 2762,5656 2763,5655 2764,5655 2764,5655 2766,5653 2766,5652 2767,5651 2768,5651 2769,5650 2769,5649 2770,5648 2771,5647 2772,5647 2773,5646 2773,5645 2774,5644 2775,5643 2776,5643 2777,5642 2777,5641 2778,5640 2806,5640 2806,5641 2806,5642 2807,5642 2808,5643 2809,5643 2810,5645 2810,5650 2811,5650 2836,5650 2836,5651 2836,5691 2837,5691 3036,5691 3036,5691 3036,5650 3037,5649 3037,5648 3038,5647 3051,5647 3051,5648 3051,5649 3054,5651 3058,5651 3059,5653 3059,5673 3060,5673 3118,5673 3118,5674 3118,5676 3119,5677 3119,5691 3120,5691 3333,5691 3334,5690 3334,5689 3335,5688 3336,5688 3337,5687 3337,5675 3339,5673 3340,5673 3341,5672 3341,5668 3345,5664 3345,5656 3346,5655 3347,5655 3349,5653 3349,5652 3350,5651 3351,5651 3352,5650 3352,5649 3353,5648 3354,5647 3355,5647 3356,5646 3356,5645 3358,5643 3370,5643 3371,5642 3371,5641 3372,5640 3373,5640 3374,5639 3376,5639 3377,5640 3378,5640 3378,5641 3378,5642 3380,5643 3433,5643 3434,5645 3434,5646 3435,5646 3436,5647 3437,5647 3437,5648 3437,5649 3438,5650 3438,5691 3439,5691 3465,5691 3466,5692 3467,5692 3467,5693 3467,5694 3469,5695 3623,5695 3623,5695 3623,5653 3625,5651 3626,5651 3626,5651 3627,5650 3627,5649 3629,5647 3641,5647 3642,5649 3642,5651 3643,5651 3730,5651 3731,5653 3731,5695 3732,5695 4023,5695 4024,5697 4024,5698 4026,5699 4031,5699 4032,5701 4032,5702 4034,5703 4035,5703 4035,5704 4035,5705 4036,5706 4038,5707 4039,5707 4039,5708 4039,5709 4040,5709 4041,5710 4042,5710 4043,5712 4043,5720 4045,5721 4046,5721 4046,5722 4046,5723 4047,5724 4047,5743 4048,5743 4096,5743 4097,5744 4098,5744 4098,5745 4099,5746 4099,5747 4100,5747 4105,5747 4106,5749 4106,5750 4108,5751 4113,5751 4113,5752 4113,5753 4114,5754 4116,5755 4117,5755 4117,5756 4117,5765 4119,5766 4120,5766 4121,5768 4121,5776 4120,5777 4119,5777 4117,5779 4117,5780 4116,5781 4116,5781 4115,5781 4113,5783 4113,5788 4113,5788 4112,5788 4110,5790 4110,5794 4108,5796 4104,5796 4102,5798 4102,5799 4102,5799 4101,5799 4098,5802 4098,5803 4098,5803 4093,5803 4091,5805 4091,5806 4090,5807 4082,5807 4080,5806 4080,5805 4079,5803 4078,5803 4076,5802 4076,5774 4076,5773 3628,5773 3627,5773 3627,5772 3626,5770 3342,5770 3341,5771 3341,5813 3340,5814 3332,5814 3328,5810 3327,5810 3326,5810 3326,5771 3326,5770 3273,5770 3270,5768 3270,5767 3270,5766 2986,5766 2985,5767 2985,5798 2984,5799 2976,5799 2973,5802 2973,5803 2973,5803 2960,5803 2959,5803 2959,5798 2957,5795 2956,5795 2955,5795 2955,5767 2955,5766 2674,5766 2673,5767 2673,5768 2671,5770 2328,5770 2327,5771 2327,5795 2326,5796 2325,5796 2324,5797 2324,5798 2323,5799 2322,5799 2320,5801 2320,5802 2319,5803 2311,5803 2307,5807 2303,5807 2302,5807 2302,5806 2301,5805 2301,5774 2301,5773 1995,5773 1993,5775 1993,5776 1992,5777 1865,5777 1863,5779 1863,5780 1862,5781 1693,5781 1692,5782 1692,5823 1692,5823 1679,5823 1678,5823 1678,5782 1678,5781 1270,5781 1269,5782 1269,5825 1269,5825"/><TextEquiv index="1"><Unicode>entr'elle &amp; moi qu'une ſimple reſſemblance,</Unicode></TextEquiv></TextLine><TextLine id="r0_l030"><Coords points="1248,5981 1247,5981 1247,5912 1247,5911 1245,5911 1243,5910 1243,5831 1245,5829 1246,5829 1247,5828 1247,5826 1248,5825 1562,5825 1562,5825 1562,5824 1564,5822 1566,5822 1567,5823 1692,5823 1694,5825 1695,5825 1696,5827 1696,5866 1697,5866 1851,5866 1852,5865 1852,5864 1853,5863 1854,5863 1855,5862 1859,5862 1859,5862 1859,5843 1863,5839 1863,5835 1866,5832 1867,5832 1867,5832 1867,5827 1869,5825 1870,5825 1870,5825 1871,5824 1871,5823 1872,5822 1873,5822 1874,5821 1874,5820 1876,5818 1881,5818 1881,5818 1881,5817 1884,5814 1933,5814 1934,5813 1934,5812 1936,5810 1939,5810 1940,5811 1941,5811 1941,5812 1941,5813 1943,5814 1947,5814 1951,5818 1952,5818 1952,5819 1952,5859 1953,5859 2134,5859 2134,5859 2134,5827 2135,5826 2136,5826 2138,5824 2138,5823 2139,5822 2140,5822 2142,5820 2142,5819 2143,5818 2160,5818 2160,5819 2160,5859 2161,5859 2260,5859 2260,5860 2260,5861 2262,5862 2460,5862 2463,5859 2769,5859 2769,5859 2769,5812 2770,5811 2771,5811 2772,5810 2790,5810 2792,5813 2792,5817 2795,5820 2795,5855 2796,5855 2984,5855 2984,5855 2984,5854 2987,5851 2988,5851 2988,5851 2988,5842 2990,5840 2991,5840 2992,5839 2992,5831 2994,5829 2995,5829 2996,5828 2996,5823 2997,5822 2998,5822 2998,5822 2999,5821 2999,5820 3001,5818 3002,5818 3003,5817 3003,5816 3005,5814 3006,5814 3007,5813 3007,5812 3009,5810 3031,5810 3035,5814 3117,5814 3118,5816 3118,5820 3121,5822 3122,5822 3122,5823 3122,5855 3123,5855 3229,5855 3230,5857 3230,5858 3232,5859 3623,5859 3623,5860 3623,5861 3625,5862 3820,5862 3820,5862 3820,5861 3822,5859 3990,5859 3991,5861 3991,5862 3992,5862 4000,5862 4001,5863 4002,5863 4002,5864 4002,5865 4004,5866 4005,5866 4006,5868 4006,5899 4007,5899 4096,5899 4097,5900 4098,5900 4099,5902 4099,5903 4100,5903 4101,5903 4102,5904 4102,5905 4102,5906 4104,5907 4109,5907 4110,5909 4110,5914 4111,5914 4112,5914 4114,5917 4114,5918 4115,5918 4116,5918 4117,5920 4117,5921 4116,5922 4116,5922 4115,5922 4114,5923 4114,5938 4113,5939 4113,5940 4113,5940 4109,5940 4108,5941 4107,5941 4106,5942 4106,5943 4105,5944 4104,5944 4103,5945 4103,5946 4101,5948 4100,5948 4099,5949 4099,5950 4097,5952 4085,5952 4084,5953 4084,5954 4083,5955 4082,5955 4081,5956 4080,5957 4080,5958 4079,5959 4071,5959 4069,5958 4069,5957 4069,5956 4068,5955 4067,5955 4065,5954 4065,5934 4065,5933 3744,5933 3742,5935 3742,5936 3741,5937 3737,5937 3735,5936 3735,5935 3734,5933 3364,5933 3363,5934 3363,5966 3363,5966 3351,5966 3348,5969 3348,5970 3348,5970 3332,5970 3330,5969 3330,5968 3330,5967 3329,5967 3326,5965 3326,5964 3326,5963 3325,5963 3323,5962 3323,5956 3323,5955 3227,5955 3226,5955 3226,5954 3224,5951 3223,5951 3222,5951 3222,5934 3222,5933 3042,5933 3040,5932 3040,5931 3039,5929 2853,5929 2851,5931 2851,5932 2850,5933 2652,5933 2651,5934 2651,5935 2649,5937 2646,5935 2646,5934 2646,5933 2481,5933 2480,5934 2480,5935 2478,5937 2266,5937 2264,5939 2264,5940 2264,5940 2262,5940 2260,5939 2260,5938 2260,5937 1983,5937 1982,5938 1982,5939 1981,5940 1980,5940 1979,5941 1683,5941 1680,5944 1281,5944 1280,5945 1280,5947 1279,5948 1278,5948 1277,5949 1277,5964 1276,5965 1276,5966 1276,5966 1275,5966 1273,5968 1273,5969 1272,5970 1271,5970 1269,5972 1269,5973 1268,5974 1267,5974 1265,5976 1265,5977 1264,5978 1259,5978 1258,5979 1258,5980 1257,5981"/><TextEquiv index="1"><Unicode>j'ai été aſſez heureux de faire pour vous,</Unicode></TextEquiv></TextLine><TextLine id="r0_l031"><Coords points="1315,6154 1314,6154 1314,6112 1314,6111 1252,6111 1250,6110 1250,6109 1249,6107 1248,6107 1247,6107 1247,6102 1249,6100 1250,6100 1250,6100 1250,6043 1252,6041 1253,6041 1254,6040 1254,6035 1256,6033 1257,6033 1258,6032 1258,6027 1259,6026 1260,6026 1262,6024 1262,6020 1264,6018 1265,6018 1265,6018 1265,6017 1268,6014 1269,6014 1269,6014 1269,6009 1271,6007 1272,6007 1273,6006 1273,6005 1274,6004 1275,6004 1275,6004 1276,6003 1276,6002 1278,6000 1279,6000 1280,5999 1280,5998 1282,5996 1287,5996 1288,5995 1288,5994 1290,5992 1291,5992 1291,5992 1291,5991 1293,5989 1302,5989 1302,5990 1302,5991 1304,5992 1308,5992 1309,5993 1310,5993 1310,5994 1310,5999 1312,6000 1313,6000 1313,6001 1313,6002 1314,6003 1314,6033 1315,6033 1599,6033 1599,6033 1599,6032 1602,6029 1718,6029 1718,6029 1718,6028 1720,6026 1721,6026 1722,6025 1722,6024 1724,6022 1773,6022 1774,6021 1774,6020 1776,6018 1777,6018 1778,6020 1778,6029 1779,6029 2078,6029 2078,6029 2078,6014 2079,6013 2079,6012 2080,6011 2081,6011 2082,6010 2082,6002 2084,6000 2085,6000 2085,6000 2086,5999 2086,5998 2088,5996 2089,5996 2089,5996 2090,5995 2090,5994 2092,5992 2093,5992 2093,5992 2093,5987 2095,5985 2096,5985 2097,5984 2097,5983 2099,5981 2100,5981 2101,5980 2101,5979 2102,5978 2104,5978 2105,5980 2105,5981 2106,5981 2107,5981 2108,5983 2108,5988 2109,5988 2110,5988 2112,5991 2112,5995 2114,5996 2115,5996 2115,5997 2115,5998 2116,5999 2116,6007 2117,6007 2118,6007 2119,6009 2119,6013 2122,6015 2123,6015 2123,6016 2123,6026 2124,6026 2508,6026 2509,6025 2509,6024 2511,6022 2512,6022 2513,6021 2513,6009 2515,6007 2516,6007 2517,6006 2517,5998 2519,5996 2520,5996 2520,5996 2520,5991 2522,5989 2523,5989 2524,5988 2524,5987 2526,5985 2527,5985 2528,5984 2528,5983 2530,5981 2531,5981 2531,5981 2531,5980 2533,5978 2534,5978 2535,5977 2572,5977 2572,5977 2572,5976 2574,5974 2590,5974 2591,5976 2591,5977 2592,5977 2600,5977 2601,5978 2602,5978 2602,5979 2602,5980 2605,5982 2606,5982 2606,5983 2606,6022 2607,6022 2791,6022 2791,6022 2791,5984 2794,5981 2795,5981 2795,5981 2795,5980 2798,5977 2802,5977 2803,5976 2803,5975 2804,5974 2891,5974 2892,5976 2892,5977 2893,5977 2894,5977 2895,5979 2895,5980 2897,5981 2898,5981 2899,5983 2899,6022 2900,6022 3184,6022 3185,6024 3185,6025 3186,6025 3348,6025 3349,6024 3349,6023 3350,6022 3712,6022 3712,6022 3712,5983 3714,5981 3723,5981 3723,5982 3723,6018 3724,6018 3726,6018 3727,6020 3727,6021 3729,6022 3741,6022 3742,6024 3742,6025 3744,6026 3919,6026 3921,6024 3921,6023 3922,6022 3938,6022 3939,6024 3939,6025 3941,6026 4102,6026 4102,6027 4102,6028 4105,6030 4106,6030 4106,6031 4106,6033 4107,6033 4109,6033 4110,6035 4110,6036 4111,6036 4112,6037 4113,6037 4113,6038 4113,6039 4114,6040 4114,6077 4116,6078 4117,6078 4117,6079 4117,6088 4116,6089 4115,6089 4114,6090 4114,6091 4112,6093 4111,6093 4110,6094 4110,6095 4109,6096 4105,6096 4102,6099 4102,6100 4102,6100 4101,6100 4100,6101 4100,6145 4100,6145 4093,6145 4091,6144 4091,6105 4091,6104 4075,6104 4072,6102 4072,6101 4072,6100 3743,6100 3742,6101 3742,6103 3741,6104 3733,6104 3731,6106 3731,6107 3731,6107 3730,6107 3729,6108 3595,6108 3594,6109 3594,6139 3593,6140 3593,6141 3593,6141 3556,6141 3555,6142 3555,6149 3555,6149 3540,6149 3539,6149 3539,6101 3539,6100 3268,6100 3267,6101 3267,6106 3265,6108 3264,6108 3263,6109 3263,6114 3262,6115 3261,6115 3260,6116 3259,6117 3259,6118 3258,6119 3257,6119 3256,6120 3256,6121 3255,6122 3247,6122 3245,6124 3245,6132 3244,6133 3242,6133 3241,6133 3241,6132 3240,6130 3239,6130 3237,6129 3237,6101 3237,6100 2902,6100 2901,6101 2901,6145 2901,6145 2891,6145 2890,6145 2890,6097 2890,6096 2634,6096 2632,6098 2632,6099 2631,6100 2300,6100 2298,6102 2298,6103 2297,6104 2102,6104 2101,6105 2101,6106 2099,6108 2089,6108 2088,6107 2087,6107 2086,6107 2086,6106 2085,6104 1742,6104 1741,6105 1741,6110 1740,6111 1329,6111 1328,6112 1328,6154 1328,6154"/><TextEquiv index="1"><Unicode>ſous cette même reſſemblance, ce que vous</Unicode></TextEquiv></TextLine><TextLine id="r0_l032"><Coords points="1816,6319 1815,6319 1815,6272 1815,6271 1794,6271 1793,6272 1793,6273 1791,6275 1690,6275 1689,6276 1689,6277 1688,6278 1604,6278 1603,6279 1603,6311 1602,6312 1594,6312 1592,6314 1592,6315 1592,6315 1590,6315 1588,6314 1588,6313 1588,6312 1576,6312 1570,6307 1570,6279 1570,6278 1367,6278 1365,6277 1365,6276 1365,6275 1249,6275 1247,6274 1247,6273 1246,6271 1245,6271 1243,6270 1243,6232 1242,6230 1234,6230 1232,6229 1232,6224 1233,6223 1235,6223 1236,6222 1239,6222 1239,6222 1239,6210 1241,6208 1242,6208 1243,6207 1243,6206 1245,6204 1246,6204 1247,6203 1247,6202 1249,6200 1250,6200 1250,6200 1250,6199 1252,6197 1253,6197 1254,6196 1254,6180 1256,6178 1257,6178 1258,6177 1258,6176 1260,6174 1261,6174 1261,6174 1261,6170 1262,6169 1262,6168 1263,6167 1264,6167 1269,6162 1269,6161 1270,6160 1271,6160 1272,6159 1276,6159 1276,6159 1276,6158 1278,6156 1312,6156 1314,6154 1329,6154 1336,6162 1336,6170 1338,6171 1339,6171 1340,6173 1340,6178 1341,6178 1342,6178 1343,6180 1343,6193 1344,6193 1369,6193 1369,6194 1369,6200 1370,6200 1442,6200 1444,6203 1444,6204 1445,6204 1673,6204 1674,6203 1674,6202 1676,6200 1736,6200 1737,6199 1737,6198 1738,6197 1847,6197 1848,6196 1952,6196 1952,6196 1952,6195 1954,6193 2000,6193 2000,6193 2000,6155 2001,6154 2001,6153 2002,6152 2055,6152 2056,6154 2056,6158 2059,6160 2060,6160 2060,6161 2060,6189 2061,6189 2118,6189 2120,6192 2120,6193 2121,6193 2126,6193 2127,6195 2127,6196 2128,6196 2279,6196 2279,6196 2279,6146 2280,6145 2315,6145 2316,6144 2316,6143 2318,6141 2319,6141 2320,6143 2320,6144 2322,6145 2323,6145 2324,6147 2324,6193 2325,6193 2571,6193 2573,6191 2573,6190 2574,6189 2724,6189 2725,6188 2725,6187 2727,6185 2728,6185 2728,6185 2728,6180 2730,6178 2731,6178 2732,6177 2732,6161 2733,6160 2734,6160 2735,6159 2739,6159 2739,6159 2739,6155 2740,6154 2740,6153 2741,6152 2742,6152 2747,6147 2747,6146 2748,6145 2753,6145 2754,6144 2754,6143 2756,6141 2795,6141 2795,6142 2795,6143 2798,6145 2902,6145 2903,6147 2903,6189 2904,6189 3244,6189 3244,6189 3244,6185 3245,6184 3245,6183 3246,6182 3247,6182 3248,6181 3248,6176 3249,6175 3250,6175 3252,6173 3252,6165 3254,6163 3255,6163 3256,6162 3256,6157 3257,6156 3258,6156 3259,6155 3259,6151 3262,6148 3266,6148 3267,6147 3267,6146 3268,6145 3273,6145 3274,6144 3274,6143 3276,6141 3296,6141 3297,6143 3297,6185 3298,6185 3317,6185 3319,6188 3319,6189 3320,6189 3425,6189 3427,6192 3427,6193 3428,6193 3496,6193 3497,6195 3497,6196 3498,6196 3538,6196 3538,6196 3538,6150 3539,6149 3556,6149 3557,6151 3557,6152 3558,6152 3559,6152 3560,6154 3560,6196 3561,6196 3772,6196 3772,6196 3772,6172 3773,6171 3774,6171 3775,6170 3775,6162 3778,6159 3779,6159 3779,6159 3779,6158 3781,6156 3782,6156 3783,6155 3783,6154 3785,6152 3786,6152 3786,6152 3786,6151 3789,6148 3790,6148 3790,6148 3790,6147 3792,6145 3801,6145 3803,6147 3965,6147 3965,6147 3965,6146 3966,6145 4090,6145 4091,6144 4092,6144 4093,6145 4102,6145 4102,6146 4102,6147 4104,6148 4112,6148 4113,6150 4113,6151 4114,6152 4114,6252 4115,6252 4120,6252 4121,6254 4121,6262 4112,6271 4108,6271 4106,6270 4106,6269 4105,6267 3958,6267 3885,6267 3883,6269 3883,6270 3882,6271 3836,6271 3835,6272 3835,6315 3835,6315 3817,6315 3816,6315 3816,6272 3816,6271 3692,6271 3690,6273 3690,6281 3689,6282 3688,6282 3687,6283 3687,6284 3685,6286 3684,6286 3683,6287 3683,6288 3681,6290 3677,6290 3675,6292 3675,6296 3674,6297 3662,6297 3661,6297 3661,6296 3660,6295 3660,6272 3660,6271 3487,6271 3486,6272 3486,6296 3485,6297 3484,6297 3483,6298 3482,6299 3482,6300 3481,6301 3480,6301 3478,6303 3478,6304 3478,6304 3461,6304 3460,6304 3460,6303 3460,6302 3458,6300 3457,6300 3456,6300 3456,6268 3456,6267 3200,6267 3199,6268 3199,6313 3199,6313 3188,6313 3187,6312 3181,6312 3180,6312 3180,6268 3180,6267 3016,6267 3014,6266 3014,6265 3014,6264 2941,6264 2940,6265 2940,6311 2940,6311 2922,6311 2921,6311 2921,6265 2921,6264 2667,6264 2665,6266 2665,6267 2665,6267 2614,6267 2613,6268 2613,6314 2613,6314 2588,6314 2587,6314 2587,6268 2587,6267 2503,6267 2502,6268 2502,6303 2501,6304 2481,6304 2480,6304 2480,6303 2479,6301 2475,6301 2474,6300 2473,6300 2472,6300 2472,6268 2472,6267 2313,6267 2312,6268 2312,6318 2312,6318 2131,6318 2130,6318 2130,6272 2130,6271 1838,6271 1837,6272 1837,6319 1837,6319"/><TextEquiv index="1"><Unicode>fîtes pour elle. Je pouſſai un ſoupir, &amp; lui</Unicode></TextEquiv></TextLine><TextLine id="r0_l033"><Coords points="3124,6494 3122,6493 3122,6492 3121,6490 3120,6490 3118,6489 3118,6443 3118,6442 3001,6442 2999,6444 2999,6445 2999,6445 2998,6445 2997,6446 2992,6446 2991,6445 2990,6445 2988,6444 2988,6443 2988,6442 2883,6442 2880,6440 2880,6439 2880,6438 2738,6438 2734,6442 2667,6442 2665,6444 2665,6445 2665,6445 2664,6445 2663,6446 2658,6446 2657,6445 2656,6445 2653,6442 2578,6442 2576,6441 2576,6440 2575,6438 2389,6438 2385,6442 2381,6442 2379,6444 2379,6445 2379,6445 2378,6445 2377,6446 2321,6446 2320,6447 2320,6452 2319,6453 2318,6453 2316,6455 2316,6460 2316,6460 2315,6460 2312,6463 2312,6467 2311,6468 2310,6468 2309,6469 2309,6470 2307,6472 2306,6472 2305,6473 2305,6478 2304,6479 2292,6479 2290,6478 2290,6443 2290,6442 2114,6442 2112,6444 2112,6445 2112,6445 2073,6445 2072,6446 2042,6446 2041,6447 2041,6449 2041,6449 2036,6449 2034,6448 2034,6447 2034,6446 2023,6446 2022,6445 2021,6445 2019,6444 2019,6443 2019,6442 1842,6442 1841,6443 1841,6459 1839,6461 1838,6461 1837,6462 1837,6463 1836,6464 1835,6464 1834,6465 1834,6466 1833,6467 1833,6471 1833,6471 1832,6471 1830,6473 1830,6478 1829,6479 1828,6479 1826,6481 1826,6482 1825,6483 1824,6482 1823,6482 1822,6482 1822,6481 1821,6479 1817,6479 1815,6478 1815,6477 1814,6475 1813,6475 1811,6474 1811,6450 1811,6449 1597,6449 1596,6450 1596,6481 1591,6486 1560,6486 1559,6486 1559,6485 1557,6482 1556,6482 1555,6482 1555,6481 1554,6479 1553,6479 1551,6478 1551,6447 1551,6446 1411,6446 1410,6447 1410,6448 1409,6449 1342,6449 1339,6452 1339,6453 1339,6453 1297,6453 1295,6455 1295,6456 1295,6456 1294,6456 1293,6457 1289,6457 1288,6458 1288,6459 1287,6460 1285,6460 1284,6460 1284,6459 1283,6457 1279,6457 1276,6455 1276,6454 1276,6453 1248,6453 1247,6453 1247,6452 1246,6451 1246,6410 1243,6407 1243,6403 1245,6401 1247,6401 1247,6401 1247,6391 1248,6390 1249,6390 1250,6389 1250,6385 1256,6379 1260,6379 1262,6377 1262,6376 1263,6375 1264,6375 1266,6373 1266,6372 1267,6371 1268,6371 1269,6370 1269,6369 1270,6368 1271,6368 1272,6367 1280,6367 1280,6367 1280,6366 1282,6364 1287,6364 1287,6364 1287,6326 1288,6325 1288,6324 1289,6323 1290,6323 1292,6321 1292,6320 1293,6319 1298,6319 1299,6318 1299,6317 1301,6315 1312,6315 1314,6318 1314,6319 1315,6319 1353,6319 1362,6329 1362,6367 1363,6367 1420,6367 1421,6369 1421,6371 1422,6371 1573,6371 1573,6371 1573,6370 1576,6367 1647,6367 1648,6366 1648,6365 1649,6364 1815,6364 1815,6364 1815,6320 1816,6319 1837,6319 1837,6320 1837,6360 1838,6360 2127,6360 2127,6360 2127,6321 2129,6319 2130,6319 2131,6318 2135,6318 2136,6317 2142,6317 2142,6318 2142,6319 2143,6319 2144,6319 2145,6321 2145,6360 2146,6360 2290,6360 2290,6360 2290,6319 2291,6318 2313,6318 2313,6319 2313,6356 2314,6356 2378,6356 2379,6358 2379,6359 2381,6360 2542,6360 2543,6359 2543,6358 2545,6356 2587,6356 2587,6356 2587,6315 2588,6314 2613,6314 2613,6315 2613,6318 2615,6319 2616,6319 2617,6321 2617,6356 2618,6356 2791,6356 2791,6356 2791,6311 2792,6310 2792,6309 2793,6308 2898,6308 2899,6310 2899,6311 2900,6311 2940,6311 2940,6312 2940,6352 2941,6352 2993,6352 2994,6353 2995,6353 2996,6355 2996,6356 2997,6356 3178,6356 3178,6356 3178,6313 3179,6312 3187,6312 3188,6313 3200,6313 3200,6314 3200,6356 3201,6356 3556,6356 3556,6356 3556,6351 3558,6349 3559,6349 3560,6348 3560,6340 3563,6337 3564,6337 3564,6337 3564,6328 3565,6327 3566,6327 3568,6325 3568,6324 3569,6323 3574,6323 3575,6322 3575,6317 3576,6316 3577,6316 3579,6314 3579,6313 3580,6312 3600,6312 3601,6314 3601,6315 3602,6315 3607,6315 3608,6317 3608,6318 3609,6319 3609,6356 3610,6356 3816,6356 3816,6356 3816,6316 3817,6315 3837,6315 3839,6318 3839,6352 3840,6352 3974,6352 3975,6353 3976,6353 3976,6354 3976,6355 3986,6364 3987,6364 3987,6365 3987,6370 3989,6371 3990,6371 3991,6373 3991,6374 3993,6375 3994,6375 3995,6377 3995,6397 3996,6397 4079,6397 4080,6399 4080,6400 4082,6401 4098,6401 4098,6402 4098,6403 4099,6403 4101,6405 4102,6405 4102,6406 4102,6407 4104,6408 4105,6408 4106,6410 4106,6411 4108,6412 4109,6412 4110,6414 4110,6415 4112,6416 4113,6416 4113,6417 4113,6418 4115,6419 4116,6419 4117,6421 4117,6445 4117,6445 4116,6445 4114,6447 4114,6454 4113,6455 4113,6456 4112,6457 4107,6457 4106,6458 4106,6459 4102,6463 4102,6467 4101,6468 4096,6468 4095,6469 4095,6470 4090,6475 4089,6475 4088,6476 4088,6481 4086,6483 4083,6481 4083,6480 4083,6479 4082,6479 4080,6478 4080,6477 4079,6475 4074,6475 4073,6475 4073,6474 4071,6471 4067,6471 4065,6470 4065,6469 4065,6468 4064,6468 4061,6466 4061,6439 4061,6438 3896,6438 3895,6439 3895,6440 3893,6442 3826,6442 3823,6445 3771,6445 3768,6448 3768,6449 3768,6449 3766,6449 3764,6448 3764,6447 3764,6446 3763,6445 3762,6445 3761,6445 3761,6443 3761,6442 3626,6442 3622,6438 3610,6438 3609,6438 3609,6437 3608,6436 3608,6435 3608,6434 3455,6434 3452,6437 3452,6438 3452,6438 3447,6438 3445,6440 3445,6441 3444,6442 3369,6442 3367,6444 3367,6445 3367,6445 3366,6445 3365,6446 3363,6446 3362,6445 3361,6445 3360,6445 3360,6444 3359,6442 3127,6442 3126,6443 3126,6493 3125,6494"/><TextEquiv index="1"><Unicode>dis que jamais je n'oublierois ce ſervice,</Unicode></TextEquiv></TextLine><TextLine id="r0_l034"><Coords points="3425,7709 4042,7709 4042,7821 3425,7821"/><TextEquiv index="1"><Unicode>-</Unicode></TextEquiv></TextLine></TextRegion></Page></PcGts>