4266 7725
10 632 2813 923 oE Josepn ThoMpson.
10 894 2828 1079 ui ajoutoit encore aux ſentimens d'eſtime
75 1062 1823 1230 que j'avois pris pour lui.
39 1218 2813 1401 Quand nous fûmes habillés, je partis ſeul
43 1386 2821 1570 our Saint Cloud; car Eſtampe m'avoit
43 1550 2810 1730 rié de le diſpenſer d'aller avec moi, ſous
79 1699 3006 1893 rétexte que le ſaiſiſſement de la nuit der-
97 1877 2828 2054 iere lui avoit laiſſé un grand mal de tête.
90 2045 2821 2222 les trois amis me reçurent avec de grands
64 2201 2828 2380 émoignages d'affection. Nous allâmes,
68 2372 2824 2542 vant de dîner, nous promener au jardin,
97 2529 2835 2707 viſitâmes un cabinet de livres peu nom-
104 2689 2835 2871 reux, mais bien choiſis; ce qui augmenta
68 2857 2839 3032 ncore l'idée que j'avois du goût exquis &
108 3023 2846 3195 u bon ſens de ces amis: en un mot, je
86 3184 2850 3350 e trouvois rien dans Serene qui ne me
83 3345 2846 3538 onnât lieu de féliciter Sharpley de ſon
96 3523 629 3683 hoix.
141 3657 3079 3841 Le dîner étant prêt, nous paſſâmes dans
90 3829 2850 4004 ne ſalle où la table fut ſervie d'une ma-
115 3993 2857 4131 iere bien délicate. La mere & la fille me
90 4153 2853 4330 rent des excuſes de ce que la Dame en
123 4320 2861 4498 queſtion n'étoit point arrivée, & me dirent
108 4480 2857 4650 qu'elle ne devoit venir qu'après le dîner;
101 4644 3068 4818 ais qu'elle n'y manqueroit pas. Je ne pus
137 4797 2853 4989 'empêcher d'apercevoir dans les regards
137 4968 2861 5144 e Madame Rich une agitation qui ne lui
101 5135 3174 5320 toit pas ordinaire. Après le dîner, elles
130 5299 2861 5463 ous quitterent pour quelques momens. Je
145 5463 2857 5635 spart de ma remarque à M. Sharpley,
137 5616 2872 5792 ui me dit qu'il avoit fait les mêmes ob-
118 5787 2861 5971 rvations, mais qu'il en ignoroit abſolu-
108 5947 2861 6125 nent la cauſe. Elles revinrent nous faire
112 6111 2864 6290 ompagnie, & au bout d'un quart-d'heure
115 6282 2864 6450 n domeſtique vint annoncer qu'il y avoit
2045 6450 2385 6648 G
