4266 7902
1336 645 3804 837 7Lv vietlesavenrurrs
1220 833 4252 1014 par quel miracle, quand & comment avez-
1283 1001 4252 1167 vous été conſervée & rendue à mes ardens
1257 1159 4251 1351 deſirs? Vous ſçaurez tout cela, mon cher
1377 1330 4251 1520 ſhompſon, me répondit-elle; je vous ap
1325 1501 4251 1684 prendrai comment j'ai vécu ici bien de
1355 1672 4252 1853 années, inconnue & uniquement occu-
1347 1839 4251 2021 pée à pleurer votre perte. Mais calmez-
1347 2008 4251 2192 vous, & apaiſez les agitations de votre
1347 2185 4252 2357 ame; prenez un peu de repos; je vais de
1347 2342 4252 2525 mon côté me retirer, & me remettre de
1340 2515 4252 2694 mon trouble. Je ne pus ni ne voulus me
1340 2673 4251 2860 ſéparer d'elle; elle conſentit avec bonté
1336 2842 4251 3026 reſter auprès de mon lit, juſqu'à ce que
1047 3011 4252 3199 je fuſſe aſſez remis pour me lever, & alle
1329 3184 4251 3363 jouir de la converſation. Il me prit enfir
1178 3349 4251 3533 un ſommeil doux qui dura près d'une heu-
1328 3522 4252 3702 re. En me réveillant, je jettai les yeux ſur
1325 3687 4251 3868 cette charmante fille; je la vis aſſiſe vis-à
1313 3856 4251 4037 vis de moi, en attendant mon réveil. Elle
1325 4027 4251 4202 me prit alors la main, & me demanda ſ
1321 4190 4252 4375 j'étois en état de me lever; & lui ayant
1321 4359 4251 4533 répondu que je croyois pouvoir maintenan
1325 4528 4251 4706 aller trouver la compagnie, elle me quitta
1325 4690 4252 4871 Peu de tems après je deſcendis dans la
1325 4863 4010 5038 ſalle, où je trouvai ma chere Louiſe,
983 5028 4251 5375 momnent amialesm ſerantdant ſes baa
1292 5366 4251 5538 me jura qu'il ne manquoit plus rien à ſa
1310 5528 4251 5697 félicité. Mais, Madame, dit-il, en ſe tour-
1325 5704 4251 5877 nant vers Serene, comment avez-vous pu
1328 5866 4251 6043 être aſſez cruelle pour me cacher ce ſecret!
1325 6031 4252 6207 Pourquoi ne m'avez-vous pas mis de moi-
1103 6200 4251 6557 le dele baene, os oeouoiiions i og vve
