4266 7851
982 676 3633 881 Lavieeetlesaventures
1015 873 3890 1045 car ils ſeront ſi déſeſperés, que s'ils vien-
1012 1034 3879 1210 nent à nous ſuivre, il faudra néceſſaire-
1012 1201 3886 1373 ment nous en défaire. Quand nous eûmes
1012 1369 3890 1544 fait quelques milles, l'Ecuyer ſe ſouvenant
1015 1537 3890 1705 qu'il avoit oublié quelque choſe, retourna
1019 1700 3893 1876 ſur ſes pas avec deux domeſtiques; car, à
1023 1868 3897 2042 ce que j'ai apris depuis, il ne voulut point
1019 2035 3901 2208 aller ſeul, de crainte de vous rencontrer;
1034 2199 4263 2368 & j'ai ſouvent entendu Sir Walter lui re-
1030 2359 4268 2527 procher ſa lâcheté dans cette occaſion: ainſi
1015 2527 3913 2664 nous continuâmes notre route ſous l'eſcorte
915 2694 4267 2871 de mon pere. Je me flattai que quand nous
1034 2862 4268 3033 ſerions artivés à la couchée, je pourrois
706 3026 3908 3202 l'adoucit en l'abſence de ce malheureux qui
1038 3197 4271 3369 avoit empoiſonné toutes mes eſpérances.
1034 3357 4271 3534 Nous arrivâmes fort tard dans une Ville où,
1041 3525 4272 3701 après avoir ſoupé, mon pere m'ordonna
1041 3692 4272 3867 de lui tenir compagnie, & de n'aller cou-
1045 3853 4272 4028 cher que quand il iroit lui-même. Je lui
1045 4012 4273 4194 répondis du ton le plus affectueux, que je
1049 4184 4273 4352 me plaiſois beaucoup plus avec lui qu'avec
1052 4324 4273 4524 tout autre, & que ma conduite avoit dû
1060 4515 4274 4691 lui perſuader que je n'étois jamais plus ſa-
1064 4675 4274 4850 tisfaite que quand il me faiſoit l'honneur
1067 4841 4274 5021 de me garder près de lui. Me parlez-vous
1041 5006 4275 5208 vrai, Louiſe? me dit-il: eh bien, ſi cela
1071 5174 4275 5374 eſt, verſez-moi à boire; j'oublierai tout,
1079 5342 3949 5510 ſi vous oubliez vous-même votre petit Mer-
1082 5505 4276 5683 cier, & ſi vous voulez vous rendre à mes
1079 5665 4276 5845 volontés. Je courus à lui, & l'embraſſant, je
1079 5837 4277 6010 lui dis les larmes aux yeux, je vous avoue que
1023 5997 4277 6178 j'ai trouvé dans M. Thompſon beaucoup de
1105 6161 4277 6343 bonnes qualités; je n'ai pu m'empêcher d'en
1030 6323 4278 6542 être touchée; mais, mon cher pere, quelle
