4266 7674
641 731 3184 910 De Josepn Thompson.
24 865 2978 1074 ſiez un jour vous ſervir de ce raiſonnement
31 1063 2967 1232 contre votre pere? J'ai beaucoup d'égards
35 1225 2975 1396 pour le vieux Thompſon & ſa femme, &
78 1388 2989 1556 j'avoue même que j'ai aimé le fils, juſqu'au
75 1546 3274 1716 moment que j'ai découvert ſes deſſeins ſſur
67 1712 2982 1880 ma fille. Dès votre plus tendre jeuneſſe,
57 1867 3000 2030 je vous ai deſtiné pour votre couſin, & il
194 2029 3137 2200 faut que cela ſoit. Penſez-vous donc qu'un
89 2195 3000 2363 revenu auſſi conſidérable ſoit jamais le par-
219 2350 3003 2520 tage du fils d'un Miniſtre, d'un Commer-
60 2513 3007 2683 çant de Londres? Non, non; s'il eût eu
85 2675 3011 2842 des vues ſur votre femme de chambre, j'au-
230 2834 3007 3008 rois pu y conſentir, & j'aurois peut - être
212 2993 3011 3168 fait quelque choſe de mieux. Il eſt vrai que
125 3155 3018 3326 ſi mon neveu étoit auſſi avancé que lui, il
237 3317 3021 3489 n'en vaudroit que mieux. Thompſon d'ail-
96 3476 3021 3652 leurs eſt hérétique, ainſi que toute ſa fa-
244 3642 3025 3793 mille, quoique je ne l'en eſtime pas moins
248 3797 3032 3961 pour cela. Je ne condamne perſonne, &
255 3955 3036 4127 ce qui me plairoit en lui, c'eſt que le drôle
244 4118 3036 4285 boit auſſi ſec qu'un autre. Je l'interrompis
151 4276 3047 4449 ici, & lui dis: s'il ne jouit pas mainte-
248 4439 3047 4598 nant d'une grande fortune, il pourroit par
273 4601 3050 4768 votre moyen l'augmenter en peu de têms.
259 4760 3043 4930 Un homme qui poſſéde autant de talens
255 4918 3047 5089 que vous lui en connoiſſez, ne ſeroit-il pas
273 5088 3050 5251 pour vous un meilleur gendre qu'un autre,
143 5239 3058 5410 qui n'a ni aſſez de jugement, ni aſſez de
154 5405 3058 5575 conduite pour conſerver les biens qu'il a?
143 5568 3061 5731 aiſez-vous, me repliqua-t-il, ma réſolu-
139 5723 3058 5891 tion eſt priſe; vous épouſerez votre couſin,
143 5888 3068 6055 ou vous n'en aurez point d'autre. Je ne
302 6051 3072 6232 voulus pas lui en dire davantage, voyant
302 6210 3075 6379 qu'il battoit ainſi la campagne. Il s'endormit
