4266 7767
1216 707 3635 891 LLViEEElesavetures
1231 863 4123 1053 bientôt, & ſe mit à ronfler avec tant de
1234 1044 4053 1221 force, qu'un chien qui étoit alors ſous la
1154 1209 4053 1382 table, lui ſauta tout d'un coup aux jambes
1234 1372 4053 1543 & le mordit. La douleur le réveilla, & re-
1227 1531 4079 1875 armeseli demadu p ouioi ie e le-
1234 1865 4057 2039 rois, & ce que j'avois. Monſieur, lui ré-
1223 2026 4053 2201 pondis-je, je ne ſuis point accoutumée à
1222 2191 4060 2367 être debout à pareille heure, & j'appréhen-
1227 2356 4053 2525 de qu'après une ſi longue fatigue, la ſanté
1223 2513 4057 2675 de mon cher pere n'en ſouffre ou la mien-
1227 2678 4049 2849 ne. Va, tu es une bonne fille, me dit-il,
1234 2843 4050 3014 & je te demande excuſe. Puis ſonnant
1220 3001 4050 3176 l'hôteſſe, il la fit monter, lui ordonna de
1223 3170 4046 3345 me conduire à ma chambre, & s'alla
1223 3335 4046 3505 coucher lui-même. J'eſpérois que notre
1227 3496 4053 3669 converſation auroit un peu changé ſes réſo-
1223 3661 4042 3833 lutions; car je lui avois dit beaucoup d'au-
1223 3826 4050 3993 tres choſes, dont je ne puis me reſſouve-
1220 3990 4046 4161 nir maintenant. En effet, il me traita le
1223 4148 4105 4321 lendemain au déjeûner avec tant d'affec-
1220 4317 4042 4485 tion, que je crus que mes conjectures
1091 4475 4046 4641 avoient été juſtes. A peine fûmes-nous
1220 4635 4050 4810 aſſis, que mon couſin arriva, & me lança
1223 4801 4049 4973 un coup d'œil malin, dans lequelon voyoit
1219 4967 4050 5136 briller la joie, non cette joie pure qui paroît
1219 5123 4042 5302 ſur le viſage d'un honnête homme après
1220 5292 4046 5460 quelques événemens heureux; mais cette
1216 5453 4053 5626 eſpece de ſatisfaction que les méchans
1212 5614 4039 5789 éprouvent quand ils ont réuſſi dans quelques
1209 5776 4046 5952 mauvais deſſeins, & qu'il eſt aiſé de diſtin-
1208 5941 4038 6116 guer d'avec l'autre à leur maintien ſeul. Il
1212 6102 4053 6272 prit mon pere à l'écart; & je ſupoſe qu'alors
1205 6267 4156 6432 il lui raconta la rencontre qu'il avoit faite
3885 6432 4051 6583 de
32 7609 1681 7725 .
