4266 7841
575 609 3023 814 BE Josepu ThoMpson.
10 785 3094 988 vous, & que vous nous avez détaillée d'une
33 977 3042 1152 maniere ſi touchante; car mon pere revint,
14 1137 3042 1316 le viſage allumé de fureur; & ſans me dire
103 1305 3042 1480 un ſeul mot, il fit mettre les chevaux au
137 1472 3217 1649 caroſſe; nous continuâmes notre route, &
133 1639 3046 1818 arrivâmes trois jours après chez ma tante,
17 1799 3046 1980 à la Grange dans le pays de Sommerſet. Ma
107 1967 3150 2145 tante qui a là une très-belle Terre, étoit
47 2134 3053 2307 venue ſouvent chez nous pendant que ma
84 2300 3050 2473 mere vivoit; & ſon aimable fille, ma chere
21 2454 3064 2648 Serene, a été élevée en partie avec moi.
96 2629 3064 2803 La ſuite de mon hiſtoire vous aprendra,
122 2792 3079 2968 ſans que j'aie beſoin de le dire ici, quelle
29 2956 3068 3137 eſt la nobleſſe & la généroſité de leur ame.
36 3122 3127 3299 Mon pere ne doutoit pas que ma tante n'en-
62 3295 3087 3471 trât auſſi-tôt dans ſes vues: en effet, elle
96 3443 3034 3634 fut d'abord très-prévenue contre moi, lorſ-
32 3629 3090 3802 qu'on lui aprit mon hiſtoire, & on convînt
99 3793 3087 3969 que je reſterois toujours enfermée dans ma
29 3961 3087 4134 chambre juſqu'à ce que je fuſſe rendue à
29 4128 3098 4302 leurs avis: mais cette bonne tante fut bien
44 4288 3105 4469 ſurpriſe, lorſqu'étant venue pour me faite
44 4455 3113 4634 des remontrances ſur ce qu'elle apelloit
66 4619 3116 4802 mes folies, elle aprit de ma bouche tou-
170 4783 3120 4967 te la vérité de l'affaire, & que je lui fis
51 4935 3120 5130 connoître que M. Thompſon, loin d'être-
51 5110 3120 5301 un vagabond, un débauché, & un mau-
66 5281 3127 5467 vais ſujet, tel qu'on le lui avoit dépeint,
103 5450 3120 5630 étoit au contraire un- homme digne à
47 5608 3124 5793 tous égards de captiver le goût d'une fem-
129 5776 3131 5959 me vertueuſe & ſenſée. Elle pourra vous
185 5936 3135 6137 dire ſans doute une autrefois avec quelle
192 6103 3131 6305 tendreſſe & quelle affection je lui parlai de
62 6278 3079 6479 vous. Il ne me conviendroit point à preſent
159 6438 1312 6639 . Partie.
2287 6461 2540 6648 H
166 7569 1041 7750 -
