4266 7808
509 753 3142 952 DE Josroh ThoMpson.
10 938 3127 1119 crivis cette lettre que pour remettre le
10 1108 3138 1280 calme dans votre ame. Je ſouffrois cepen-
10 1277 3123 1445 dant toutes les bruſqueries de mon pere,
10 1420 3164 1610 les aſſiduités laſſantes de l'Ecuyer, & la
10 1603 3179 1941 avooe euee moo amou ourt vou iuir
287 1936 3160 2106 auſſi violent qu'il étoit pur. Je pleurois vo-
65 2099 3153 2275 tre abſence, & la diſtance qui nous ſépa-
269 2262 3227 2432 roit: ſi je ſongeois aux divers accidens qui
265 2430 3157 2600 pouvoient traverſer notre amour, c'étoit
28 2591 3197 2757 avec tant de chagrin, de ſoupirs & de lar -
29 2757 3175 2929 mes, que ma tante, ma couſine, & mon
62 2926 3175 3094 pere lui-même, apréhendoient que je n'en
54 3086 3153 3265 tombaſſe malade, & défendirent pendant
272 3256 3179 3430 quelque tems à mon perſécuteur de paroî-
58 3419 3164 3593 tre devant moi. Ces deux Dames prirent
117 3585 3179 3757 tant d'eſtime & d'amitié pour moi, que ma
298 3748 3168 3921 vie même ne ſera jamais aſſez longue pour
76 3911 3175 4086 les reconnoître dignement; elles réſolurent
62 4073 3183 4249 de me ſervir ſuivant mon goût, & de me
47 4240 3164 4416 délivrer, s'il étoit poſſible, des perſécu-
73 4406 3186 4581 tions que je ſouffrois. En effet, elles dirent
80 4572 3197 4739 à mon pere tout ce qu'elles purent pour
51 4724 3515 4910 l'adoucir; mais elles le trouverent ferme
335 4894 3216 5079 & entier dans-ſes ſentimens, & n'en pu-
69 5064 3223 5240 rent rien obtenir, à moins que je ne re-
69 5223 3227 5412 nonçaſſe à vous pour toujours, & que je
84 5389 3234 5570 n'épouſaſſe ſon neveu. Je lui avois promis,
80 5556 3241 5737 dit-il, de ne point forcer ſon inclination,
80 5730 3230 5903 pourvu qu'elle ne penſât plus au jeune
58 5888 3227 6073 Thompſon: elle a renoncé elle même à
58 6051 3234 6240 cette bonne volonté, & je ſuis maintenant
58 6223 3245 6410 autoriſé à faire tout ce que je fais, pour la
62 6388 3256 6593 rendre heureuſe malgré elle; elle ne ſera-
2366 6577 2681 6711 a
