4266 7902
611 762 3383 984 DE Joson.
-2 944 3135 1144 interdire ſes viſites; & ma tante en parut
-2 1126 3451 1312 fort ſatisfaite. L'Ecuyer aprit bientôt qu'il
3973 1158 4279 1349 -
-3 1298 3451 1478 avoit un rival puiſſant. Il ſe plaignit à
-3 1464 3132 1641 mon pere de ce qu'il ſembloit y donner les
-3 1634 3139 1812 mains; mais mon pere lui répondit: par-
-4 1776 3139 1975 bleu, ſi tu n'as pas aſſez de courage pour
-4 1966 3184 2146 défendre tes droits contre tous venans,
-4 2125 3132 2313 tu n'es pas digne d'elle. Il prit la choſe
-5 2298 3154 2477 au pied de la lettre, & vint chez ma
-5 2463 3120 2645 tante, où il trouva le Colonel jouant au
-6 2634 3192 2815 piquet avec moi, tandis que ma couſine
-6 2801 3177 2979 regardoit dans le jardin. Il entra ſans ſaluer;
-6 2948 3203 3144 & ſans dire un ſeul mot, il vint s'aſſeoir
-7 3135 3191 3319 auprès de nous. Le Colonel nous dit en
-7 3304 3139 3480 riant: Meſdames, j'ai tant de vénération
-7 3470 3199 3653 pour votre ſexe, que je ſuis d'avis que
-8 3631 3192 3815 quand un homme à l'impoliteſſe d'entrer
-8 3806 3274 3979 par tout où vous êtes ſans ôter ſon cha-
-8 3965 3184 4150 peau, il faudroit le lui clouer ſur la tête,
-9 4130 3424 4311 comme fit un jour le Czar à un certain
-9 4285 3124 4483 Ambaſſadeur. Pardieu, répondit l'Ecuyer,
-9 4468 3132 4652 ce ne ſera pas vous qui l'y clouerez. Non
-10 4633 3293 4820 pas en préſence de ces Dames, répondit-
-10 4799 3124 4988 il; mais ſi vous faites l'inſolent, je vous
-11 4968 3383 5148 emmenerai, & je vous corrigerai pour
-11 5133 3165 5318 cela. La lâcheté naturelle de l'Ecuyer lui
-11 5297 3128 5483 fit garder le ſilence pendant quelques mi-
-12 5467 3188 5649 nutes; enfin il le rompit en diſant: Mon-
-12 5632 3331 5817 ſieur, quelles ſont vos prétentions auprès
-12 5798 3117 5975 de cette Dame? Je n'en ai point d'autres
-13 5971 3169 6154 pour le préſent répondit le Colonel, que
-13 6129 3237 6322 de la défendre contre vos brutalités; ainſi,
-14 6284 3169 6491 Monſieur, ſans venir ici épier nos actions,
-14 6471 3180 6696 e vous prie de ſortir tout-à-l'heure, on
