4266 7902
1156 769 3650 948 o LAviE Er LsavvEtures
1107 934 4179 1124 je ſerai contraint de vous traiter comme
1193 1111 4172 1290 vous le méritez. Le Colonel, toujours en
1201 1269 4168 1452 riant, ſe leva lui donna trois ou quatre
1197 1441 4120 1615 coups de baguette ſur l'épaule, & le pre-
1235 1614 4175 1794 nant au collet, le fit ſortir de l'apartement.
1190 1772 4145 1960 Ce grand benêt avec ſa longue épée ſor-
1197 1941 4183 2124 tit tranquillement de la maiſon, & cette
1197 2117 4194 2460 onee e oens ne eania eenoee
1219 2440 4130 2622 viſite à mon pere chez Sir Villiam, ſe
1186 2617 4202 2960 li dle qu il'le traietont aann ooueels
1231 2940 4142 3120 fois qu'il lui verroit faire quelques im-
1197 3115 4194 3296 pertinences devant lui. Mon pere ſe fâcha
1231 3278 4180 3462 d'abord contre le Colonel; mais il ne tar-
1197 3447 4209 3629 da pas à s'adoucir, & il s'écria: ma foi,
1186 3612 4206 3794 Colonel, vous avez raiſon; je voudrois
1235 3789 4206 3964 que vous puiſſiez lui donner aſſez de
1235 3954 4213 4126 cœur, & émouvoir aſſez ſa bile, pour
1201 4115 4194 4299 l'engager à ſe battre contre vous. Il eſt
1201 4284 4198 4466 aſſez bon garçon d'ailleurs, mais tout le
1208 4453 4202 4627 monde n'a pas la valeur en partage. Ma
1186 4624 4206 4800 tante & ma couſine ſe joignirent à ſon on-
1238 4788 4157 4965 cle, & le raillerent ſi amérement de ſa lâ-
1242 4957 4213 5122 cheté, qu'il ſe crut obligé, pour ſauver ſon
1190 5122 4213 5297 honneur, de le tuer: en effet, il ſe mit
1242 5291 4217 5435 en embuſcade dans un chemin, & lui tira
1238 5460 4187 5637 un coup de piſtolet dont la balle perça ſon
1242 5625 4217 5803 chapeau. Le Colonel ſe retournant, mit
1242 5790 4168 5964 l'épée à la main, & pourſuivit ſon enne-
1242 5963 4187 6131 mi: il l'eut bientôt atteint, & fut tout
1130 6121 4191 6299 étonné de trouver que c'étoit le vaillant
1197 6294 4184 6471 Ecuyer Rich. Dans le premier mouvement
1246 6459 4243 6662 de ſa colere, il fut ſur le point de lui paſſer
736 7730 1431 7815 -
