4266 7902
570 799 3244 1013 DE Joseph Thompso.
-15 939 3229 1178 ſon épée au travers du corps; mais vu l'in-
-14 1167 3259 1342 dignité du ſujet, il aima mieux l'en tenir
-14 1332 3237 1512 quitte pour la honte: ainſi lui ayant lié les
-13 1497 3476 1679 deux mains par derriere, il le fit marcher
-13 1630 3518 1845 devant lui juſques chez ma tante, où il
-13 1819 3436 2018 l'introduiſit, & nous raconta la maniere
-12 1997 3252 2184 dont il avoit voulu l'aſſaſſiner. Jamais hom-
-12 2166 3259 2351 me ne parut ſi conſterné; & quand on eut
-12 2342 3394 2510 envoyé chercher mon pere, il penſa mou-
-11 2503 3267 2682 rir de honte des reproches qu'on lui fit.
-11 2652 3214 2847 Le Colonel le lui remit entre les mains, &
-10 2824 3252 3013 lui dit: Monſieur, par conſidération pour
-10 3004 3263 3186 vous & pour votre famille, je n'expoſerai
-10 3170 3267 3366 point ce malheureux à un châtiment public;
-9 3342 3270 3515 mais je vous prie de penſer mûrement ſi un
-9 3494 3278 3684 homme de cette trempe eſt digne d'être le
-9 3676 3274 3851 mari de votre charmante fille. Ma tante
-8 3841 3278 4189 le q le e oi oe lu-
-8 4162 3214 4354 homme le remena avec lui, & le mal-
-7 4348 3278 4522 traita fort, quand ils furent ſortis. Croiriez-
-7 4517 3252 4689 vous que ce malheureux eut l'impertinence
-6 4682 3259 4862 de dire à mon pere, & même de lui faire
-6 4855 3248 5027 croire, qu'étant allé à la promenade, il
-6 5017 3203 5194 avoit tiré pour s'amuſer un coup de piſto-
-5 5170 3255 5362 let, ſans ſçavoir que le Colonel, ni qui
-5 5354 3274 5530 que ce ſoit, paſſât par là? Il lui promit,
-5 5516 3222 5711 pour rétablir ſa réputation, d'aller deman-
-4 5685 3282 5867 der raiſon au Colonel, & ſe venger de
-4 5841 3271 6034 l'oprobre dont il l'avoit couvert. Il proteſta
-3 6023 3297 6202 en même tems, que s'il n'avoit rien ré-
-3 6192 3206 6388 pondu aux accuſations qu'on lui avoit in-
-3 6361 3252 6541 tentées, c'étoit par conſidération pour lui
-2 6506 3237 6740 & pour moi, & parce que les circonſtances
