4266 7808
583 753 3086 936 DE Joseri Thompson.
10 613 3315 1123 étoit échapée, il étoit réſolu de tirer ſaus-
10 1093 3079 1266 faction d'une autre, qui ne l'avoit pas moins
10 1252 3086 1433 maltraité, en oſant lui diſputer mon cœur.
10 1407 3083 1601 Il y avoit près de huit jours qu'il étoit parti,
10 1585 3086 1760 lorſque mon pere vint d'un air mêlé de joie
10 1746 3086 1927 & de triſteſſe, & montra une lettre à ma
10 1918 3086 2087 tante, en diſant: en vérité le ſort de ce
21 2080 3083 2262 pauvre garçon me fait peine; mais enfin
25 2247 3086 2414 mon neveu a fait voir qu'il étoit homme
28 2406 3083 2591 de courage, & le Colonel William n'a qu'à
180 2576 3090 2751 ſe bien tenir quand il reviendra. Voici ce
43 2746 1763 2894 que contenoit la lettre.
43 3056 3086 3243 „J'eſpere, Monſieur & très oncle, que
51 3235 3079 3398 „vous ne croirez pas maintenant tous les
51 3389 3086 3573 „ſots diſcours que l'on tient de moi tous
54 3563 3090 3735 „les jours: j'ai un bon compte à vous
184 3718 3086 3883 „rendre du jeune Thompſon; je ſuis allé
55 3870 3086 4046 „le trouver, je l'ai ſacrifié à mon reſſenti-
54 4040 3083 4218 „ment, & je lui ai fait mordte la pouſ-
43 4203 3079 4379 „ſiere. Je me ſuis ſauvé ici pour éviter les
43 4368 3079 4543 „pourſuites; & maintenant qu'il ne vit
184 4535 3075 4707 „plus, je penſe que je n'aurai plus de tra-
47 4695 3071 4873 „verſes à eſſuyer, & que je poſſéderai ſans
58 4861 3075 5040 „obſtacles ma couſine Louiſe. Le pauvre
69 5027 3068 5197 garçon étoit ſur le point de partir pour
54 5186 2491 5353 „Londres. Je ſuis juſqu'à la mort,
1349 5516 2929 5683 Votre obéiſſant neveu,
1516 5701 2799 5868 HumPrr Rici.
58 6029 2798 6199 De Boſton dans la Province de Lincoln.
58 6207 3075 6547 Ma tante lut cette lettre avec la plus
66 6517 1101 6654 IV Partie.
2437 6540 2636 6663 I
