4266 7851
1213 745 3882 956 La viE Etles AVetures
1224 923 4279 1126 grande ſurpriſe; & quoiqu'elle ne crut pas
1224 1115 4278 1292 qu'il vous avoit tué en duel, elle ne douta
1219 1277 4278 1620 laee aaraſna lle prii mon pere en par
1227 1609 4277 1791 ticulier, & le pria de ne point m'aprendre
1224 1771 4277 1949 bruſquement cette mauvaiſe nouvelle, mais
1224 1938 4276 2145 de lui laiſſer le ſoin de m'en informer quand
1228 2106 4276 2288 elle en trouveroit l'occaſion favorable, &
1228 2270 4276 2450 de lui remettre la lettre pour cela: en
1228 2434 4275 2612 effet, le lendemain, elle me prit dans ſa
1227 2601 4275 2777 chambre, apella ſa fille, & après avoir
1224 2769 4275 2940 fermé la porte, elle me déclara l'affaire en
1227 2936 4274 3112 ces termes: Ma chere niece, je ſçais ce que
1224 3093 4274 3271 c'eſt que les malheurs; j'ai vécu aſſez long-
1220 3260 4273 3435 tems pour aprendre que rien n'eſt perma-
1224 3428 4273 3620 nent ici bas, & que tous les plaiſirs que
1220 3595 4273 3778 nous nous formons dans l'imagination,
1220 3756 4272 3924 ſont autant de moyens pour nous convain-
1220 3916 4272 4088 cre de notre miſere; les agrémens que nous
1224 4083 4272 4255 goûtons dans le monde, ne peuvent point
1228 4243 4271 4421 entrer en comparaiſon avec les peines qu'il
1224 4411 4271 4587 nous faut eſſuyer tous les jours; à chaque
1220 4571 4271 4751 inſtant nous courons après des bagatelles
1224 4738 4270 4920 & des riens, & nous négligeons les ſoins
1220 4906 4270 5097 bien plus importans de ce qui doit arriver
1224 5073 4269 5252 un jour. Vous-même, ma chere niece,
1216 5234 4269 5417 quoiqu'extrêmement jeune, vous avez déjà
1220 5397 4269 5565 mené une vie pleine de troubles; quoique
1220 5560 4268 5739 vous fuſſiez encore preſque enfant, quand
1220 5732 4268 5899 vous avez perdu votre mere, je ſçais que
1216 5892 4268 6075 ſa mort vous a ſenſiblement affligée; mais
1216 6056 4267 6235 peut-être avez-vous à ſurmonter un mal-
1220 6224 4267 6397 heur auſſi ſenſible, un accident fatal qui
1209 6395 4267 6593 ſans doute altéreroit pour toujours votre
