4266 7851
1298 743 3730 918 O LAviEELLEA AVEURRs
1291 907 4180 1081 cette ſituation, ſans reprendre mes ſens:
1291 1075 4180 1255 enfin en ſortant de cet état de mort, la
1291 1247 4173 1410 premiere idée qui ſe preſenta à mon ima-
1302 1406 4184 1586 gination, fut mon cher Thompſon pâle &
1291 1577 4173 1754 défait, tout couvert du ſang qui couloit de
1298 1741 4187 1918 ſes bleſſures. Oh! m'écriai-je, laiſſe-moi
1306 1916 4184 2086 mourir avec toi, je n'ai plus beſoin de la
1306 2080 4184 2254 vie. Permets-moi de te prendre dans mes
1298 2244 4188 2418 bras, & d'arrêter ces ruiſſeaux de ſang qui
1302 2412 4188 2584 défigurent ton viſage. A ces mots je re-
1302 2579 4180 2754 tombai en foibleſſe; on apella du ſecours,
1302 2743 4173 2918 & on me porta au lit. Je reſtai quelques
1302 2911 4184 3079 jours dans un délire dont on crut que je
1302 3078 4188 3248 ne ſortirois jamais. Ma tante & ma couſi-
1306 3246 4180 3419 ne étoient inconſolables; & mon pere mal-
1302 3406 4184 3749 es dee t amaees e vuuene ooit lelai
1309 3741 4184 3914 ſer aprocher de moi: elles le traiterent de
1309 3904 4191 4081 cruel, de barbare, & lui reprocherent qu'a-
1302 4068 4188 4245 près avoir aſſaſſiné l'un, il alloit ſans dou-
1309 4232 4188 4408 te envoyer ſon emiſſaire pour tuer l'autre.
1309 4403 4188 4572 Son neveu étoit arrivé, & affectoit un
1309 4567 4221 4743 grand air de triſteſſe; mais ma tante lui
1056 4731 4191 4907 fit dire, que s'il oſoit aprocher de ſa mai-
1306 4898 4188 5059 ſon, elle le feroit arrêter par ſes gens com-
1306 5066 4214 5244 me un aſſaſſin. On me trouva beaucoup
1313 5230 4191 5408 mieux au bout de trois ſemaines; mais ma
1317 5397 4225 5566 ſanté ne ſe rétablit que lentement, & il me
1313 5557 4221 5730 reſtoit dans le cœur un fond de triſteſſe
1313 5729 4184 5921 inſurmontable. Mes couleurs ſe perdirent;
1313 5889 4184 6085 je devins auſſi pâle qu'un ſpectre, & ſi
1317 6061 4214 6254 maigre qu'on avoit de la peine à me recon-
1317 6228 4202 6422 noître. J'eus cependant aſſez de force pour
1320 6391 4225 6570 demander à ma tante des particularités du
