4266 7828
590 694 2957 861 DE Joson.or
10 882 2964 1054 malheureux ſort de mon cher Thompſon.
10 1036 2956 1223 Ma réſolution étoit de me donner la mort
10 1208 2945 1390 à la premiere occaſion. Quelque ſageſſe,
10 1383 2960 1551 quelque bon ſens que l'on ait, il y a des
18 1546 2956 1721 malheurs ſi accablans, qu'il n'eſt pas poſ-
10 1713 2952 1876 ſible d'y réſiſter. Le cerveau s'affoiblit,
10 1880 2964 2052 toutes les puiſſances du corps ſe dérangent;
10 2047 2967 2219 l'on prend les réſolutions les plus cruelles;
10 2214 2964 2388 peut être même n'y a-t-il que les perſon-
10 2377 2964 2552 nes inſtruites qui puiſſent être frapées ſi for-
66 2544 2964 2719 tement; & il eſt bien vrai de dire qu'un
47 2707 2960 2881 ſot n'a pas aſſez de bon ſens pour prendre
70 2874 2971 3043 du chagrin. Je convins avec elle qu'il fal-
73 3038 2964 3214 loit que vous euſſiez été aſſaſſiné lâchement;
103 3201 2971 3377 cependant je ne pouvois comprendre que
25 3368 2967 3539 vous euſſiez fait un ſi long ſéjour dans le
47 3521 2971 3705 pays d'York. Je formai pendant long- tems
51 3702 2967 3861 le deſſein de livrer votre meurtrier à la
47 3840 2967 4030 Juſtice; mais l'idée que peut-être mon pe-
55 4020 2964 4197 re étoit compliqué dans le crime, m'em-
36 4184 2967 4362 pêcha de ſuivre ce projet; ſans quoi ma
44 4347 2967 4522 tante étoit d'humeur de ſe joindre à moi,
62 4518 2964 4692 guoique l'Ecuyer ſoit ſon parent de fort
44 4681 3216 4858 près. Si-tôt que je fus levée, mon pere en-
66 4844 2967 5015 tra bruſquement; il amenoit avec lui ſon
80 5008 2956 5183 neveu me rendre viſite. Je voulus me re-
54 5175 2952 5349 tirer; mais il m'arrêta, & me dit que je
81 5338 2949 5516 ne devois point le blâmer de ce qu'il avoit
55 5505 2938 5672 fait, & qu'un Gentihomme étoit obligé
65 5664 2956 5845 de défendre ſon honneur & ſa Maîtreſſe.
81 5828 2938 6011 Je gardai un ſilence opiniâtre pendant tout
47 5994 2960 6203 le tems qu'il reſta, & j'étois ſi animée con-
47 6166 2941 6348 tre lui, que j'aurois, letois percé ſon in-
47 6329 2945 6551 digne cœur, ſi j'euſſe euelques armes
