4266 7776
973 730 3615 908 O LLvieEtlesaventures
1237 888 4082 1063 ſous la main. Mon pere me dit d'un ai
1241 1061 4093 1238 menaçant: Louiſe, nous allons mon ne-
1234 1222 4093 1388 veu & moi au pays d'York; nous y diſ-
1245 1384 4108 1719 eene ee oome ueue oosſ ivr une ou
1252 1708 4123 1889 dres, & que vous ne penſerez plus davan-
1252 1881 4119 2055 tage à un homme qui étoit au-deſſous de
1256 2042 4123 2214 vous, & qui n'a eu que ce qu'il méritoit.
1259 2196 4126 2380 Je ne lui répondis que par un torrent de
1256 2369 4130 2545 larmes, & ils partirent. Ma tante & ma
1267 2531 4130 2708 couſine choquées de cette inhumanité, ne
1252 2700 4133 2871 voulurent point lui parler; & quand ils fu-
1248 2865 4130 3033 rent partis, je déclarai réſolument à ces
1256 3016 4137 3194 Dames que je ne voulois plus retourner à
1248 3181 4133 3362 York, ni voir un pere cruel, quelque cho-
1252 3347 4133 3509 ſe qui put m'en arriver. Ce diſcours de ma
1259 3516 4137 3684 part les effraya. Le lendemain ma tante me
1260 3677 4144 3858 propoſa l'expédient ſuivant, comptant que
1259 3832 4148 4012 je ne perſiſterois pas long tems dans la mê-
1267 4001 4148 4168 me réſolution: elle eſpéroit qu'en flattant
1267 4159 4141 4331 ainſi mes diſpoſitions, elle m'empêcheroit
1271 4324 4152 4494 d'attenter ſur moi-même, comme elle
1278 4482 4163 4658 croyoit que j'avois deſſein de faire; en mê-
1281 4651 4152 4821 me-tems elle eſpéra que cela rameneroit
1285 4813 4222 4983 mon pere à des ſentimens plus doux. Ma
1285 4975 4170 5143 chere Louiſe, me dit-elle, j'ai été élevée
1289 5140 4159 5308 en France, & j'y ai fait un nombre d'a-
1292 5302 4168 5471 mis. Il y a long-tems que je deſire de re-
1296 5467 4174 5637 voir ce Royaume; nous irons y paſſer tou-
1296 5629 4170 5800 tes trois quelques années, & nous quitte-
1311 5791 4170 5958 rons ce pays fatal; mais comme je ne puis
1304 5952 4159 6111 vous affranchir de l'autorité de votre pere,
1315 6118 4170 6287 vous feindrez de tomber malade, & de
1292 6279 4181 6460 mourir de cette maladie; nous vous ferons
