4266 7902
600 637 3154 846 DE Joseh Thopsso..o
10 759 3113 1005 des funérailles ſomptueuſes, & on vous
10 1001 3109 1176 portera à Taunton dans le tombeau de la
10 1160 3101 1340 famille: cependant vous irez juſqu'au mo-
10 1335 3109 1511 ment de notre embarquement demeurer à
10 1482 3101 1672 Exeter chez un de mes Fermiers, qui ne
10 1670 3432 1844 trahira point notre ſecret; & quand on ſe
10 1836 3098 2011 ſera acquitté ici de toutes les cérémonies
36 2001 3113 2178 funèbres, j'écrirai à votre pere une lettre
209 2174 3109 2344 qui vraiſemblablement dérangera entiére-
29 2339 3101 2512 ment les idées qu'il a ſur vous. Mon bien
25 2497 3105 2676 ſuffit pour remplir tous nos beſoins: vous
10 2669 3442 2845 y aurez, ma fille & vous, autant de droit
33 2835 3582 3009 que moi-même. J'acceptai cette propoſition
10 3000 3458 3174 avec tranſport; elle flattoit trop l'état dé-
22 3169 3334 3351 ſeſpéré de mon cœur pour m'y refuſer; je
55 3334 3131 3509 haiſſois le pays d'York; je haiſſois l'Angle-
10 3499 3124 3674 terre, & même je déteſtois la dureté de
10 3665 3304 3833 mon pere, ſans pouvoir m'en défendre.
21 3826 3158 3997 Ce que ma tante me propoſoit fimplement
10 3988 3120 4164 comme un moyen de guérir les deſordres
10 4153 3443 4333 de ma tête, je l'acceptai comme un vœu
10 4314 3124 4501 ferme & irrévocable de ne jamais revoir
10 4487 3124 4666 mon pere ni ma Patrie. Peut-être avois-
10 4652 3113 4832 je alors dans le cœur quelques idées qui
10 4818 3394 5000 me portoient à la vengeance. Oui, j'avoue
10 4987 3387 5163 que c'étoient-là mes diſpoſitions. Mais com-
10 5148 3439 5330 me j'avois beaucoup d'affection pour Mon-
10 5313 3120 5498 fieur & Madame Thompſon, j'aurois ſou-
10 5465 3372 5664 haité que votre mere ſur-tout eût ſçu la vé-
10 5650 3116 5823 rité. A la fin je me déterminai à la lui laiſſer
10 5813 3117 5987 ignorer, de peur que par excès de tendreſſe
10 5982 3113 6166 pour moi, elle ne déclarât le tout à mon
10 6140 3117 6341 pere. Je priai donc ma tante de lui écrire à
10 6309 3116 6512 l'occaſion de ma mort, & j'y joignis mon
2100 6498 2490 6671 La
