4266 7902
1114 634 3740 820 rou Lvveeerlesaventures
1129 785 4310 1000 res, me convainquit qu'on nous en avoit
1130 981 4308 1167 impoſé à tous les deux. Je voulus ſçavoir
1054 1144 4307 1335 ſi vous étiez réellement auſſi fidele à votre
1130 1306 4306 1507 Louiſe qu'on me le diſoit; la réſolution que
1129 1483 4305 1675 vous aviez formée de ne point voir de fem-
825 1655 4304 1831 mes, ne me permettant pas de ſonder moi-
1126 1809 4303 1999 même votre caractere actuel, & je propo-
960 1980 4302 2163 ſai à ma tante & à ma couſine l'idée d'en-
1122 2149 4301 2345 trer à votre ſervice en qualité de Page.
1122 2308 4300 2495 J'employai pour cela les bons offices de M.
1118 2478 4299 2672 Sharpley, & je vous ai ſervi fidèlement
930 2647 4297 2824 ſous le nom d'Eſtampe. Mais M. Thomp-
1114 2812 4296 3000 ſon, ſi je vous aimois auparavant, comme
1103 2985 4295 3164 vous ne pouvez en douter, combien votre
1122 3145 4294 3333 chere Louiſe ne doit-elle pas maintenant
1118 3314 4293 3522 vous chérir; en vous revoyant ſi fidele
1126 3473 4292 3674 & ſi conſtant à vos premiers attachemens,
1122 3646 4291 3831 que ſouvent, lorſque je vous ſervois, je
1115 3804 4290 3994 fondois en larmes, en remerciant Dieu
1024 3969 4289 4161 d'avoir formé un modele ſi excellent de
1114 4138 4288 4322 ſes perfections. Puis ſe tournant vers les
1122 4303 4287 4492 deux Dames & vers M. Sharpley: j'ai fait
1118 4472 4285 4649 continua Louiſe, pour défendre mon cher
1129 4637 4285 4823 Thompſon, une choſe bien ſupérieure au
1114 4805 4283 4990 courage ordinaire de mon ſexe; j'ai tiré un
1114 4968 4282 5155 coup de piſtolet, & tué un homme. Mais
799 5136 4281 5308 n'en ſoyez pas étonnés; s'il fût mort, n'au-
776 5298 4280 5486 rois-je pas été contrainte de le ſuivre? Al-
1111 5464 4279 5650 lons, Monſieur Thompſon, hâtons-nous
1111 5629 4278 5842 de retourner en Angleterre; mon pere ne
803 5801 4277 6030 peut plus nous refuſer ſon conſentement;
1111 5960 4025 6139 il ſe repent; vous êtes riche, & nous ne
1118 6128 4274 6308 pouvons vivre l'un ſans l'autre; je tâche-
1107 6297 4274 6499 rai de vous récompenſer de votre conſtan-
