4266 7808
994 672 3430 865 oS La viEEtlesaventures
997 849 3903 1026 ſa mere enſuite: jamais on ne vit une cor-
1005 1019 3009 1190 pagnie de gens plus heureux.
1223 1644 3412 1803 CHAPITRE
1001 1988 3907 2159 Ils arrangent leurs affaires en France. Ma-
1167 2154 3918 2328 dame Rich diſpoſe de ſa maiſon & de ſes
1167 2321 3903 2487 biens. Ils vont paſſer quelque tems à Pa-
1164 2484 3929 2653 ris. Ils y trouvent une perſonne digne de
1023 2650 3889 2819 leur charité. Thompſon lui fait du bien,
1160 2815 3900 2983 quoiqu'il en eût été maltraité précédem-
1156 2975 3926 3146 ment. Ils prennent congé de leurs amis.
1016 3142 3903 3311 Obtiennent des paſſeports pour la Flan-
1060 3305 3907 3477 dre; arrivent à Willemſtadt; s'embar-
1023 3467 3892 3632 quent pour l'Angleterre, & vont débar-
1134 3630 2916 3815 quer au port de Haruich.
931 3948 3929 4292 t aess ce oae a noi aſonns dueſ-
997 4280 3914 4451 faires à Paris, & notre curioſité étant ſa-
783 4443 3914 4611 tisfaite, nous n'attendions plus pour partir
1001 4606 3907 4779 que le moment où Madame Rich auroit
994 4772 3911 4942 renvoyé ſes domeſtiques, à l'exception des
824 4938 3896 5110 Anglois qu'elle avoit amenés avec elle, &
1001 5101 3907 5435 bu r olu, & de meebb es qui eioieat
994 5426 3918 5586 ſuperbes. Elle s'en défit bientôt très-avan-
1005 5589 3904 5752 tageuſement; M. Van Straaten, Réſident
993 5752 3907 5925 de Hollande, s'accommoda du tout. Ma
993 5914 3907 6087 chere Louiſe avoit vécu ſi retirée depuis
997 6085 3900 6250 qu'elle étoit en France, qu'il y avoit quan-
664 6244 3914 6418 ité d'édifices, de Palais & de lieux publics
