4266 7902
522 694 3244 887 E Jon.ron
10 850 3237 1060 qu'elle n'avoit point vus; ainſi nous nous
9 1047 3237 1224 déterminâmes à demeurer à Paris une quin-
10 1216 3240 1396 zaine de jours de plus, & employâmes ce
10 1381 3237 1561 tems à procurer des amuſemens à nos Da-
25 1546 3241 1731 mes. Un jour que nous étions allez à l'Hô-
36 1719 3240 1891 tel-Dieu, un malade convaleſcent s'em-
10 1888 3240 2230 eeounes les eomnnoiſle de ece na man
10 2223 3240 2415 Je connus bientôt à ſon accent qu'il étoit
25 2391 3237 2574 Anglois; & l'ayant regardé avec plus d'at-
10 2560 3244 2738 tention, il me ſembla que ſes traits ne m'é-
10 2726 3256 2902 toient point inconnus. Je lui demandai de
36 2895 3462 3070 quel endroit d'Angleterre il étoit. Il me ré-
10 3056 3556 3252 pondit qu'il étoit né à Londres, & qu'il ſe
10 3222 3443 3408 nommoit Deacon. Je penſe, lui dis-je,
10 3391 3259 3576 avoir entendu parler d'un Marchand de ce
9 3556 3248 3751 nom. En effet, Monſieur, repliqua-t-il, j'a-
9 3725 3252 3890 vois un frere Marchand, & j'ai été mal-
9 3865 3244 4070 heureuſement ſon ſucceſſeur dans le com-
10 4052 3240 4236 merce. Je reconnus alors que c'étoit véri-
9 4220 3252 4404 tablement le frere du pauvre M. Deacon, ce-
9 4393 3248 4581 lui-là même qui avoit été cauſe de mon
10 4559 3248 4744 empriſonnement à la Flotte, bien des an-
9 4723 3248 4905 nées auparavant. Il me parut dans un état
9 4894 3238 5082 ſi miſérable, que je ne voulus pas le mor-
10 5062 3244 5243 tifier en me faiſant connoître; car il n'y
10 5227 3259 5413 a rien de ſi cruel à mon avis que d'inſulter
10 5392 3244 5576 à la miſere, même d'un ennemi. Au con-
10 5561 3282 5740 traire, ſon état me toucha au dernier point;
10 5730 3241 5911 mon ancienne amitié pour ſon digne frere,
10 5896 3244 6077 ſe preſenta ſeule à mon eſprit. J'étois cu-
10 6067 3237 6251 tieux de ſçavoir comment il avoit paſſé dans
9 6226 3252 6587 dant u ſ ſiſre lea ai li niii quil aloi
