4266 7902
1028 697 3511 907 i LLAvvietrLsS Aeetures
1032 887 4298 1090 perdu beaucoup dans le commerce avant la
1017 1058 4277 1244 guerre, & qu'enfin il avoit été contraint
1028 1223 4288 1411 de ſe ſauver en France avec une forte petite
1024 1389 4291 1583 ſomme d'argent, pour éviter de paſſer ſes
1021 1558 4279 1742 jours en priſon dans ſon pays; qu'il avoit
1028 1723 4285 1914 demeuré quelque tems à Boulogne chez
1028 1889 4290 2082 un Marchand, dont il tenoit les livres; mais
743 2061 4286 2263 que ſon maître ayant fait banqueroute, il
1024 2222 4292 2418 n'avoit pas pu trouver d'emploi ſur la route;
1032 2391 4298 2599 & qu'après avoir dépenſé le peu d'argent
1020 2561 4278 2739 qu'il avoit à chercher inutilement de l'oc-
1024 2729 4286 2907 cupation, la miſere l'avoit contraint de s'en-
1017 2895 4281 3244 eatdie, ue dxsune pe le ſiamooede
1017 3228 4280 3424 entre les François & les Alliés, il avoit eu
1002 3394 4269 3587 le malheur d'avoir deux doigts emportés;
1017 3562 3905 3745 qu'il avoit été réformé comme incapable
1017 3728 4280 3914 de ſervir; qu'il avoit pris la route de Paris
829 3890 4281 4103 en demandant l'aumône le long du chemin,
1021 4059 4271 4243 & qu'en arrivant il avoit été attaqué d'une
1009 4228 4271 4421 fievre violente, & porté à l'Hôtel Dieu;
1017 4389 3928 4563 qu'il eſpéroit bientôt être rétabli, & paſſer
1009 4558 3894 4733 en Angleterre, s'il pouvoit amaſſer aſſez
1013 4719 3932 4909 d'argent pour payer ſon paſſage; qu'il comp-
859 4893 4270 5064 toit y trouver de bons amis, & qu'il eſpé-
1005 5057 3898 5231 roit ſe débarraſſer de ſes dettes, au moyen
1005 5226 4270 5399 d'un acte d'inſolvabilité. Ce récit me tou-
1002 5388 3909 5566 cha le cœur; je le tirai à l'écart; je lui dis
1002 5558 3917 5902 eéi uianeo gpa cahaaauee e
979 5888 3932 6238 urimis vinat lueis toe dans ſa main,,e oui
994 6222 4007 6398 le ſurprit au point qu'il penſa tomber de-
987 6395 4248 6572 vant moi. Il pâlit; ſes genoux ne pouvoient
