4266 7744
737 791 3038 972 E Joslh Thompson.1
35 949 3038 1141 plus le ſoutenir. M. Sharpley, cui avoit
39 1130 3042 1297 les yeux ſur moi, voyant ce que je venois
36 1288 3042 1463 de faire, s'aprocha de nous, & me dit qu'il
28 1449 3042 1617 vouloit contribuer auſſi à ſecourir un com-
251 1614 3046 1784 patriote dans le beſoin, & lui fit accepter
50 1778 3053 1949 encore dix louis. Sans vous, mon cher ami,
54 1939 3049 2103 ajouta-t-il, j'euſſe fait moi-même, il n'y a
255 2099 3056 2273 pas long-tems, une très - mauvaiſe figure
68 2264 3086 2436 dans ce pays-ci: nous ſommes tous ſujets
262 2421 3064 2567 dans la vie à des malheurs inévitables, &
266 2582 3068 2755 nous devons regarder nos freres dans cet
269 2750 3068 2919 état, comme des exemples de ce qui peut
269 2907 3068 3074 arriver un jour à chacun de nous. MMadame
54 3064 3068 3243 Rich & les Dames voulurent ſçavoir ce
68 3228 3071 3402 que nous venions de faire, & toutes trois
57 3389 3079 3567 lui firent auſſi un preſent. La joie reparut
90 3550 3104 3721 bientôt ſur ſon viſage, & un ſourire invo-
277 3707 3123 3879 lontaire nous fit voir la ſatisfaction qu'il
65 3871 1916 4033 reſſentoit intérieurement.
448 4032 3100 4196 Bientôt après nous prîmes congé de M.
284 4189 3090 4365 Dupleſſis & de ſa famille, de M. Baſ-
94 4353 3100 4525 ſompierre, & de tous nos amis de Paris,
302 4518 3090 4693 qui nous accablerent de politeſſe; & ayant
83 4675 3097 4854 obtenu des paſſeports avec aſſez de peine,
101 4843 3090 5015 nous partîmes pour la Flandre par la route
97 5007 3093 5175 de Cambrai, où après avoir fait quelque
98 5161 3093 5340 ſéjour, ainſi que dans toutes les grandes
101 5329 3097 5501 Villes, tant pour nous repoſer, que pour
309 5493 3104 5665 procurer quelques amuſemens à nos Dames,
309 5654 3097 5826 nous obtînmes un paſſeport général pour
306 5814 3101 5977 nous ſervir en cas que nous fuſſions ren-
101 5975 3360 6170 contrés par des troupes de France, & nous
97 6143 3097 6326 nous rendîmes à Anvers: de-là en un jour
101 6280 3090 6495 & demi nous paſſâmes à Willemſtadt, où
