4266 7841
2103 7 2991 105 L
59 22 632 134 “
669 702 3020 884 DE Joson.113
10 877 3016 1061 le pays, conſerver les égards dûs au ſexe;
10 1040 3250 1226 mais nous en vînmes à bout avec le ſecoura
10 1208 3012 1391 des Officiers, tant François que de l'Armés
10 1375 3016 1555 alliée, & nous trouvâmes aſſez communé-
10 1543 3005 1724 ment des lits pour nos Dames dans un pays
10 1706 3008 1887 fatigué de marches & de contremarches,
10 1874 2993 2055 & ravagé par deux armées puiſſantes: je ne
10 2041 3005 2220 puis m'empêcher eu mon particulier de don-
10 2208 3020 2385 ner des louanges aux Officiers, qui nous
10 2376 3008 2549 accorderent poliment des eſcortes, & nous
10 2547 3016 2717 faiſoient conduire de porte en porte aux
10 2711 3005 2880 endroits où ils croyoient que nous pouvions
10 2874 3009 3051 être mieux & plus ſurement. Aurois-je ja-
10 3038 3005 3215 mais pu eſpérer de jouir ſans crainte & ſans
36 3205 3005 3383 obſtacle de la compagnie de ma chere
159 3373 3001 3548 Louiſe? Tel étoit pourtant mon ſort; &
69 3536 2997 3712 ſi je ſentois de tems en tems quelque crainte
159 3702 3005 3877 légere pour ſa ſûreté, ce n'étoit point la ja-
36 3860 3246 4045 louſie qui me les cauſoit; j'avois trop de
44 4024 3005 4169 confiance dans les ſentimens de cette aima-
36 4191 2997 4377 ble fille: en un mot, nous goûtions tous
62 4359 2997 4543 une félicité que rien ne pouvoit plus trou-
47 4522 2997 4708 bler; nous étions aſſurés de notre bonheur,
36 4690 2997 4865 & il ſembloit à Sharpley & à moi que nous
36 4853 2997 5037 euſſions toutes les richeſſes des Indes en
58 5021 2997 5194 notre poſſeſſion. L'élévation de ſentimens
40 5188 3031 5359 que nous puiſions dans leur compagnie,
44 5352 2994 5536 donnoit à toutes nos actions un air de no-
47 5515 3008 5694 bleſſe & de généroſité. Nous portions à
55 5679 3001 5870 l'excès la condeſcendance pour nos domeſ-
40 5850 3001 6051 iques, & nous faiſions aux ſoldats des lar-
36 6010 2990 6230 geſſes dignes de la libéralité d'un Prince,
33 6189 3005 6415 mais ſur-tout à ceux qui arrivoient tous les
36 6352 2997 6572 jours d'Angletetre à Willemſtadt, & qui
40 6496 1409 6710 IV. Partie.
1447 7529 2213 7633 v
