4266 7851
1198 691 3607 906 rI LA ViEEtLES AVETURES
1198 898 4095 1068 n'avoient pas encore éprouvé les travaux
1201 1060 3123 1232 & les fatigues de la guerre.
1362 1224 4095 1400 Nous louâmes un vaiſſeau pour nous
1187 1391 4087 1570 ſeuls: cependant le Capitaine Sharpley
1198 1555 4098 1745 ayant rencontré auſſi-tôt après un Officier
982 1726 4102 1904 de ſa connoiſſance qui commandoit un Vaiſ-
1198 1894 4102 2062 ſeau de guerre de vingt canons, il obtint
1198 2058 4106 2232 du Commandant de nous prendre ſur ſon
1190 2225 4113 2412 bord, & de nous mettre à tems à Harwich,
1179 2393 4112 2568 où en effet nous arrivâmes trente-ſix heures
1078 2557 4187 2733 après avoir quitté les Hollandois. Nous
1175 2717 4102 2885 fîmes au Capitaine Tripſack, notre Com-
967 2888 4106 3062 mandant, un fort beau preſent, pour re-
1190 3052 4106 3225 connoître ſes attentions; & les M telots
1179 3219 3499 3383 eurent part auſſi à nos libéralités.
1447 3785 3540 3920 CHAPITRE A
1179 4068 4106 4251 l eſt joint par une perſonne de connoiſſan-
1350 4239 4162 4412 ce, à qui il fait un preſent. Ils partent
1324 4400 4109 4575 pour Londres; ſont reconnus à Colcheſ-
1347 4563 4110 4744 ter, & par qui. Ils arrivent à Londres,
1347 4727 4109 4871 envoient chercher Pri. Entrevue tendre
1350 4870 3417 5063 entre Thompſon & Miſſ Rich.
1187 5200 4113 5545 Ni ſu e rninteemnairea aeraus
1175 5539 4113 5716 de la Ville, lorſqu'on vint me dire qu'un
1183 5710 4106 5882 Gentilhomme qui nous avoit vus entrer,
1175 5866 4109 6060 demandoit à me parler. Je lui fis dire de
1179 6034 4113 6215 monter; il vint. Je ne le reconnus point
967 6198 4109 6378 en entrant; mais il ne m'eut pas plutôt
1168 6365 4109 6574 ndreſſé les complimens ordinaires, que je
