4266 7902
619 716 3041 901 DE JosEp Thompson.y
10 821 3041 1070 ſi ſouvent chanté les louanges. Nous en-
10 1062 3113 1239 trâmes dans une chambre, & je le preſen-
10 1227 3034 1402 tai à Sharpley & aux Dames, qui l'acca-
21 1395 3060 1572 blerent de careſſes. Quand il aprocha de
51 1565 3053 1741 ma chere Louiſe, il recula de quelques pas;
10 1723 3233 1908 & ſe frottant les mains & les yeux, il ſe
14 1899 3060 2076 tourna vers moi, & me dit: ah! mon cher
14 2068 3049 2246 Monſieur, qu'eſt-ce que je vois! ou j'ai
10 2237 3049 2408 l'imagination frapée d'une illuſion vaine,
10 2406 3064 2577 ou vous êtes le plus heureux des hommes;
36 2568 3364 2747 c'eſt aſſurément Miſſ Rich que j'ai ſi ſou-
25 2737 3053 2911 vent vue dans le pays d'York, qui eſt reſ-
14 2906 3064 3080 ſuſcitée; c'eſt celle qui vous a cauſé tant
21 3071 3071 3253 de chagrins, & que vous avez pleurée tant
10 3237 3071 3414 d'années. Oui, repliqua cette Dame, je
10 3409 3064 3582 ne puis laiſſer plus long-tems en ſuſpens un
10 3574 3064 3745 ſi bon ami de Thompſon: c'eſt moi-même;
10 3726 3064 3914 & je n'ai pas moins pleuré votre Maître,
10 3903 3056 4080 que je croyois avoir perdu pour toujours.
10 4066 3072 4249 Truman ſe jetta à ſes genoux, & lui baiſa
10 4236 3079 4409 vingt fois la main. Il étoit ſi tranſporté,
10 4401 3075 4581 qu'il ne put de quelque tems proférer que
10 4574 3075 4747 des mots entre-coupés, que l'abondance de
10 4738 3075 4927 ſa joie lui permettoit à peine de prononcer.
10 4904 3064 5086 Il danſa, chanta, & fit tant de folies, que
10 5069 3068 5250 je crus que la tête lui tournoit. Lorſqu'il
10 5242 3064 5413 fut un peu plus tranquille, il m'aprit que
10 5396 3064 5587 M. Goodvill & ſon épouſe, Monſieur &
10 5569 3053 5762 Madame Bellair, & Miſſ Suley étoient à
10 5738 3064 5931 Londres, & qu'il les avoit laiſſés chez M.
10 5903 3071 6087 Diaper, où étoit auſſi ſon fils, tous fort
10 6076 3075 6258 impatiens de me voir arriver: qu'à leur
10 6245 3053 6443 nriere, & pouſſé par ſa propre impatience,
10 6418 3064 6617 il étoit prêt à paſſer en Hollande, & qu'il
1555 7534 2062 7643 -
