4266 7902
-17 1 425 116 p
671 690 3206 869 Le Josron Thompson.e
-15 851 3496 1032 qu'au bout de huit jours & tout au ſoir.
-14 1024 3203 1214 Truman nous attendoit ſur une lettre d'avis
-14 1193 3191 1372 qu'il avoit reçue de moi dans le quartier de
-14 1350 3207 1540 Holborn, au Cerf blanc. Nous prîmes auſſi-
-13 1531 3214 1703 tôt un autre caroſſe, & menâmes nos aimables
-13 1694 3218 1879 Compagnes dans une maiſon que Truman
-13 1849 3218 2044 leur avoit préparée dans la place du Lion
-12 2031 3556 2212 rouge, & dont nous trouvâmes les meubles
-12 2196 3222 2409 choiſis & arrangés avec tout le goût poſſible.
269 2365 3225 2545 Le lendemain j'allai avec Sharpley dans
-11 2512 3244 2711 un caffé. J'étois richement habillé; & étant
-11 2696 3387 2877 monté dans une chambre, j'envoyai dire à
-10 2854 3222 3041 M. Prig par un domeſtique, que deux per-
-10 3034 3289 3214 ſonnes demandoient à lui parler. Je ſçus
-10 3198 3244 3375 que Prig avoit beaucoup queſtionné le do-
-9 3368 3240 3540 meſtique ſur notre air, nos habillemens,
-9 3521 3244 3708 &c. ſoupçonnant ſans doute que c'étoit
-9 3695 3248 3872 moi; & il arriva bientôt après. Je m'étois
-8 3860 3252 4032 mis à la fenêtre, le dos tourné vers la porte,
-8 4021 3252 4200 & j'avois donné à Sharpley une lettre pour
-8 4180 3252 4369 la lui remettre, avec les inſtructions ſur la
-7 4359 3357 4539 façon dont il devoit s'y prendre. Quand il
-7 4528 3263 4700 fut entré, Sharpley lui demanda s'il étoit
-6 4677 3263 4872 M. Prig; & ayant ſçu que c'étoit lui, il
-6 4838 3252 5039 lui dit qu'il avoit vu en France une per-
-6 5024 3252 5208 ſonne apellée M. Thompſon, qui l'avoit
-5 5197 3267 5536 boire e la ſante ave lui l toivion i
-5 5507 3259 5702 Monſieur, dit-il, vous me faites hon-
-4 5697 3259 5870 neur, & vous m'obligez beaucoup: com-
-4 5858 3255 6039 ment ſe porte ce cher ami? nous l'atten-
-3 6023 3259 6205 dons de jour à autre en Angleterre. Je l'ai
-3 6188 3267 6378 laiſſé, Monſieur, reprit Sharpley, en aſſez
-3 6363 3263 6572 mauvaiſe ſanté; mais..... Bon Dieu! inter-
