4266 7767
1179 758 3588 927 LLVETLtsAVentures
1172 923 4050 1100 boucles d'oreille magnifiques, pour nos
1175 1084 4046 1256 deux Maîtreſſes, & quelques bijoux pour
1168 1249 4046 1421 la vieille Dame; il s'étoit en même-tems
1165 1410 4046 1582 muni d'un caroſſe pour ſervir à ces Dames
1143 1579 4046 1915 pus preleenſaee oo pe
1139 1901 4039 2082 joux; je fus aſſez heureux pour placer le
1146 2070 4042 2243 mien au col de mon Ange, qui, touchée
1154 2238 4035 2402 de cette attention, me dit: vous êtes
1161 2400 4028 2567 extrêmement galant, mon cher Thomp-
1143 2561 4039 2732 ſon; vous étudiez ſi bien les moyens
1150 2722 4046 2890 de m'obliger, que je ne puis vous expri-
1146 2887 4039 3059 mer les ſentimens tendres que je reſſens
1154 3045 4038 3218 pour vous. Ah! fille adorable, lui ré-
1146 3215 4013 3383 pliquai-je, puis-je en trop faire tout le
1150 3381 4031 3548 reſte de ma vie, pour mériter les bontés
1139 3540 4042 3708 d'une perſonne à qui j'ai cauſé tant de
1010 3701 4031 3871 ſouffrances, & qui en même-tems eſt un
1150 3866 4024 4028 modele parfait de beauté, de fidélité & de
1150 4031 4035 4207 conſtance? Serene reçut ſon preſent avec
1142 4196 4149 4361 joie; ſa mere fut ſenſible à la galanterie
1139 4357 4031 4530 de Sharpley, & nous remarquâmes que
1143 4511 4027 4684 cette bagatelle l'avoit miſe de très bonne
1143 4672 4031 4853 humeur: en effet, elle dit à Sharpley qu'elle
1146 4837 4028 5022 le garderoit avec plaiſir, & que, pour re-
1036 5002 4028 5184 connoître ſon amitié, elle vouloit, en
1157 5167 4024 5342 conſidération de ſon mariage, lui donner,
1154 5329 4027 5501 outre le bien de ſa fille, une Terre qui
1154 5490 4024 5665 le mettroit en état d'aller de pair avec
1154 5658 4039 5827 les plus riches Gentilshommes du Comté
1157 5817 4031 5985 d'York. Sharpley & Serene ſe jetterent
1157 5977 4178 6150 au col de cette tendre mere, & nous paſſâ-
1077 6150 4028 6328 mes enſemble la ſoirée fort agréablement.
1150 6307 4006 6487 Il étoit déjà fort tard quand nous nous ſé-
