4266 7595
1455 809 3747 980 LavieEtlesaventunes
1448 969 4184 1147 d'aporter dans toutes vos affaires. Vous
1448 1122 4188 1287 pouvez me regarder comme à vous & uni-
1445 1281 4184 1443 quement à vous; car il me ſemble que mon
1445 1441 4181 1600 pere a abuſé de ſon autorité par les mau-
1441 1598 4173 1762 vais traitemens qu'il m'a fait ſouffrir; ce-
1434 1761 4177 1920 pendant il faut nous acquitter de tous les
1431 1917 4177 2085 devoirs qu'il peut exiger de nous; pour
1434 2074 4170 2251 lors, s'il nous refuſe ſon conſentement,
1438 2233 4163 2417 & qu'il ſoit fâché lorſqu'il reconnoîtra ſa
1427 2390 4163 2553 fille ſous la qualité de votre femme, laiſ-
1423 2550 4159 2716 ſez-le diſpoſer comme il voudra du bien
1413 2706 4163 2872 qu'il poſſede. J'ai pour vous un fonds de
1427 2866 4164 3033 tendreſſe capable de vous dédommager de
1416 3027 4152 3206 cette perte; mais j'ai meilleure idée du tour
1409 3182 4149 3353 que prendront nos affaires, & je crois qu'il
1413 3345 4152 3509 ſe fera honneur maintenant de vous recon-
1377 3498 4149 3681 noître pour gendre. Je vous déguiſerois les
1402 3658 4145 3839 ſentimens de mon cœur, ſi je marquois
1402 3814 4135 3993 quelque ſurpriſe de votre preſent, car je
1384 3971 4134 4159 connois bien mon cher Thompſon; je ſçais
1391 4131 4124 4307 qu'il eſt capable de toutes ſortes de bons
1381 4298 4128 4462 procédés; mais comment pourrai-je jamais
1363 4447 4070 4621 récompenſer tant de bontés? Votre ſenſi
1374 4610 4106 4774 bilité pour mes peines & mes ſouffrances;
1331 4770 4113 4934 votre condeſcendance pour ma paſſion; vo-
1363 4928 4106 5095 tre conſentement à notre mariage; la vo-
1363 5086 4099 5267 lonté de me donner la main, & d'être à
1360 5242 4099 5407 moi pour toujours; voilà, ma chere Loui-
1353 5405 4093 5556 ſe, des dédommagemens qui valent des
1342 5562 4085 5730 ſiecles de tourmens; une pareille faveur ſe-
1349 5711 4081 5890 ra à jamais l'unique but de toutes mes ac-
1345 5875 4067 6038 tions. Je vais preſſer la fin de mes affaires
1338 6038 4077 6210 dans cette Ville, & tout préparer pour
1328 6198 4067 6365 me plonger enſuite dans une mer de déli-
