4266 7902
11 86 263 257 L
686 629 3267 839 De Josepn Thomnson. 127
10 818 3214 1010 viſite à ces Dames nos compagnes de voya-
10 1002 3394 1179 ge. Le Capitaine Sharpley, dont le pere
14 1171 3259 1341 étoit fort connu d'eux tous, fut reçu le plus
10 1335 3229 1519 poliment du monde: chacun prit de l'ami-
25 1501 3577 1679 tié pour lui dès le premier moment, & ſur-
10 1670 3563 2015 amans heueut aſeuntlls, e cuupes à
10 2004 3237 2182 nous réjouir enſemble du ſuccès de nos af-
17 2174 3237 2520 aa eleeea a ne e oéoaoe ſſrrooie,e laa
292 2508 3237 2684 dame Rich & Serene à la viſite qu'on de-
33 2677 3240 2849 voit leur rendre le lendemain. Je priai ma
37 2842 3462 3021 chere Maîtreſſe de s'habiller le plus riche-
59 3009 3244 3182 ment qu'elle le pourroit; à quoi elle me
21 3180 3244 3526 ple mee de ma ſ ſi ja an qs qulque
10 3518 3252 3694 nouvelle de ſon pere: je lui dis qu'il étoit
10 3680 3252 3856 en bonne ſanté, mais toujours extrême-
10 3849 3252 4028 ment chagrin de ſa perte & de toutes nos
10 4014 3394 4179 aventures: que l'Ecuyer étoit toujours ré-
10 4172 3225 4350 ſident dans ſa Terre à Duncaſtre, comme
10 4345 3248 4536 je l'avois apris de Madame de Goodvill;
10 4517 3259 4695 que quelque choſe qu'il eût pu faire, il n'a-
10 4683 3252 4859 voit jamais pu parvenir à attendrir ſon on-
10 4844 3518 5019 cle, qui a été informé de toutes ſes mau-
10 5017 3252 5195 vaiſes manœuvres par un des malheureux
10 5182 3237 5359 qui étoient avec lui, lorſqu'il me traita ſi
10 5345 3436 5537 mal en dernier lieu; & que la baſſeſſe qu'il
10 5516 3259 5704 avoit eue de lui faire croire qu'il m'avoit
10 5679 3244 5868 tué, nouvelle fauſſe qui avoit été cauſe
10 5839 3244 6037 de la mort de ſa fille, l'avoit irrité de plus
10 6016 3244 6196 en plus contre lui. Il avoit été pareillement
10 6181 3237 6375 informé de l'affaire par la perſonne même
10 6350 3237 6561 qui m'avoit écrit, lorſque j'étois chez mon
2415 6543 2689 6708 La
