4266 7902
1017 645 3563 863 S LA vie ETles Avenures
1024 844 4309 1033 pere, que c'étoit l'Ecuyer Rich qui m'a-
1013 1012 4301 1206 voit fait attaquer auprès de la maiſon de
1024 1157 4307 1368 Sir Walter. Sir Walter avoit pardonné à
1028 1343 4306 1546 cet homme, à cauſe de ſa probité; mais il
1020 1513 4298 1702 avoit contraint les autres, à force de les
1017 1682 4304 1872 pourſuivre, à quitter le pays, comme une
1028 1847 4303 2047 eſpece de réparation des injuſtices qu'il
1017 2012 4301 2221 m'avoit faites; & il étoit alors dans une
1017 2185 4300 2370 diſpoſition telle qu'il y avoit lieu de croi-
1013 2365 4299 2572 re, que quand même nous ne prendrions
1017 2527 3995 2706 point de précautions, il conſentiroit à no-
1013 2685 4297 2892 tre mariage, ſi-tôt qu'il nous verroit. Ces
1009 2860 4296 3047 nouvelles ranimerent le courage dé ma che-
769 3022 4295 3215 re Louiſe, & elle s'écria: ô Dieu! que
1005 3188 4294 3394 je deſire de mettre fin aux tourmens de ce
1002 3368 4293 3556 pere cruel, mais repentant! Nos viſites ar-
1009 3533 3991 3716 riverent le lendemain; nous les introdui-
1006 3683 4291 3891 sîmes chez Madame Rich, qui les reçut
1009 3864 4289 4063 de ſon mieux, tandis que Sharpley & moi
1005 4033 4288 4216 nous allâmes chercher nos aimables Maï-
1002 4193 4287 4417 treſſes. Je ne fus jamais plus ſurpris, qu'en
1005 4378 4280 4550 voyant ma chere Louiſe avec toutes ſes pa-
991 4519 4285 4726 rures: ſes habits étoient magnifiques, &
1002 4705 4284 4900 elle étoit couverte de pierreries. Elle avoit
1005 4878 4283 5056 au col le collier dont je lui avois fait pre-
998 5043 4282 5232 ſent, & portoit en bracelets mon portrait
1002 5215 4281 5403 en mignature, que j'avois fait peindre pour
1002 5359 4279 5557 l'obliger. Nous leur donnâmes la main juſ-
1005 5546 4279 5730 ques dans l'apartement; & la compagnie
1005 5712 4277 5894 fut ſi ſurpriſe, qu'il ne leur reſta à tous que
1005 5881 4276 6090 l'uſage des yeux pour admirer nos deux
758 6045 2682 6231 charmantes Maîtreſſes.
1182 6196 4274 6419 MM. Goodvill, Bellair, Diaper & Prig,
773 6384 4273 6583 & toutes les Dames en général, s'avance-
