4266 7786
823 631 3214 810 DE JosEPh ThoMson.
95 801 3177 963 rent au devant de Miſſ Louiſe, & la ſalue-
83 974 3199 1138 rent comme une perſonne pour qui ils
91 1135 3199 1300 avoient conçu les plus hauts ſentimens d'eſ-
315 1297 3184 1470 time & d'affection. Quelque tems après ils
80 1448 3184 1636 lui marquerent par leurs geſtes & leurs diſ-
80 1628 3181 1799 cours, combien ils étoient enchantés de ſa
76 1794 3192 1952 converſation. Serene entra auſſi pour moitié
73 1956 3166 2130 dans leurs louanges, & ces deux Dames
73 2121 3162 2294 avec Miſſ Bellair contracterent dès ce mo-
109 2290 3173 2461 ment une vive amitié l'une pour l'autre.
102 2437 3173 2626 Le jeune Diaper, qui étoit le ſeul de la
315 2614 3173 2784 Compagnie qui eût vu Miſſ Louiſe, la re-
87 2780 3166 2950 marqua avec le plus d'attention, & vint
61 2941 3177 3113 me dire tout bas qu'il la trouvoit embellie,
308 3111 3273 3277 & toujours plus charmante: en un mot,
51 3272 3162 3444 leurs égards pour elle allerent preſque juſ-
301 3434 3170 3608 qu'à l'adoration; & avant que de partir,
65 3600 3166 3771 Madame Diaper me dit, en ſe tournant vers
256 3762 3236 3933 elle: je crois, mon cher Joſeph, qu'enfin
69 3923 3162 4093 vous allez être heureux. Je vois que la Pro-
58 4085 3203 4257 vidence vous a comblés vous & mon fils
65 4247 3170 4420 de ſes plus grandes faveurs. Je ne ceſſerai
289 4416 3162 4584 de la remercier pour vous de ſes bontés,
69 4578 3166 4750 & de la conſolation qu'elle procure à M.
54 4740 3162 4917 & Madame Thompſon, & à tous vos amis.
54 4906 3144 5076 Ce qui augmente encore plus la joie uni-
47 5067 3159 5235 verſelle, ajouta ſon époux, & ce dont peu
50 5233 3144 5404 de perſonnes peuvent ſe flatter, c'eſt qu'a-
58 5398 3147 5570 près huit ans d'abſence, non-ſeulement ils
32 5560 3133 5732 nous ſont rendus, mais encore ils retrou-
58 5726 3140 5880 vent tous leurs amis en auſſi bonne ſanté,
25 5888 3122 6060 que quand nous avons eu le chagrin de nous
21 6057 1312 6251 en voir ſéparés.
326 6222 3140 6415 Après cette premiere entrevue, nous
