4266 7808
1082 635 3497 828 O LAVEETLESVeNTuRES
1060 812 3970 999 nous rendîmes les uns aux autres de fré-
1079 990 3962 1152 quentes viſites. Mais Louiſe alloit ſouvent
1078 1149 3966 1312 voir M. Diaper avec ſa tante & ſa couſine;
1082 1311 3955 1492 elle viſitoit auſſi dans la Ville M. Bellair &
1079 1474 4096 1659 M. Goodvill, qui prirent tant de goût pour
1082 1649 4077 1813 nore aimable famille, qu'ils ne pouvoient
1093 1810 3970 1988 jamais être un inſtant les uns ſans les au-
1093 1981 3970 2148 tres. M. Sharpley étoit réſervé pour la fin
1097 2136 3974 2314 de notre ſéjour à Londres; car en y arri-
1101 2306 3974 2479 vant j'avois écrit à mon pere & à ma mere,
1104 2469 3970 2640 que dans un mois ou ſix ſemaines au plu-
1101 2631 3966 2804 ard, j'irois les trouver. Truman & moi
1101 2798 3977 2970 nous travaillons, avec le ſecours de Prig,
1101 2964 3974 3127 à arranger mes affaires: je me fis une eſ-
1101 3127 3977 3467 ies uuoud ee je oantta
1104 3460 3981 3627 un meilleur emploi: car je ne crois pas qu'un
1019 3619 3974 3790 véritable & bon Anglois puiſſe rien faire
1108 3781 3988 3950 de mieux, que d'aider l'Etat qui n'eſt pas
1105 3950 3974 4107 moins ſoutenu, contre les attaques de nos
1105 4114 3977 4291 ennemis, par l'argent des citoyens riches,
1108 4279 3992 4440 à qui l'établiſſement preſent eſt un gage qui
1108 4439 3985 4610 aſſure leur fortune, que par la bonne vo-
1115 4606 3985 4775 lonté de tout le Royaume qui reconnoît
1119 4768 3988 4939 devoir le bonheur de ſa ſituation à une pa-
1115 4935 3988 5106 reille confiance. Mes marchandiſes auſſi-
1108 5097 3999 5272 bien que celles de M. Saris, dont Truman
1112 5265 3996 5437 avoit payé preſque tout le montant à ſon
1112 5429 4000 5768 luie neéo e , aeene ee oonveries en
971 5756 3985 5932 argent comptant, à l'exception des choſes
1115 5918 3989 6094 que j'avois réſervées pour l'uſage de ma
1119 6085 3992 6268 chere Louiſe, & pour faire des preſens à
1119 6248 4011 6417 mon pere, à ma mere, & à mes amis, à
