4266 7767
1003 662 3371 845 De Josepson.3r
483 827 3371 1008 qui M. Diaper le jeune avoit auſſi diſtribué
424 996 3368 1164 généreuſement des raretés des Indes orien-
494 1164 3368 1330 tales. Vers le même-tems, je reçus une
494 1322 3375 1491 lettre de notre ami Saris, dont voici les
494 1483 3368 1658 termes: Truman en avoit reçu pluſieurs
369 1652 3357 1828 avant mon arrivée; mais celle - ci étoit en
486 1818 2594 2015 réponſe à une des miennes.
553 2144 2353 2306 „Mon CHer Ami,
464 2444 3361 2664 „J'ai été extrêmement affligé d'apren-
464 2623 3364 2799 „dre par les dernieres Lettres de Truman
468 2793 3346 2963 „que vous avez été pris dans la traverſée,
464 2953 3353 3125 „& emmené priſonnier en France; mais
468 3111 3335 3291 „graces à Dieu, j'en viens de recevoir
468 3283 3349 3452 „une de vous, & j'ai eu en même-tems
457 3441 3338 3615 „la ſatisfaction d'aprendre qu'après un en-
461 3606 3338 3780 „chaînement d'aventures extraordinaires,
182 3763 3338 3941 „vous êtes auſſi heureux qu'il ſoit poſſible
457 3932 3346 4101 „de l'être quand on eſt favoriſé dans ſes
450 4093 3338 4267 „amours, que l'on eſt riche, & que l'on
465 4262 3324 4423 „ſe retrouve dans ſon pays. Je me réjouis
446 4420 3327 4595 „beaucoup du tour favorable que vos af-
439 4588 3328 4750 „faires ont pris, & je vous conjure de me
453 4749 3338 4916 „donner de tems en tems de vos nouvel-
442 4911 3328 5082 „les; mais ſur-tout quand votre charman-
439 5072 3335 5243 „te Maîtreſſe aura pleinement couronné vos
435 5241 3342 5405 „vœux. Quant à votre pauvre Saris, il ne
446 5405 3320 5571 „compte point ſortir jamais de ſon pays,
439 5567 3316 5732 „les ſoins que le prends de mon fils, &
439 5728 3522 5900 “mon amitié pous Sir Thomas, dont vous
109 5890 3298 6059 „m'avez ſouvent entendu parler, occu-
443 6058 3327 6228 „pent tous mes momens. Cependant je
442 6219 3324 6373 „ſuis dévoré d'une mélancolie continuelle
