4266 7902
915 641 3379 821 1LLAVieEtlesvvtures
897 806 3890 979 „qui me mine inſenſiblement. Je pleure
900 975 3823 1152 „ſans ceſſe la mort de ma chere femme,
889 1145 3826 1317 „que rien ne me peut faire oublier, que
709 1313 3819 1517 „la mort, pour laquelle je fais des vœux.
889 1482 3815 1653 „ruman m'a fait remettre dans votre ab-
889 1651 4007 1841 „ſence, tout ce que je pouvois pretendre,
893 1813 3815 1991 „à l'exception d'une ſomme de 300. liv.
900 1982 3815 2163 „ſterl. que je prie ce fidèle Agent de vouloir
893 2158 3830 2330 „bien accepter, comme une preuve de ma
897 2320 3819 2489 „reconnoiſſance pour tous les ſervices qu'il
682 2485 3815 2662 „m'a rendus, & je vous envoie pour lui
611 2654 3808 2842 „une décharge générale. Je prie le Ciel,
570 2819 4142 2998 “mon cher & digne ami, de vous faire
889 2992 3870 3162 “réuſſir dans toutes vos entrepriſes, & de
885 3154 3871 3329 „vons combler dans ce monde de tout le
878 3327 3868 3500 “bonheur dont ne pourra jamais ſe flatter,
1505 3695 3837 3886 Votre affectionné, fidèle ami,
2076 3860 3811 4026 & très - humble ſerviteur
2415 4030 3790 4236 ViLliAm Saris.
879 4342 2798 4537 De Cork, au mois de Juin.
825 4664 3826 4859 Je fus charmé de recevoir des nouvelles
893 4855 3838 5023 de notre ami, & ne fus pas moins touché
882 5020 3796 5201 que Truman, de cette marque de géné-
885 5193 3819 5369 roſité. Au moyen de cette augmentation
889 5362 3834 5537 de biens, Truman ſe voyoit une fortune
889 5525 3826 5700 de près de 4ooo liv. ſterl. qui mettoit ce
885 5689 3815 5874 fidele domeſtique dans un état d'aiſance
885 5858 3826 6038 qu'il n'auroit jamais pu eſpérer, s'il fût
889 6020 3808 6213 toujours reſté en Angleterre, & qu'il n'eûtt
893 6189 3999 6376 point paſſé aux Indes avec moi. Nous fi-
893 6357 3871 6542 mes réponſe tous les deux à la lettre af-
