4266 7902
510 716 3154 938 DE JosEoh ThoMpson.
-2 863 3176 1085 un caroſſe que Mme. Rich avoit acheté à
-2 1054 3379 1234 Londres: M. Prig, moi & Truman allâmes
-2 1223 3188 1401 à cheval. Nous devancions toujours les ca-
-3 1392 3188 1564 roſſes d'un bon mille, afin de préparer les
-3 1558 3184 1739 rafraîchiſſemens, les chambres & tout ce
-4 1727 3458 1904 qui étoit néceſſaire. La ſatisfaction brilloit
-4 1895 3195 2077 ſur nos viſages, & nos cœurs étoient rem-
-4 2061 3203 2250 plis d'une joie ſans bornes. Nous éprouvâ-
-5 2226 3192 2407 mes que le bien & le mal ſe ſuccedent,
-5 2390 3338 2577 & qu'après bien des peines, vient le tems
-5 2564 3218 2732 du plaiſir, de même que le jour ſuccéde à
-6 2709 735 2923 la nuit.
317 3315 3087 3556 CHAPITRE LXII.
-8 3695 3203 3906 Ils arrivent chez M. Bellair. Thompſon &
435 3867 3210 4048 Sharpley partent ſeuls avec Truman pour
232 4016 3214 4206 ſe rendre chez M. Thompſon. Leur arri-
439 4198 3210 4386 vée. Leur entrevue avec ſon pere & ſa
401 4366 3203 4558 mere. Ils vont chez M. Archer & chez M.
450 4536 3207 4711 Sharpley. Rendent viſite à leurs amis.
454 4701 3214 4888 'hompſon reçoit un Exprès de la part
442 4870 3210 5073 de Sir Walter. Il va le voir. Ce qui ſe paſſe
451 5035 1717 5172 dans leur entrevue.
299 5396 3221 5573 JOus arrivâmes heureuſement à la Terre
307 5569 3222 5731 de M. Bellair, qui voulut abſolument
-12 5703 3222 5918 nous y retenir quelques jours; il nous y
-13 5903 3225 6089 reçut avec ſa politeſſe ordinaire, & ima-
-13 6064 3229 6422 aaeu, e eut n n reilede ſéoee ea
-14 6395 3229 6629 cieux Nous y convînmes entre nous queShar-
