4266 7851
1160 755 3566 930 i6 LavEETLEsavetures
1149 922 4057 1090 pley, Truman & moi partirions ſeuls pour
1142 1090 4046 1258 nous rendre chez mon pere, tant afin de diſ-
1142 1254 4046 1427 poſer plus aiſément les logemens pour une
1142 1417 4050 1599 compagnie auſſi nombreuſe, que pour dérober
1127 1585 4039 1764 à SirWalter la connoiſſance de notre arrivée.
1138 1756 4035 1926 En effet, nous partîmes après avoir chargé
1135 1920 4035 2099 du ſoin de nos aimables Maîtreſſes mon
1131 2088 4031 2262 ami Diaper, qui, au moment de notre ſé-
1026 2260 4020 2426 paration, avoit peine à retenir ſes larmes,
1116 2423 4027 2591 dont Prig le railla beaucoup: nous fîmes
1127 2579 4020 2758 diligence, & nous arrivâmes bientôt à la
1120 2739 4016 2922 vue de cette chere Patrie où j'avois reçu
1123 2910 4013 3083 la naiſſance. Je m'écriai avec tranſport: Bo-
1120 3083 4009 3253 cages charmans, recevez encore une fois
1108 3245 4005 3421 vos anciens habitans ſous votre ombrage
1101 3409 4002 3570 frais! Ruiſſeaux qui murmurez, charmez
1101 3573 3998 3749 encore nos oreilles par le bruit de vos eaux;
1112 3746 3990 3914 & vous, Echo, répétez encore le nom &
1097 3912 3316 4042 les charmes de ma chere Louiſe.
1265 4072 3990 4250 M. Sharpley eut la politeſſe de m'accom-
1093 4243 3987 4418 pagner d'abord chez mon pere, où nous
1097 4407 3987 4583 arrivâmes; & donnant nos chevaux à Tru-
1079 4573 3979 4911 dunneii re uue e aconns us bietà
1086 4902 3968 5082 M. Thompſon étoit au logis? Il me regar-
1068 5070 3972 5230 doit attentivement, & j'eus lieu de ſoup-
1071 5237 3964 5413 çonner par ſon ſilence, & par le change-
755 5405 3964 5577 ment qui ſe fit ſur ſon viſage, qu'il me re-
1079 5572 4217 5740 connoiſſoit; cela dérangea un peu mon
1075 5732 3964 5918 projet. Avant que nous puſſions l'arrêter,
1067 5896 3953 6080 il ouvrit à la hâte la porte d'une ſalle, &
1071 6068 4184 6247 s'écria: Monſieur, Madame, voilà mon
1067 6231 3946 6407 jeune Maître de retour. Il n'en fallut pas
1067 6399 3953 6570 davantage; ma mere jetta un cri, & accou-
3682 6594 3947 6687 rant
