4266 7828
879 711 3298 876 DE JosEh TTomson.
403 872 3349 1048 & de ma mere, de M. Archer & de M.
392 1064 3464 1232 Sharpley, en leur racontant nos aventures:
388 1209 3464 1398 mais quand j'en fus à l'endroit de mon hiſ-
400 1377 3316 1560 toire où je retrouvai ſi miraculeuſement ma
355 1539 3316 1732 chere Louiſe, j'eus toutes les peines du
-13 1682 3294 1948 monde à leur faire croire mon recit. Quel-
403 1876 3316 2063 que confiance qu'ils euſſent tous dans ma ſin-
67 2043 3331 2219 cérité, il fallut bien des proteſtations de
-12 2214 3331 2429 notre part; & ce ne fut même qu'après les
281 2381 3331 2560 avoir bien aſſuré qu'elle étoit dans le voi-
414 2548 3342 2724 ſinage, que je parvins à m'en faire croire.
422 2711 3353 2887 Jamais perſonne n'a été ſi tranſporté de joie;
426 2878 3342 3050 ils furent frapés au dernier point de mon
277 3049 3357 3221 bonheur; mon perelui même, malgré toute
433 3212 3667 3384 ſa prudence, ne put contenir les tranſports
110 3383 3353 3554 de ſa joie, pour me montrer combien il
387 3542 3371 3723 prenoit part à ma félicité; ma mere pleu-
392 3713 3368 3888 roit & rioit tout enſemble, tant l'idée de
441 3880 3368 4049 retrouver ſa chere Louiſe, qu'elle avoit cru
459 4047 3383 4219 morte, excitoit de tumulte dans ſes ſens;
459 4206 3342 4387 cependant j'exigeai d'eux tous que l'on tien-
463 4377 3383 4555 droit cette aventure ſecrette juſqu'à ce que
459 4547 3349 4716 le tems fût plus favorable pour la faire écla-
466 4711 3394 4874 ter. La maiſon de mon pere & celles de
478 4878 3398 5056 MM. Sharpley & Archer ſuffiſant pour loger
474 5048 3405 5221 tous nos hôtes, ils s'empreſſerent à l'envi
485 5211 3405 5391 d'avoir cet honneur; ma mere exigea que
485 5379 3405 5546 ma chere Louiſe reſtât avec elle, juſqu'au
489 5546 3412 5714 moment de notre mariage; & on peut
500 5713 3056 5884 croire que j'y conſentis de bon cœur.
555 5872 3409 6058 J'étois ſur le point d'aller rendre viſite à
492 6035 3416 6224 Sir Walter, pour ſonder ſes diſpoſitions; à
-3 6157 3390 6417 la vérité je deſirois fort de le voir, & j'a-
503 6376 3435 6548 vois reptis pour lui les mêmes ſentimens.
2526 6555 2868 6687 M. a
1426 7694 2626 7820 -
