4266 7902
900 746 3451 925 O LA viEt EsAventures
904 912 4018 1095 qu'autrefois, lorſque je vis arriver de ſa
897 1081 3909 1265 part un domeſtique pour me prier de l'aller
897 1250 4063 1440 voir chez lui: je pris auſſi-tôt le Capitaine
893 1419 3894 1594 Sharpley avec moi, & je me rendis à l'in-
874 1591 3917 1762 vitation. Nous le trouvâmes dans un apar-
671 1757 3947 1938 tement où j'avois eu ſi ſouvent le bonheur
885 1926 3879 2107 d'entretenir Miſſ Louiſe; il étoit vêtu de
882 2100 3902 2274 noir, & avoit toujours porté cet habit de-
885 2264 3838 2443 puis l'inſtant qu'il avoit apris la mort de ſa
882 2436 3898 2610 fille. Il me reconnut tout - d'un - coup: ce
882 2602 3973 2778 vieux Gentilhomme fondit en larmes en
727 2760 3890 2945 me voyant, & dit: ah! M. Thompſon,
874 2938 3965 3110 vous êtes trop bon; je ne m'attendois pas
874 3101 3872 3286 que vous vous rendriez ſi-tôt à mes deſirs;
867 3274 3849 3455 je ne méritois pas de vous une ſi grande
870 3443 3845 3624 faveur, moi qui ai cauſé la mort à ma chere
867 3614 3879 3794 fille, & qui vous ai traité avec tant d'in-
863 3777 3883 3964 gratitude & de dureté. Je fus touché juſ-
867 3950 3853 4130 qu'au fond de l'ame de le voir accablé de
859 4115 3860 4301 chagrin, & m'aprochant de lui les larmes
855 4284 3871 4469 aux yeux, je le ſerrai dans mes bras, &
817 4457 3845 4639 lui répondis: Mon cher pere, car je ne
844 4625 3845 4975 les iniuſieces que on ulauen fae , pou
848 4964 3834 5146 moi, je les oublierai à jamais: vous en êtes
851 5126 3853 5306 aſſez puni, Monſieur, par la perte de notre
848 5298 3837 5482 chere & adorable Louiſe: je ne ſçaurois
649 5467 3822 5652 me diſſimuler que vous êtes ſon pere; &
844 5633 3841 5821 quoiqu'accablé de la même affliction, je
844 5802 3819 5992 ne m'écarterai jamais des devoirs & du reſ-
837 5971 3796 6160 pect que je vous dois; au contraire, je tâ-
840 6128 3988 6316 cherai toujours d'adoucir vos peines, ou de
837 6301 3950 6496 les confondre avec les miennes. Ah! gé-
833 6471 3815 6670 néreux ami, me répondit-il, comment ai-
3211 7752 4252 7895 --
