4266 7851
1127 758 3737 937 LAVETLEsaventures
1120 914 4235 1095 que toutes les richeſſes & les plaiſirs du
1112 1092 4001 1260 monde me ſeroient inſuportables ſans vous.
1120 1257 4016 1429 Quand mon pere s'avança d'abord pour la
1116 1425 4028 1599 ſaluer, elle voulut ſe jetter à ſes genoux;
1112 1589 4031 1762 mais il l'en empêcha, l'apella ſa chere fille,
1112 1756 4020 1930 ſon ange, & lui dit que le plaiſir de la
1112 1924 4016 2105 revoir alloit le rajeunir de plus de vingt
1112 2088 4013 2271 ans. Meſſieurs Archer & Sharpley lui mar-
1116 2259 4016 2430 querent à leur tour combien ils étoient en-
1112 2426 4013 2594 chantés de notre bonheur commun, &
1112 2590 4016 2750 toute la compagnie ſe félicita de la pre-
1116 2750 4039 2923 ſence de ces trois Meſſieurs. On convint que
1116 2918 4024 3093 Miſſ Louiſe, pour n'être point reconnue,
1119 3085 4024 3261 porteroit un maſque juſqu'à ce qu'elle
1116 3253 4035 3425 fût arrivée chez mon pere; & tout étant diſ-
1116 3424 4024 3593 poſé, nous nous mîmes en route; mais nous
1112 3588 4027 3760 fûmes bien ſurpris de rencontrer à un mille
1112 3752 4039 3927 de la maiſon une vingtaine de payſans à
1120 3919 4050 4093 cheval ornés de rubans & de fleurs, qui
1112 4087 4024 4240 vinrent nous recevoir; c'étoit tous les jeunes
1116 4251 4035 4425 gens de la Paroiſſe de mon pere. Ils mar-
1116 4418 4050 4594 cherent devant nous à travers les Villages
1112 4582 4065 4923 es doe nea o uu verneie aamnes es ounes
1120 4921 4042 5092 gens de leur attention; & lorſque nous eû-
1123 5081 4068 5259 mes mis pied à terre, M. Diaper jetta au
1123 5252 4068 5423 milieu d'eux une poignée d'argent. M.
1131 5416 4072 5591 Goodvill, Sharpley & moi ſuivîmes ſon
1131 5580 4057 5757 exemple. Enſuite nous entrâmes & trou-
1131 5749 4072 5925 vâmes un repas froid que ma mere avoit
1138 5915 4072 6079 fait préparer pour nous rafraîchir. Louiſe,
1150 6083 4080 6221 Madame Rich & Serene entrerent avec ma
1153 6239 4083 6428 mere dans une ſalle particuliere; & quand
1161 6403 4076 6593 elle ſe fut démaſquée, il ſe paſſa entr'elles
3827 6616 4088 6705 ne
