4266 7902
1107 735 3556 918 16 LavieetlEsAverures
1111 879 4266 1097 que je voulois qu'on regardât déſormais
983 1058 4266 1256 comme un homme diſtingué, nous trou-
1111 1235 4266 1424 vâmes des lits chez notre ancien ami Solfa;
964 1404 4267 1589 cette maiſon nous plût, parce qu'elle nous
1107 1572 4267 1753 éloignoit moins de nos Maîtreſſes, que
1111 1742 4268 1925 toute autre. Notre preſence répandit la joie
1115 1907 4268 2085 dans tout le pays, & les Habitans du voi-
1107 2079 4268 2255 ſinage s'empreſſerent à l'envi de nous mar-
1103 2245 4269 2431 quer par leurs jeux le plaiſir qu'ils reſſen-
1081 2418 4269 2596 toient d'avoir ſi bonne compagnie au mi-
1099 2571 4269 2761 lieu d'eux. Comme on ne vouloit point
1103 2737 4270 3098 auile out , oloenir lapermiion de ſe
1107 3078 4270 3257 célébrer: mais pour ceux de Meſſieurs Shar-
1088 3244 4271 3447 pley & Diaper, mon pere crut qu'il étoit
844 3413 4272 3771 l uitlia lens ans éans on éaeee loon
1126 3751 4272 3939 étant diſpoſé pour l'heureux moment qui
1107 3924 4272 4102 devoit unir ces fideles Amans, & la céré-
1126 4089 4273 4270 monie étant fixée à trois jours de-là, j'allai
1118 4262 4273 4441 un matin trouver Sir Valter, & lui parlai
889 4429 4273 4597 ainſi: Mon pere, j'ai une grace à vous de-
1126 4566 4274 4777 mander; ma chere Louiſe n'eſt plus; c'eſt
1137 4758 4274 4934 en vain que nous pleurons une perte qui
1133 4927 4275 5109 eſt irréparable. Que je ſerois heureux, ſi
1073 5088 4275 5286 elle étoit encore vivante! Mon cher pere
1129 5257 4275 5444 m'a perſuadé, par des raiſons de famille,
1133 5429 4276 5614 de ſonger à un mariage. J'ai recherché une
1129 5599 4276 5780 jeune Demoiſelle riche & de haute naiſ-
1130 5762 4276 5968 ſance, qui a aprouvé mon choix. Vous
818 5933 4269 6120 auriez pu autrefois me rendre heureux:
1111 6066 4277 6287 mais ce tems eſt paſſé; & comme je n'ai
1126 6260 4277 6446 pu recevoir ma chere Louiſe de vos mains,
1118 6425 4278 6632 faites-moi la grace de me donner celle-ci
