4266 7902
513 716 3207 914 DE JosEph ThoMoson.47
10 908 3203 1080 aux pieds des Autels, & de l'adopter pour
10 1073 3203 1250 votre fille. Le vieux Gentilhomme ſe mit à
10 1239 3507 1421 pleurer, & ſe reprocha ſa cruauté; mais enfin
10 1406 3372 1586 il conſentit à ce que je lui demandois, &
10 1580 3207 1924 e le paai au le e peemnecou u eeeea
10 1912 3526 2097 ſervît juſqu'à ſon mariage, & il me l'ac-
18 2083 3218 2260 corda volontiers. Je dis à cette bonne
22 2241 3214 2431 fille que ma mere défiroit de la voir: elle
18 2415 3207 2597 ſe rendit auſſi-tôt chez nous où elle étoit
10 2583 3211 2754 accoutumée d'aller preſque tous les jours
29 2748 3203 2922 depuis mon départ. Ma mere & Madame
10 2913 3199 3092 Goodvill, après lui avoir fait bien des
10 3082 3271 3270 careſſes & l'avoir preſentée à la compagnie,
10 3242 3270 3406 la menerent dans la chambre où étoient
10 3420 3199 3601 Serene, Miſſ Suckey, Madame Bellair,
10 3574 3214 3766 & Miſſ Louiſe qui jouoit du clavecin. Miſſ
10 3744 3206 3935 Louiſe ſe leva: dès l'inſtant que Fidelle l'a-
18 3928 3207 4103 perçut, elle fit un grand cri, & tomba
29 4097 3319 4270 évanouie. On la fit revenir; ſa Maîtreſſe
14 4254 3199 4434 l'embraſſa avec tant d'amitié, qu'elle fut
10 4423 3199 4593 bien convaincue que c'étoit elle-même: elle
25 4592 3323 4770 entendit ſon hiſtoire avec le même éton-
10 4761 3207 4934 nement que ſi elle l'eût vue ſortir du tom-
14 4909 3222 5103 beau; & ſe jettant à ſes genoux, elle
10 5092 3526 5276 s'écria en les baignant de ſes larmes: Ah
10 5257 3196 5621 eaurois je pu m'atendre à un pareil
250 5601 3188 5785 Si-tôt que je fus de retour, Truman
14 5768 3192 5941 me pria de faire avec lui un tour de jardin,
14 5918 3184 6113 & je fus fort ſurpris lorſqu'il m'adreſſa ces
10 6096 3188 6291 mots: Je vous ai ſervi long-tems avec
10 6260 3188 6454 toute la fidélité poſſible: puis je eſpérer
10 6440 3398 6624 que vous voudrez bien contribuer à mon
2381 6614 2674 6772 N
