<PcGts xmlns="http://schema.primaresearch.org/PAGE/gts/pagecontent/2017-07-15" xmlns:xsi="http://www.w3.org/2001/XMLSchema-instance" xsi:schemaLocation="http://schema.primaresearch.org/PAGE/gts/pagecontent/2017-07-15 http://schema.primaresearch.org/PAGE/gts/pagecontent/2017-07-15/pagecontent.xsd"><Metadata><Creator>User123</Creator><Created>2020-10-12T18:30:49</Created><LastChange>2020-10-12T18:30:49</LastChange></Metadata><Page imageFilename="0157.png" imageHeight="7902" imageWidth="4266"><TextRegion id="r0" type="paragraph" orientation="-0.375"><Coords points="1,1 4264,1 4264,7900 1,7900"/><TextLine id="r0_l001"><Coords points="1043,661 1042,661 980,660 979,659 979,658 980,656 1044,657 1045,657 1044,684 1045,685 1256,686 1257,688 1257,689 1259,690 1271,690 1273,692 1512,694 1513,695 1513,696 1515,698 1520,698 1520,698 1520,699 1522,701 1553,701 1554,703 1554,719 1555,719 2304,724 2306,726 2647,728 2647,729 2647,730 2652,734 3315,739 3315,739 3315,740 3318,743 3360,743 3360,743 3360,744 3361,746 3437,746 3440,749 3452,750 3455,752 3455,753 3455,754 3460,754 3462,755 3462,783 3462,784 3464,784 3466,785 3466,793 3464,795 3462,795 3462,795 3462,805 3461,806 3460,806 3459,807 3458,865 3457,867 3456,867 3455,867 3455,868 3454,870 3095,867 3094,868 3094,870 3094,870 2396,866 2395,866 2395,875 2395,876 1044,867 1043,867"/><TextEquiv index="1"><Unicode>LLvveETles vvnures</Unicode></TextEquiv></TextLine><TextLine id="r0_l002"><Coords points="3101,1053 3101,1053 3101,1049 3101,1048 1902,1040 1901,1040 1901,1010 1901,1009 1312,1006 1310,1004 1310,993 1310,993 1049,991 1047,989 1047,980 1047,980 1046,980 1043,977 1043,973 1045,972 1046,972 1046,971 1047,867 1048,867 1049,867 1051,864 1051,863 1052,863 1053,863 1058,857 1058,856 1060,855 1061,855 1063,857 1328,859 1328,859 1328,860 1329,861 1662,863 1664,865 2480,870 2482,872 3300,878 3300,878 3300,879 3303,882 3750,885 3751,886 3751,887 3753,889 3769,889 3771,891 4264,894 4265,895 4265,896 4268,899 4268,900 4270,902 4270,903 4271,904 4271,905 4272,906 4272,907 4273,908 4273,909 4274,910 4274,911 4275,912 4275,914 4276,915 4276,916 4277,917 4277,920 4278,921 4278,924 4279,925 4279,930 4280,931 4279,992 4278,993 4278,998 4277,999 4277,1002 4276,1003 4276,1006 4275,1007 4275,1008 4274,1009 4274,1011 4273,1012 4273,1013 4272,1014 4272,1015 4271,1016 4271,1017 4270,1018 4270,1019 4269,1020 4269,1021 4267,1023 4267,1024 4264,1027 4264,1028 4264,1029 3933,1027 3932,1027 3932,1029 3931,1030 3931,1031 3931,1032 3929,1032 3928,1032 3928,1034 3927,1036 3598,1034 3596,1036 3595,1036 3593,1037 3593,1038 3593,1038 3592,1038 3591,1039 3497,1039 3496,1039 3496,1054 3495,1055 3120,1052 3119,1053"/><TextEquiv index="1"><Unicode>bonheur? J'aime Fidelle, Monſieur, de-</Unicode></TextEquiv></TextLine><TextLine id="r0_l003"><Coords points="3916,1388 3916,1387 3916,1383 3915,1383 1938,1370 1937,1368 1937,1367 1935,1366 1934,1366 1932,1364 1277,1359 1276,1358 1276,1331 1276,1330 1083,1329 1081,1328 1081,1327 1080,1325 1075,1325 1073,1324 1073,1323 1072,1321 1071,1321 1070,1320 1070,1319 1068,1317 1067,1317 1066,1316 1066,1311 1065,1310 1060,1310 1058,1308 1058,1307 1057,1306 1056,1306 1055,1305 1055,1304 1054,1303 1055,1190 1055,1190 1046,1190 1045,1189 1044,1189 1043,1188 1043,1183 1045,1182 1046,1182 1046,1181 1047,1085 1047,1085 1048,1085 1049,1084 1057,1084 1058,1083 1058,1082 1059,1081 1090,1081 1092,1080 1092,1079 1093,1077 1219,1078 1220,1077 1220,1040 1222,1039 1223,1039 1223,1038 1223,1037 1225,1036 1396,1037 1397,1036 1400,1036 1401,1037 1907,1040 1908,1041 3381,1051 3383,1053 3480,1054 3481,1055 3495,1055 3496,1055 3496,1060 3497,1062 3498,1062 3499,1062 3499,1069 3499,1070 3945,1073 3946,1073 3946,1074 3947,1075 3947,1083 3947,1084 4263,1086 4264,1087 4265,1087 4277,1098 4277,1099 4280,1102 4280,1103 4282,1106 4282,1107 4283,1108 4283,1109 4284,1110 4284,1111 4285,1112 4285,1113 4286,1114 4286,1115 4287,1116 4287,1118 4288,1119 4288,1120 4289,1121 4289,1124 4290,1125 4290,1128 4291,1129 4290,1134 4291,1135 4291,1240 4292,1241 4292,1242 4293,1243 4293,1246 4294,1247 4294,1250 4295,1251 4295,1256 4296,1257 4295,1355 4294,1356 4294,1361 4293,1362 4293,1365 4292,1366 4292,1369 4291,1370 4291,1371 4290,1372 4290,1374 4289,1375 4289,1376 4288,1377 4288,1378 4287,1379 4287,1380 4286,1381 4286,1382 4285,1383 4285,1384 4283,1386 4283,1387 4282,1387 4269,1387 4268,1388 3939,1386 3939,1386 3939,1387 3938,1388"/><TextEquiv index="1"><Unicode>iejeamuiminmnit de ſaii action, ſi je ne</Unicode></TextEquiv></TextLine><TextLine id="r0_l004"><Coords points="2755,1557 2755,1557 2755,1553 2754,1552 1670,1545 1670,1544 1670,1542 1669,1542 1347,1540 1347,1539 1347,1533 1346,1533 1055,1531 1054,1529 1054,1528 1053,1528 1045,1528 1044,1527 1043,1527 1043,1526 1043,1427 1047,1424 1047,1423 1047,1423 1048,1423 1051,1420 1051,1419 1051,1419 1067,1419 1069,1417 1069,1416 1070,1415 1156,1416 1157,1415 1233,1415 1234,1415 1234,1414 1235,1413 1235,1402 1238,1399 1238,1391 1239,1389 1240,1389 1242,1388 1242,1383 1243,1381 1244,1381 1246,1380 1246,1379 1246,1378 1247,1378 1250,1376 1250,1375 1250,1374 1251,1374 1254,1372 1254,1371 1254,1370 1259,1370 1261,1369 1261,1368 1262,1366 1302,1367 1303,1366 1308,1366 1310,1364 1310,1363 1311,1362 1312,1362 1314,1363 1314,1365 1314,1366 1327,1366 1328,1366 1328,1367 1329,1369 1455,1370 1456,1371 3543,1384 3546,1381 3561,1381 3562,1382 4282,1387 4283,1388 4283,1389 4286,1392 4286,1393 4288,1395 4288,1396 4289,1397 4289,1398 4290,1399 4290,1400 4291,1401 4291,1402 4292,1403 4292,1404 4293,1405 4293,1407 4294,1408 4294,1409 4295,1410 4295,1413 4296,1414 4296,1417 4297,1418 4297,1423 4298,1424 4297,1526 4296,1527 4296,1532 4295,1533 4295,1536 4294,1537 4294,1540 4293,1541 4293,1542 4292,1543 4292,1545 4291,1546 4291,1547 4290,1548 4290,1549 4289,1550 4289,1551 4288,1551 4284,1551 4283,1552 4277,1552 4276,1553 4271,1553 4270,1554 4264,1554 4263,1555 3875,1552 3875,1553 3875,1556 3874,1556 3277,1552 3277,1553 3277,1559 3276,1559 3261,1559 3260,1560"/><TextEquiv index="1"><Unicode>poſſede ſon cœur &amp; ſa main. Il eſt vrai</Unicode></TextEquiv></TextLine><TextLine id="r0_l005"><Coords points="3117,1898 3116,1898 3117,1879 3116,1878 2970,1877 2970,1877 2970,1875 2968,1873 2966,1873 2966,1873 2966,1853 2965,1852 2181,1847 2181,1848 2181,1887 2180,1887 1998,1886 1998,1886 1998,1876 1997,1875 1299,1871 1299,1871 1299,1878 1298,1878 1283,1878 1283,1878 1283,1872 1282,1871 1090,1870 1088,1868 1088,1867 1087,1866 1082,1866 1081,1865 1081,1829 1080,1828 1044,1828 1043,1826 1043,1825 1041,1824 1040,1824 1039,1822 1040,1718 1039,1717 1041,1715 1042,1715 1043,1714 1043,1615 1045,1614 1046,1614 1047,1612 1047,1611 1048,1610 1049,1610 1050,1610 1051,1608 1051,1603 1052,1603 1053,1603 1055,1600 1055,1599 1056,1599 1057,1599 1058,1597 1058,1596 1060,1595 1065,1595 1066,1593 1066,1592 1067,1592 1068,1592 1068,1591 1069,1590 1069,1589 1071,1588 1072,1588 1072,1588 1073,1587 1073,1586 1075,1584 1144,1584 1145,1583 1346,1585 1346,1584 1347,1540 1347,1540 1583,1541 1585,1539 1586,1539 1588,1541 1588,1542 1589,1543 1598,1543 1599,1544 1685,1545 1687,1547 1688,1547 1689,1548 1688,1588 1689,1588 2413,1593 2413,1592 2414,1558 2414,1558 2415,1558 2418,1555 2418,1551 2419,1550 2435,1550 2436,1550 2436,1551 2437,1552 2437,1554 2437,1555 3260,1560 3261,1559 3371,1560 3372,1560 3372,1559 3372,1558 3377,1558 3379,1557 3379,1556 3380,1554 3855,1557 3856,1556 4262,1559 4263,1558 4263,1555 4264,1554 4270,1554 4271,1553 4276,1553 4277,1552 4283,1552 4284,1551 4288,1551 4294,1557 4294,1558 4297,1561 4297,1562 4299,1564 4299,1565 4300,1566 4300,1567 4301,1568 4301,1569 4302,1570 4302,1571 4303,1572 4303,1573 4304,1574 4304,1576 4305,1577 4304,1705 4303,1706 4303,1708 4302,1709 4302,1710 4301,1711 4301,1712 4300,1713 4299,1863 4298,1864 4298,1869 4297,1870 4297,1873 4296,1874 4296,1877 4295,1878 4295,1879 4294,1880 4294,1882 4293,1883 4293,1884 4292,1885 4292,1886 4291,1887 4291,1888 4290,1889 4290,1890 4289,1891 4289,1892 4287,1894 4286,1895 4283,1898 4280,1898 4279,1899 4273,1899 4272,1900 4266,1900 4265,1901 4264,1901 4263,1900 4263,1898 4262,1897 4263,1881 4262,1881 3615,1877 3615,1877 3615,1892 3614,1893 3435,1891 3434,1892 3434,1893 3434,1893 3423,1893 3422,1894 3140,1893 3139,1893 3139,1898 3139,1899"/><TextEquiv index="1"><Unicode>utimue as ele d dnns e ee loiinte</Unicode></TextEquiv></TextLine><TextLine id="r0_l006"><Coords points="3320,2067 3319,2066 3319,2059 3319,2059 3005,2057 3004,2056 3004,2051 3003,2050 3002,2050 3000,2048 3001,2025 3000,2025 1713,2016 1713,2017 1712,2052 1712,2052 1701,2052 1700,2052 1701,2036 1700,2035 1134,2031 1133,2030 1133,2029 1132,2028 1131,2027 1130,2027 1130,2027 1130,2026 1129,2025 1127,2023 1126,2023 1126,2023 1126,1998 1125,1997 1055,1997 1054,1995 1054,1994 1053,1994 1052,1993 1051,1993 1051,1992 1051,1991 1048,1989 1047,1989 1047,1988 1047,1987 1045,1986 1044,1986 1043,1984 1043,1934 1044,1934 1045,1934 1047,1931 1047,1926 1048,1926 1057,1926 1058,1924 1058,1923 1060,1922 1143,1922 1144,1921 1282,1922 1282,1922 1283,1884 1284,1883 1284,1879 1284,1878 2358,1885 2359,1884 2361,1886 3596,1895 3596,1894 3596,1893 3597,1893 3615,1893 3616,1894 4284,1898 4286,1900 4287,1900 4298,1912 4298,1913 4301,1916 4301,1917 4302,1918 4302,2041 4301,2042 4301,2043 4298,2046 4298,2047 4285,2059 4284,2059 4283,2060 4279,2060 4278,2061 3899,2059 3898,2059 3898,2063 3898,2064 3350,2060 3349,2060 3349,2065 3349,2066 3337,2066 3336,2067"/><TextEquiv index="1"><Unicode>après mon arrivée des Indes, je lui ai ren-</Unicode></TextEquiv></TextLine><TextLine id="r0_l007"><Coords points="1998,2228 1997,2228 1999,2226 2241,2228 2241,2227 2241,2227 1841,2224 1839,2223 1839,2222 1839,2221 1546,2219 1545,2219 1545,2216 1545,2215 1198,2213 1197,2212 1112,2211 1111,2211 1111,2210 1110,2208 1109,2208 1107,2207 1108,2167 1107,2166 1074,2166 1073,2165 1073,2164 1071,2162 1059,2162 1058,2160 1058,2159 1057,2159 1056,2159 1054,2156 1054,2155 1053,2155 1052,2155 1051,2153 1051,2149 1048,2147 1047,2147 1047,2146 1047,2141 1045,2140 1044,2140 1043,2138 1043,2126 1044,2125 1045,2125 1047,2123 1047,2107 1049,2106 1050,2106 1050,2105 1050,2104 1053,2102 1054,2102 1054,2101 1054,2100 1057,2098 1058,2098 1058,2097 1058,2096 1060,2095 1068,2095 1070,2093 1070,2092 1071,2091 1084,2091 1084,2091 1084,2048 1086,2046 1087,2046 1087,2046 1088,2045 1088,2044 1090,2042 1099,2042 1099,2042 1099,2041 1102,2038 1109,2038 1111,2040 1350,2042 1352,2044 1613,2046 1614,2047 1614,2048 1615,2049 1616,2049 1618,2051 3455,2063 3455,2062 3455,2061 3456,2061 3461,2061 3462,2059 3462,2058 3464,2057 4263,2062 4264,2061 4278,2061 4279,2060 4283,2060 4284,2061 4285,2061 4287,2063 4288,2063 4291,2066 4292,2066 4301,2076 4300,2216 4293,2223 3230,2216 3229,2217 3229,2222 3228,2223 3219,2223 3218,2224 3218,2225 3217,2226 2828,2224 2827,2224 2827,2225 2827,2226 2823,2225 2822,2226 2261,2223 2260,2223 2260,2228 2259,2230"/><TextEquiv index="1"><Unicode>du des ſoins, &amp; il m'a paru qu'elle n'é-</Unicode></TextEquiv></TextLine><TextLine id="r0_l008"><Coords points="2870,2404 2869,2403 2869,2399 2869,2399 2010,2393 2009,2393 2009,2382 2009,2381 1377,2377 1376,2376 1375,2376 1374,2376 1374,2375 1373,2373 1372,2373 1370,2371 1370,2370 1369,2369 1368,2369 1366,2367 1063,2365 1062,2364 1062,2362 1062,2362 1061,2362 1060,2361 1059,2361 1058,2360 1059,2332 1058,2332 1053,2332 1052,2331 1051,2331 1051,2330 1051,2329 1049,2328 1048,2328 1047,2326 1047,2275 1046,2275 1044,2275 1043,2273 1043,2272 1041,2271 1040,2271 1039,2269 1039,2262 1040,2261 1040,2260 1041,2260 1050,2260 1050,2259 1050,2258 1051,2258 1053,2256 1054,2256 1054,2255 1054,2254 1057,2252 1058,2252 1058,2251 1058,2245 1059,2245 1189,2246 1189,2245 1189,2221 1190,2220 1190,2219 1191,2219 1192,2219 1194,2216 1194,2215 1195,2215 1196,2215 1198,2213 1209,2213 1209,2213 1209,2214 1210,2215 1211,2215 1213,2217 2467,2225 2467,2225 2467,2224 2469,2222 2472,2222 2473,2223 2474,2223 2474,2224 2474,2225 2475,2225 2476,2226 2477,2226 2479,2228 3747,2237 3747,2236 3747,2235 3749,2234 4263,2237 4263,2236 4263,2223 4264,2223 4292,2223 4300,2232 4299,2398 4299,2398 3247,2391 3243,2395 2975,2393 2974,2394 2974,2404 2974,2404"/><TextEquiv index="1"><Unicode>toit point éloignée de les accepter: ſans</Unicode></TextEquiv></TextLine><TextLine id="r0_l009"><Coords points="1647,2561 1646,2560 1646,2550 1646,2550 1526,2549 1523,2546 1489,2546 1486,2543 1486,2510 1486,2510 1169,2508 1167,2506 1167,2505 1167,2505 1105,2504 1103,2503 1103,2502 1103,2501 1069,2501 1068,2500 1067,2500 1066,2499 1066,2498 1065,2497 1061,2497 1059,2495 1058,2495 1052,2489 1051,2489 1051,2488 1051,2487 1048,2485 1047,2485 1047,2484 1047,2479 1045,2478 1044,2478 1043,2476 1043,2456 1043,2456 1044,2456 1047,2453 1047,2445 1048,2444 1049,2444 1050,2443 1050,2442 1052,2440 1053,2440 1054,2439 1054,2438 1056,2436 1057,2436 1058,2435 1058,2434 1059,2433 1064,2433 1065,2432 1065,2431 1067,2429 1087,2429 1088,2429 1088,2379 1091,2376 1094,2376 1096,2379 1096,2380 1097,2380 1113,2380 1115,2382 2410,2391 2410,2390 2410,2378 2411,2378 2418,2378 2418,2378 2418,2389 2419,2390 2555,2391 2557,2393 2557,2394 2558,2395 2559,2395 2561,2397 2561,2401 2562,2402 2974,2404 2974,2405 2974,2433 2974,2433 4262,2442 4263,2441 4263,2398 4264,2398 4299,2398 4299,2399 4298,2568 4298,2568 4282,2568 4281,2567 4264,2567 4263,2566 4263,2561 4263,2561 2599,2550 2598,2551 2598,2567 2598,2567"/><TextEquiv index="1"><Unicode>doute que l'eſtime &amp; l'amitié que vous avez</Unicode></TextEquiv></TextLine><TextLine id="r0_l010"><Coords points="4263,2741 4263,2740 4263,2720 4263,2720 3502,2715 3499,2712 3499,2711 3499,2711 3498,2711 3496,2709 3496,2688 3496,2688 2342,2680 2341,2681 2162,2680 2161,2681 2160,2681 2159,2682 2159,2683 2159,2683 2158,2684 2157,2684 2156,2685 1866,2683 1864,2685 1863,2685 1862,2686 1862,2691 1861,2692 1860,2692 1858,2694 1858,2699 1858,2699 1857,2699 1854,2702 1854,2703 1854,2703 1853,2703 1851,2705 1851,2709 1849,2711 1845,2711 1843,2713 1843,2714 1843,2714 1841,2714 1839,2712 1045,2707 1043,2705 1043,2704 1042,2703 1033,2703 1032,2702 1032,2700 1034,2699 1035,2699 1035,2698 1036,2602 1036,2602 1041,2602 1043,2600 1043,2599 1044,2598 1056,2598 1058,2596 1058,2595 1058,2595 1059,2595 1060,2594 1156,2595 1157,2594 1639,2597 1640,2596 1640,2565 1642,2564 1643,2564 1646,2561 1650,2561 1651,2560 1661,2560 1662,2561 2847,2569 2848,2568 3804,2574 3804,2573 3804,2572 3805,2572 3806,2572 3807,2570 3807,2566 3810,2564 3814,2564 3815,2562 3815,2561 3816,2561 3818,2561 3819,2563 3819,2564 3820,2564 4281,2567 4282,2568 4298,2568 4298,2569 4297,2731 4294,2734 4294,2735 4287,2741"/><TextEquiv index="1"><Unicode>pour moi, y ont contribué beaucoup; elle</Unicode></TextEquiv></TextLine><TextLine id="r0_l011"><Coords points="2395,2893 2394,2892 1700,2887 1700,2887 1700,2882 1699,2881 1450,2880 1449,2878 1176,2876 1175,2875 1175,2874 1173,2872 1172,2872 1171,2871 1171,2836 1171,2836 1042,2835 1039,2832 1040,2778 1039,2778 1036,2778 1036,2777 1036,2767 1036,2767 1045,2767 1047,2765 1047,2764 1048,2763 1053,2763 1054,2762 1054,2757 1055,2756 1056,2756 1058,2754 1058,2742 1059,2741 1064,2741 1065,2740 1065,2739 1066,2738 1066,2734 1067,2733 1068,2733 1069,2733 1069,2732 1071,2729 1072,2729 1073,2729 1073,2728 1074,2726 1075,2726 1077,2725 1077,2724 1079,2722 1084,2722 1084,2722 1084,2721 1087,2718 1269,2719 1270,2718 2339,2725 2339,2725 2339,2724 2341,2722 2342,2722 2342,2722 2342,2721 2345,2718 3345,2725 3346,2723 3346,2722 3347,2722 3356,2722 3357,2723 3357,2724 3358,2725 3548,2726 3548,2727 3548,2736 3548,2736 4288,2741 4294,2747 4294,2748 4297,2751 4296,2881 4293,2884 4293,2885 4288,2889 4265,2889 4264,2890 3785,2887 3785,2887 3785,2897 3784,2898 3177,2894 3177,2894 3177,2897 3176,2898"/><TextEquiv index="1"><Unicode>ſeule peut me rendre heureux, &amp; les ex-</Unicode></TextEquiv></TextLine><TextLine id="r0_l012"><Coords points="4263,3095 4263,3094 4263,3073 4262,3073 2319,3060 2318,3061 1893,3058 1893,3059 1893,3060 1892,3060 1877,3060 1877,3060 1877,3048 1876,3047 1562,3045 1561,3044 1089,3041 1088,3040 1088,3001 1088,3000 1060,3000 1058,2998 1058,2997 1057,2996 1048,2996 1047,2995 1047,2982 1046,2981 1045,2981 1043,2979 1043,2974 1043,2974 1042,2974 1039,2971 1040,2951 1040,2951 1041,2951 1043,2949 1043,2945 1052,2936 1056,2936 1058,2934 1058,2930 1059,2929 1063,2929 1066,2926 1066,2925 1066,2925 1071,2925 1073,2924 1073,2923 1074,2921 1189,2922 1190,2921 1190,2887 1190,2887 1199,2887 1201,2885 1201,2884 1201,2884 1202,2884 1203,2883 1248,2883 1250,2882 1250,2881 1250,2880 1252,2880 1254,2882 3536,2897 3538,2895 3542,2895 3545,2893 3545,2892 3545,2891 4262,2896 4263,2895 4263,2890 4263,2890 4264,2890 4265,2889 4289,2889 4296,2896 4295,3074 4284,3084 4283,3084 4280,3087 4279,3087 4277,3089 4276,3089 4275,3090 4274,3090 4273,3091 4272,3091 4271,3092 4270,3092 4269,3093 4268,3093 4267,3094 4265,3094 4264,3095"/><TextEquiv index="1"><Unicode>cellens principes qu'elle a puiſés au ſervice</Unicode></TextEquiv></TextLine><TextLine id="r0_l013"><Coords points="1878,3226 1878,3226 1878,3210 1877,3209 1850,3209 1849,3210 1848,3210 1847,3212 1847,3213 1845,3214 1843,3214 1843,3214 1843,3181 1843,3180 1795,3180 1794,3180 1794,3198 1793,3199 1791,3199 1791,3199 1791,3201 1789,3203 1787,3203 1787,3202 1787,3180 1787,3180 1746,3179 1745,3180 1657,3180 1655,3178 1655,3177 1655,3177 1515,3176 1514,3177 1410,3176 1409,3177 1339,3177 1338,3176 1337,3176 1336,3175 1336,3174 1336,3174 1108,3172 1107,3173 1107,3202 1105,3203 1104,3203 1104,3204 1103,3205 1103,3206 1101,3207 1100,3207 1099,3209 1099,3210 1098,3210 1089,3210 1089,3211 1089,3212 1086,3214 1081,3214 1081,3214 1081,3174 1081,3173 1075,3173 1073,3172 1073,3171 1072,3169 1060,3169 1058,3167 1058,3166 1057,3165 1056,3165 1054,3163 1054,3158 1054,3158 1053,3158 1051,3156 1051,3152 1047,3148 1047,3144 1045,3142 1044,3142 1043,3141 1043,3136 1042,3135 1041,3135 1039,3133 1039,3122 1040,3121 1040,3120 1041,3120 1042,3120 1043,3118 1043,3114 1051,3106 1052,3105 1052,3105 1056,3105 1062,3099 1062,3098 1062,3098 1064,3098 1065,3097 1079,3097 1081,3096 1081,3095 1081,3094 1083,3094 1084,3094 1084,3051 1085,3049 1094,3049 1095,3049 1095,3048 1097,3045 1109,3045 1111,3047 1111,3048 1112,3049 1113,3049 1114,3050 1114,3051 1115,3052 1115,3093 1115,3093 1245,3094 1246,3094 1246,3054 1246,3053 1247,3053 1248,3052 1352,3053 1353,3052 1468,3053 1469,3052 1470,3052 1471,3051 1471,3050 1472,3049 1526,3049 1528,3051 1528,3052 1528,3052 1532,3052 1533,3053 1534,3053 1535,3054 1535,3055 1535,3055 1642,3056 1644,3057 1644,3058 1645,3060 1650,3060 1652,3061 1652,3063 1652,3064 1669,3064 1670,3064 1670,3065 1671,3066 1671,3099 1671,3100 1872,3101 1873,3101 1873,3069 1873,3068 1874,3068 1875,3067 1876,3067 1877,3067 1877,3061 1877,3060 1894,3060 1896,3062 1896,3063 1896,3063 1969,3064 1971,3065 1971,3066 1971,3067 1972,3067 1975,3069 1975,3070 1975,3071 1976,3071 1979,3073 1979,3074 1979,3075 1980,3075 1982,3076 1982,3100 1982,3101 2006,3101 2009,3104 2009,3105 2009,3105 2014,3105 2016,3107 2016,3108 2017,3109 2022,3109 2026,3113 2027,3113 2027,3114 2027,3149 2028,3149 2184,3150 2184,3150 2185,3077 2183,3075 2178,3075 2177,3074 2177,3066 2178,3064 2187,3064 2188,3064 2188,3063 2190,3060 2198,3060 2200,3059 2200,3058 2201,3056 2202,3056 2204,3058 2204,3060 2204,3060 2439,3062 2440,3061 2450,3061 2453,3064 2454,3064 2455,3065 2455,3066 2457,3068 2458,3068 2459,3069 2459,3104 2459,3104 2611,3105 2613,3107 2613,3108 2613,3108 2758,3109 2759,3109 2759,3108 2761,3105 2887,3106 2888,3105 2889,3105 2891,3103 2891,3098 2891,3098 2896,3098 2898,3096 2898,3095 2899,3094 2995,3095 2996,3094 2996,3072 2997,3071 2998,3071 3000,3069 3000,3068 3000,3068 3001,3068 3002,3067 3040,3067 3041,3066 3041,3065 3042,3064 3047,3064 3048,3063 3060,3063 3061,3064 3062,3064 3064,3066 3064,3108 3064,3108 3223,3109 3225,3108 3225,3107 3226,3105 3227,3105 3228,3106 3229,3107 3229,3108 3229,3108 3363,3109 3364,3109 3364,3070 3366,3067 3367,3067 3368,3067 3368,3062 3369,3060 3377,3060 3379,3062 3379,3064 3379,3064 3419,3064 3421,3066 3432,3066 3433,3067 3434,3068 3436,3069 3436,3074 3436,3075 3437,3075 3439,3076 3439,3108 3439,3109 3577,3109 3578,3110 3578,3111 3579,3112 3739,3113 3740,3113 3740,3102 3741,3101 3742,3101 3743,3100 3743,3093 3744,3092 3744,3091 3745,3090 3746,3090 3747,3089 3747,3084 3749,3082 3750,3082 3751,3081 3751,3080 3752,3079 3753,3079 3755,3077 3755,3072 3756,3071 3761,3071 3762,3070 3762,3069 3764,3067 3765,3067 3766,3066 3766,3065 3767,3064 3783,3064 3785,3065 3785,3066 3785,3067 3786,3067 3789,3069 3789,3112 3789,3113 3897,3114 3898,3113 3911,3113 3913,3114 3912,3118 3913,3119 3913,3138 3914,3139 3961,3139 3961,3139 3961,3140 3964,3143 3965,3143 3965,3143 3965,3164 3966,3165 3980,3165 3980,3166 3980,3169 3980,3169 3978,3169 3977,3170 3977,3171 3976,3172 3976,3173 3976,3173 3891,3172 3890,3173 3890,3183 3890,3183 3888,3183 3887,3184 3881,3184 3879,3186 3879,3187 3878,3188 3872,3188 3871,3189 3871,3203 3870,3203 3868,3203 3868,3204 3868,3205 3865,3207 3864,3207 3864,3208 3864,3209 3862,3210 3860,3210 3860,3210 3860,3209 3856,3205 3856,3193 3855,3192 3854,3192 3853,3191 3853,3190 3852,3188 3802,3188 3800,3186 3800,3185 3800,3185 3667,3184 3663,3188 3578,3187 3577,3188 3522,3188 3521,3189 3521,3234 3520,3234 3507,3234 3507,3233 3507,3188 3507,3188 3497,3188 3496,3188 3496,3201 3494,3203 3493,3203 3492,3201 3492,3200 3490,3199 3489,3199 3488,3197 3488,3188 3488,3188 3387,3187 3386,3188 3229,3187 3228,3188 3151,3188 3150,3188 3150,3194 3149,3195 3148,3195 3146,3197 3146,3198 3145,3199 3116,3198 3115,3199 3114,3199 3110,3203 3102,3203 3101,3202 3101,3185 3101,3184 2918,3183 2917,3184 2912,3184 2910,3186 2910,3187 2909,3188 2770,3187 2767,3190 2767,3191 2766,3191 2765,3191 2764,3192 2758,3192 2757,3191 2756,3191 2756,3191 2756,3190 2755,3188 2739,3188 2737,3186 2737,3185 2737,3185 2514,3183 2513,3184 2336,3183 2335,3184 2208,3183 2207,3184 2100,3184 2099,3184 2099,3185 2096,3188 2095,3188 2095,3188 2095,3197 2093,3199 2092,3199 2091,3200 2091,3205 2090,3206 2089,3206 2088,3207 2084,3207 2084,3207 2084,3208 2082,3210 2073,3210 2072,3208 2072,3181 2072,3181 1938,3180 1937,3180 1937,3205 1935,3207 1934,3207 1933,3208 1933,3209 1932,3210 1891,3209 1891,3210 1891,3226 1890,3226"/><TextEquiv index="1"><Unicode>de Miſſ Louiſe, lui tiennent lieu d'une for-</Unicode></TextEquiv></TextLine><TextLine id="r0_l014"><Coords points="4265,3431 4263,3429 4263,3425 4262,3424 4263,3401 4262,3401 1347,3382 1347,3382 1347,3390 1346,3391 1340,3391 1339,3390 1329,3390 1329,3389 1329,3373 1328,3373 1145,3372 1145,3371 1145,3339 1144,3339 1059,3338 1058,3336 1058,3335 1057,3334 1052,3334 1051,3333 1051,3332 1050,3331 1046,3331 1043,3328 1043,3282 1043,3282 1041,3282 1040,3281 1040,3280 1039,3279 1039,3272 1045,3267 1049,3267 1051,3264 1051,3263 1052,3263 1053,3263 1055,3260 1055,3259 1056,3259 1060,3259 1062,3257 1062,3256 1063,3255 1080,3255 1081,3255 1081,3231 1082,3229 1687,3233 1689,3232 1689,3231 1690,3229 1691,3229 1693,3228 1693,3227 1694,3225 1699,3225 1700,3225 1700,3224 1701,3222 1702,3222 1703,3221 1792,3222 1793,3221 3841,3234 3842,3233 3905,3234 3906,3233 3910,3233 3914,3229 4262,3231 4263,3230 4263,3156 4264,3156 4265,3156 4266,3157 4269,3157 4270,3158 4273,3158 4274,3159 4275,3159 4276,3160 4278,3160 4279,3161 4280,3161 4281,3162 4282,3162 4283,3163 4284,3163 4285,3164 4286,3164 4287,3165 4288,3165 4290,3167 4291,3167 4294,3171 4293,3419 4289,3422 4288,3422 4286,3424 4285,3424 4284,3425 4283,3425 4282,3426 4281,3426 4280,3427 4279,3427 4278,3428 4277,3428 4276,3429 4274,3429 4273,3430 4272,3430 4271,3431"/><TextEquiv index="1"><Unicode>tune conſidérable: M., parlez-en à Miſſ</Unicode></TextEquiv></TextLine><TextLine id="r0_l015"><Coords points="1611,3564 1611,3563 1611,3549 1610,3549 1524,3548 1524,3548 1524,3547 1521,3544 1520,3544 1520,3543 1520,3513 1519,3513 1187,3511 1186,3509 1186,3508 1185,3508 1044,3507 1043,3505 1044,3397 1043,3396 1043,3395 1042,3395 1041,3395 1039,3392 1041,3390 1042,3390 1043,3389 1043,3388 1044,3387 1045,3387 1047,3385 1047,3384 1048,3383 1075,3383 1077,3385 2457,3394 2459,3396 3389,3402 3390,3403 3390,3404 3390,3404 3392,3406 3393,3406 3394,3407 3393,3424 3394,3424 4264,3430 4265,3431 4270,3431 4271,3432 4272,3432 4273,3433 4274,3433 4276,3435 4277,3435 4280,3438 4281,3438 4292,3450 4292,3575 4290,3576 4265,3576 4264,3577 4263,3577 4262,3576 4262,3575 4262,3575 3931,3573 3931,3572 3931,3569 3930,3569 3541,3566 3538,3563 3537,3563 3537,3563 3537,3561 3536,3560 3534,3560 3533,3559 3533,3532 3532,3531 1971,3521 1971,3521 1971,3564 1970,3565 1633,3563 1632,3564"/><TextEquiv index="1"><Unicode>Louiſe, &amp; tâchez de m'obtenir ſon aveu.</Unicode></TextEquiv></TextLine><TextLine id="r0_l016"><Coords points="1939,3733 1938,3732 1938,3731 1938,3731 1405,3727 1404,3727 1405,3686 1404,3685 1118,3683 1118,3683 1118,3681 1117,3680 1104,3680 1104,3680 1104,3679 1101,3676 1093,3676 1092,3675 1092,3674 1090,3672 1085,3672 1085,3672 1085,3671 1082,3668 1081,3668 1081,3668 1081,3667 1079,3665 1074,3665 1073,3664 1073,3663 1072,3662 1071,3661 1070,3661 1070,3661 1070,3660 1067,3657 1066,3657 1066,3657 1066,3656 1063,3653 1062,3653 1062,3652 1062,3651 1059,3649 1058,3649 1058,3648 1058,3643 1056,3642 1055,3642 1054,3640 1054,3635 1054,3635 1053,3635 1051,3633 1051,3594 1053,3593 1054,3593 1054,3592 1054,3591 1056,3590 1057,3590 1058,3588 1058,3583 1060,3582 1065,3582 1066,3581 1066,3576 1067,3575 1068,3575 1070,3573 1070,3572 1071,3571 1072,3571 1072,3571 1073,3561 1073,3560 1074,3560 1075,3559 1076,3559 1077,3559 1077,3554 1078,3552 1140,3552 1141,3552 1143,3552 1145,3553 1145,3554 1146,3556 1705,3559 1707,3561 3104,3570 3105,3570 3105,3569 3106,3567 3121,3567 3122,3566 3540,3569 3541,3569 3541,3567 3541,3566 3606,3567 3610,3571 4291,3575 4291,3576 4290,3741 4290,3741 4283,3741 4282,3742 3954,3740 3953,3741 3298,3737 3297,3737 3297,3740 3297,3741 1948,3732 1947,3733"/><TextEquiv index="1"><Unicode>Cette réſolution me fit plaiſir, &amp; je lui</Unicode></TextEquiv></TextLine><TextLine id="r0_l017"><Coords points="1593,3899 1592,3899 1592,3887 1592,3886 1046,3883 1039,3876 1040,3787 1039,3786 1039,3779 1042,3777 1043,3777 1043,3776 1043,3775 1045,3774 1057,3774 1058,3772 1058,3771 1060,3770 1138,3770 1139,3769 1288,3770 1289,3769 1400,3770 1400,3770 1400,3738 1402,3736 1403,3736 1404,3735 1404,3728 1405,3727 1624,3729 1625,3728 1845,3729 1846,3728 1867,3728 1868,3729 1869,3729 1869,3730 1869,3731 1870,3731 3049,3739 3049,3738 3049,3737 3051,3736 3928,3742 3929,3741 4263,3743 4264,3742 4282,3742 4283,3741 4290,3741 4290,3742 4289,3907 4289,3907 4284,3907 4283,3908 4275,3908 4274,3909 4267,3909 4266,3910 3786,3907 3785,3908 3776,3908 3775,3907 3764,3907 3763,3906 3763,3905 3763,3905 2538,3897 2537,3897 2537,3905 2537,3906"/><TextEquiv index="1"><Unicode>promis de faire tout ce qui ſeroit en moi</Unicode></TextEquiv></TextLine><TextLine id="r0_l018"><Coords points="1909,4071 1908,4070 1908,4069 1908,4069 1479,4066 1478,4065 1478,4064 1478,4064 1374,4063 1373,4063 1373,4062 1376,4059 1455,4060 1455,4059 1455,4055 1455,4055 1046,4052 1038,4044 1037,4044 1036,4043 1037,4018 1036,4018 1002,4018 1002,4017 1002,4014 1002,4014 1004,4014 1005,4013 1005,4012 1006,4011 1006,4010 1006,4010 1008,4010 1009,4009 1009,3985 1010,3984 1038,3984 1039,3983 1039,3948 1042,3946 1050,3946 1051,3944 1051,3943 1052,3943 1053,3943 1055,3940 1055,3939 1056,3939 1153,3940 1154,3939 1162,3939 1164,3936 1164,3935 1165,3935 1460,3937 1460,3936 1460,3902 1461,3902 1462,3902 1464,3899 1464,3898 1465,3898 1466,3898 1467,3897 1480,3897 1481,3898 2007,3901 2008,3902 3319,3911 3321,3909 3333,3909 3334,3907 3334,3906 3336,3905 3375,3905 3375,3905 3375,3904 3378,3901 4289,3907 4289,3908 4288,4074 4288,4074 4285,4074 4284,4075 4279,4075 4278,4076 4272,4076 4271,4077 4266,4077 4265,4078 3974,4076 3973,4077 3973,4078 3973,4078 3862,4077 3861,4078 3710,4077 3709,4078 3699,4078 3698,4078 3698,4058 3698,4057 2562,4050 2561,4050 2561,4053 2559,4056 2446,4055 2445,4056 2445,4074 2445,4074"/><TextEquiv index="1"><Unicode>pour lui rendre ſervice. En effet, j'en</Unicode></TextEquiv></TextLine><TextLine id="r0_l019"><Coords points="2328,4410 2328,4410 2328,4398 2328,4397 1225,4390 1224,4390 1224,4389 1223,4388 1223,4380 1223,4379 1101,4378 1099,4377 1099,4376 1099,4375 1098,4375 1096,4374 1096,4354 1095,4352 1094,4352 1092,4351 1092,4350 1091,4348 1064,4348 1058,4342 1058,4341 1058,4341 1053,4341 1051,4339 1051,4331 1050,4330 1046,4330 1045,4329 1044,4329 1043,4327 1043,4259 1042,4259 950,4258 949,4257 949,4256 947,4254 946,4254 945,4253 945,4246 946,4245 946,4244 947,4243 1043,4244 1043,4243 1043,4217 1043,4217 1041,4217 1040,4216 1040,4215 1039,4214 1038,4213 1037,4213 1036,4212 1036,4210 1035,4209 1035,4208 1036,4207 1036,4206 1037,4206 1038,4206 1038,4205 1039,4117 1041,4115 1042,4115 1043,4114 1043,4113 1044,4112 1052,4112 1055,4109 1055,4108 1055,4108 1144,4109 1145,4108 1150,4108 1152,4106 1152,4105 1153,4104 1252,4104 1253,4104 1253,4069 1255,4067 1256,4067 1257,4066 1257,4065 1259,4063 1264,4063 1265,4062 1265,4061 1267,4059 3207,4072 3209,4070 3272,4070 3273,4069 4278,4076 4279,4075 4284,4075 4285,4074 4288,4074 4288,4075 4286,4417 4285,4417 2340,4404 2339,4405 2339,4410 2338,4410"/><TextEquiv index="1"><Unicode>ue ne u ou fones la promoſiion s</Unicode></TextEquiv></TextLine><TextLine id="r0_l020"><Coords points="2507,4577 2507,4577 2507,4533 2507,4532 1360,4525 1359,4525 1359,4549 1358,4551 1223,4550 1222,4551 1222,4563 1221,4563 1206,4563 1206,4562 1206,4556 1206,4556 1082,4555 1081,4555 1081,4554 1080,4553 1080,4518 1080,4517 1052,4517 1051,4516 1051,4515 1050,4514 1049,4513 1048,4513 1047,4512 1048,4405 1047,4405 1044,4405 1043,4403 1043,4402 1045,4401 1046,4401 1047,4399 1047,4398 1049,4397 1050,4397 1051,4395 1051,4394 1053,4393 1084,4393 1084,4393 1084,4381 1087,4378 1141,4379 1142,4378 1143,4378 1144,4379 1145,4379 1145,4379 1145,4392 1146,4393 1256,4393 1257,4395 1257,4396 1258,4396 3342,4410 3344,4408 3363,4408 3364,4409 4273,4415 4273,4416 4283,4416 4284,4417 4285,4417 4286,4418 4285,4579 4284,4579 4264,4579 4263,4580 3530,4575 3529,4576 3526,4576 3526,4576 3526,4570 3525,4569 3098,4566 3098,4566 3098,4565 3096,4562 3092,4562 3090,4561 3090,4537 3090,4536 2526,4533 2525,4533 2525,4577 2524,4578"/><TextEquiv index="1"><Unicode>Fidelle. Miſſ Louiſe lui repreſenta que</Unicode></TextEquiv></TextLine><TextLine id="r0_l021"><Coords points="2459,4748 2459,4748 2459,4744 2458,4743 2449,4743 2448,4742 2448,4707 2448,4706 1153,4698 1152,4698 1152,4719 1151,4720 1149,4720 1148,4718 1148,4687 1148,4687 1079,4686 1076,4683 1072,4683 1069,4681 1069,4680 1069,4679 1060,4679 1058,4677 1058,4676 1057,4675 1056,4675 1055,4674 1055,4673 1054,4672 1053,4671 1052,4671 1051,4670 1051,4669 1049,4667 1048,4667 1047,4666 1047,4650 1046,4649 1045,4649 1043,4647 1043,4642 1045,4641 1046,4641 1046,4640 1047,4631 1048,4630 1049,4630 1051,4628 1051,4623 1052,4622 1057,4622 1058,4621 1058,4616 1059,4615 1060,4615 1061,4615 1062,4614 1062,4613 1063,4611 1068,4611 1069,4611 1069,4610 1071,4607 1079,4607 1081,4606 1081,4605 1081,4604 1117,4604 1118,4604 1118,4568 1119,4566 1120,4566 1121,4566 1122,4565 1122,4564 1122,4563 1123,4563 1126,4561 1126,4560 1126,4559 1131,4559 1132,4558 1139,4559 1141,4560 1141,4561 1141,4562 1146,4562 1147,4563 1222,4563 1223,4564 1223,4565 1223,4565 1390,4566 1391,4567 3525,4581 3526,4581 3526,4577 3526,4576 3529,4576 3530,4575 3701,4576 3702,4575 4284,4579 4285,4580 4284,4749 4283,4749 4278,4749 4277,4748 4263,4748 4263,4747 4263,4706 4263,4706 3009,4698 3008,4698 3008,4713 3007,4714 3007,4715 3007,4716 2888,4715 2887,4715 2887,4734 2886,4735 2515,4733 2515,4733 2515,4734 2514,4735 2513,4735 2511,4737 2511,4738 2510,4738 2506,4738 2505,4739 2470,4739 2470,4740 2470,4748 2469,4748"/><TextEquiv index="1"><Unicode>c'étoit un excellent ſujet, que nous aimions</Unicode></TextEquiv></TextLine><TextLine id="r0_l022"><Coords points="3041,4916 3041,4915 3041,4895 3040,4895 1693,4886 1693,4887 1693,4888 1691,4889 1644,4889 1644,4889 1644,4895 1642,4897 1623,4897 1621,4895 1359,4893 1359,4892 1359,4891 1356,4889 1355,4889 1355,4888 1355,4859 1355,4859 1304,4859 1303,4858 1055,4856 1054,4855 1052,4855 1051,4854 1051,4853 1049,4851 1048,4851 1047,4850 1048,4742 1047,4741 1047,4732 1047,4732 1048,4732 1051,4729 1051,4728 1051,4728 1075,4728 1081,4734 1081,4736 1081,4736 2394,4745 2396,4743 2963,4746 2964,4745 2968,4745 2970,4744 2970,4743 2970,4743 3457,4746 3458,4745 3458,4744 3459,4743 4277,4748 4278,4749 4283,4749 4284,4750 4283,4911 4282,4911 3559,4906 3559,4907 3559,4910 3558,4910 3061,4907 3061,4908 3061,4915 3060,4915 3043,4915 3042,4916"/><TextEquiv index="1"><Unicode>beaucoup tous les deux, &amp; un homme</Unicode></TextEquiv></TextLine><TextLine id="r0_l023"><Coords points="2170,5082 2170,5082 2170,5042 2169,5041 1941,5040 1941,5040 1941,5079 1940,5080 1922,5080 1922,5079 1922,5040 1921,5040 1460,5037 1460,5037 1460,5038 1459,5039 1453,5039 1453,5039 1453,5045 1451,5047 1198,5045 1198,5045 1198,5068 1197,5069 1182,5069 1182,5068 1182,5024 1181,5024 1160,5024 1160,5023 1160,5022 1159,5022 1071,5021 1069,5019 1069,5018 1068,5017 1067,5017 1065,5015 1065,5014 1065,5013 1060,5013 1058,5011 1058,5010 1058,5010 1057,5009 1056,5009 1054,5007 1054,5006 1054,5006 1053,5006 1051,5004 1052,4919 1051,4919 1044,4919 1043,4917 1043,4912 1043,4912 1087,4912 1088,4912 1088,4903 1093,4897 1113,4897 1114,4898 1961,4904 1964,4906 1964,4907 1964,4908 3544,4918 3545,4918 3545,4917 3546,4915 3547,4915 3548,4915 3548,4911 3548,4910 4262,4915 4263,4914 4263,4911 4263,4911 4282,4911 4283,4912 4282,5092 4281,5092 4277,5092 4276,5093 4269,5093 4268,5094 4263,5094 4263,5093 4263,5055 4262,5055 3651,5051 3650,5049 3650,5048 3649,5047 3649,5043 3648,5043 2442,5035 2440,5038 2440,5039 2439,5039 2414,5039 2413,5040 2366,5040 2363,5043 2181,5041 2181,5042 2181,5082 2180,5082"/><TextEquiv index="1"><Unicode>dont le caractere &amp; les ſentimens étoient</Unicode></TextEquiv></TextLine><TextLine id="r0_l024"><Coords points="4273,5255 4272,5254 3256,5247 3256,5247 3256,5213 3255,5212 1606,5202 1606,5202 1606,5226 1605,5227 1604,5227 1603,5228 1603,5233 1602,5234 1601,5234 1600,5235 1588,5234 1587,5235 1574,5235 1573,5234 1573,5233 1572,5232 1352,5231 1351,5229 1351,5228 1349,5227 1348,5227 1347,5225 1347,5198 1346,5198 1250,5197 1250,5197 1250,5196 1248,5194 1066,5193 1066,5193 1066,5192 1063,5189 1062,5189 1062,5189 1062,5188 1060,5186 1055,5186 1055,5185 1055,5184 1052,5182 1051,5182 1051,5181 1051,5179 1050,5178 1050,5130 1050,5130 1046,5130 1045,5129 1044,5129 1043,5128 1043,5115 1044,5115 1045,5115 1046,5114 1061,5114 1066,5109 1066,5105 1068,5103 1177,5104 1177,5103 1178,5071 1180,5069 1198,5069 1199,5070 1200,5070 1201,5071 2887,5082 2888,5081 3291,5084 3297,5078 3297,5077 3297,5077 3694,5079 3696,5077 3719,5077 3721,5079 3721,5080 3721,5080 3722,5080 3725,5083 3725,5088 3725,5088 4281,5092 4282,5093 4281,5255 4280,5255"/><TextEquiv index="1"><Unicode>très-propres à faire le bonheur d'une fem-</Unicode></TextEquiv></TextLine><TextLine id="r0_l025"><Coords points="4264,5445 4263,5444 4263,5423 4263,5423 2366,5411 2365,5411 2365,5419 2365,5420 2351,5419 2350,5418 1611,5414 1610,5413 1610,5411 1610,5411 1189,5408 1188,5407 1188,5400 1188,5400 1184,5400 1181,5397 1073,5396 1073,5396 1073,5364 1072,5363 1004,5363 1003,5362 1002,5362 1002,5361 1002,5359 1002,5359 1003,5359 1004,5358 1046,5358 1047,5357 1047,5292 1049,5291 1050,5291 1050,5290 1050,5289 1053,5287 1058,5287 1058,5287 1058,5286 1061,5283 1069,5283 1069,5283 1069,5282 1071,5280 1392,5282 1392,5282 1392,5248 1394,5246 1403,5246 1404,5246 1404,5243 1404,5242 1453,5243 1454,5242 1458,5242 1460,5243 1460,5244 1461,5246 1477,5246 1478,5247 1479,5247 1479,5247 1479,5248 1480,5249 1481,5250 1482,5250 1483,5251 1483,5252 1484,5253 1485,5253 1486,5254 1486,5273 1487,5274 2987,5284 2988,5283 3187,5284 3187,5283 3188,5246 3188,5246 3197,5246 3199,5245 3199,5244 3200,5242 3201,5242 3202,5243 3927,5248 3929,5250 3930,5250 3931,5250 3931,5251 3931,5252 4272,5254 4273,5255 4280,5255 4281,5256 4279,5445 4279,5445"/><TextEquiv index="1"><Unicode>me. En un mot, nous ne tardâmes pas à</Unicode></TextEquiv></TextLine><TextLine id="r0_l026"><Coords points="4266,5635 4263,5632 4263,5593 4263,5593 2869,5584 2868,5584 2868,5585 2869,5586 2869,5587 2868,5588 2868,5589 2868,5590 2005,5584 2004,5585 2002,5585 2001,5584 1742,5582 1741,5581 1624,5581 1623,5580 1624,5537 1623,5537 1322,5535 1320,5533 1245,5532 1244,5531 1164,5531 1162,5529 1082,5528 1081,5527 1081,5526 1079,5524 1067,5524 1065,5522 1065,5521 1064,5520 1059,5520 1058,5519 1058,5514 1057,5513 1056,5513 1054,5510 1054,5509 1053,5509 1052,5509 1051,5507 1051,5492 1050,5491 1050,5490 1049,5490 1048,5490 1047,5488 1047,5480 1051,5476 1051,5472 1053,5471 1054,5471 1054,5470 1054,5465 1056,5464 1057,5464 1057,5463 1058,5463 1058,5462 1060,5460 1061,5460 1062,5459 1062,5458 1064,5456 1065,5456 1066,5455 1066,5454 1067,5453 1068,5453 1069,5452 1096,5452 1096,5452 1096,5405 1097,5404 1110,5404 1111,5406 1111,5407 1112,5407 1197,5408 1197,5408 1197,5409 1198,5410 2805,5420 2806,5419 2807,5419 2808,5418 2808,5416 2810,5414 3034,5416 3035,5415 3710,5419 3711,5418 3729,5418 3729,5419 3729,5425 3730,5425 3731,5425 3732,5427 3732,5441 3733,5442 4279,5445 4279,5446 4278,5633 4278,5633 4275,5633 4274,5634 4271,5634 4270,5635"/><TextEquiv index="1"><Unicode>découvrir à ſon air &amp; à ſes réponſes,</Unicode></TextEquiv></TextLine><TextLine id="r0_l027"><Coords points="1224,5748 1223,5748 1223,5740 1223,5739 1094,5738 1092,5737 1092,5736 1091,5735 1091,5734 1090,5734 1088,5733 1089,5702 1088,5701 1072,5701 1071,5700 1070,5700 1069,5699 1069,5698 1068,5697 1067,5697 1066,5696 1066,5695 1065,5694 1064,5693 1063,5693 1062,5692 1062,5691 1060,5689 1059,5689 1058,5688 1058,5683 1057,5682 1052,5682 1051,5680 1051,5679 1050,5678 1049,5678 1048,5678 1047,5676 1047,5660 1048,5659 1049,5659 1051,5657 1051,5641 1052,5640 1057,5640 1058,5640 1058,5635 1059,5633 1060,5633 1061,5633 1062,5632 1062,5631 1063,5629 1064,5629 1065,5629 1066,5628 1066,5627 1068,5625 1069,5625 1069,5625 1069,5624 1072,5621 1139,5622 1141,5619 1141,5618 1142,5618 1231,5618 1231,5618 1231,5586 1233,5584 1234,5584 1234,5584 1234,5583 1237,5580 1345,5581 1346,5580 1622,5582 1623,5581 1640,5581 1641,5582 2966,5590 2966,5590 2966,5589 2968,5588 3465,5591 3466,5589 3466,5585 3468,5584 3639,5585 3640,5584 3641,5584 3642,5583 3647,5583 3648,5584 3653,5584 3653,5584 3653,5585 3654,5586 3654,5587 3655,5588 3908,5590 3909,5591 3913,5591 3913,5591 3913,5630 3914,5631 4264,5633 4266,5636 4265,5724 4264,5724 4264,5729 4264,5730 4263,5729 4263,5719 4263,5719 3014,5711 3013,5712 2820,5711 2819,5712 2749,5711 2748,5712 2748,5745 2748,5745 2747,5745 2746,5746 2724,5746 2722,5744 2722,5716 2722,5716 1243,5706 1242,5707 1242,5748 1242,5748"/><TextEquiv index="1"><Unicode>qu'elle l'aimoit autant qu'elle en étoit ai-</Unicode></TextEquiv></TextLine><TextLine id="r0_l028"><Coords points="1420,5918 1419,5918 1419,5917 1418,5915 1141,5914 1140,5913 1082,5912 1081,5912 1081,5867 1081,5866 1046,5866 1045,5865 1044,5865 1043,5864 1043,5856 1043,5855 1043,5792 1045,5790 1061,5790 1062,5790 1062,5789 1063,5787 1215,5788 1216,5788 1216,5777 1217,5776 1218,5776 1220,5774 1220,5770 1222,5768 1223,5768 1223,5768 1223,5749 1224,5748 1629,5751 1631,5749 1635,5749 1641,5755 1985,5757 1986,5759 1986,5788 1986,5788 2984,5795 2985,5794 2985,5757 2986,5757 3003,5757 3004,5758 3004,5759 3005,5760 3006,5760 3007,5761 3007,5762 3008,5763 3008,5782 3009,5783 3090,5783 3090,5784 3090,5790 3090,5790 4262,5798 4263,5797 4263,5741 4264,5741 4277,5741 4277,5742 4276,5919 4276,5919 3433,5914 3432,5914 3432,5924 3432,5925 3428,5925 3427,5926 3414,5925 3413,5925 3413,5924 3413,5923 2652,5918 2651,5918 2651,5917 2650,5915 2631,5915 2630,5914 2629,5914 2628,5914 2628,5887 2628,5886 1704,5880 1703,5881 1467,5880 1466,5881 1465,5881 1464,5881 1464,5882 1462,5885 1461,5885 1460,5885 1460,5886 1455,5892 1454,5892 1453,5892 1453,5893 1451,5896 1450,5896 1449,5896 1449,5897 1447,5900 1439,5900 1437,5901 1437,5902 1437,5902 1433,5902 1432,5903 1424,5903 1423,5904 1423,5917 1422,5918"/><TextEquiv index="1"><Unicode>mée; &amp; elle nous promit, en rou-</Unicode></TextEquiv></TextLine><TextLine id="r0_l029"><Coords points="2209,6093 2208,6091 2208,6077 2208,6077 1101,6069 1099,6071 1099,6072 1099,6072 1075,6072 1073,6071 1073,6070 1073,6069 1061,6069 1060,6068 1048,6068 1047,6067 1047,6066 1045,6064 1044,6064 1043,6063 1043,6062 1042,6061 1041,6061 1040,6060 1040,6059 1038,6057 1037,6057 1036,6056 1036,6031 1037,6031 1038,6031 1038,6030 1039,5991 1041,5989 1042,5989 1043,5988 1043,5957 1044,5956 1080,5956 1081,5956 1081,5913 1082,5912 1212,5913 1214,5911 1264,5911 1265,5913 1265,5914 1266,5914 1267,5914 1268,5915 1726,5918 1728,5920 1951,5922 1952,5923 1952,5924 1953,5925 2045,5925 2046,5927 2046,5928 2047,5928 2048,5928 2050,5931 2050,5950 2050,5951 3412,5959 3413,5959 3413,5926 3414,5925 3427,5926 3428,5925 3635,5926 3635,5925 3635,5922 3636,5922 3656,5922 3657,5921 3657,5920 3659,5918 4263,5922 4263,5921 4263,5919 4264,5919 4276,5919 4276,5920 4275,6078 4275,6078 3726,6074 3725,6075 3725,6082 3725,6082 3706,6082 3705,6083 3017,6079 3016,6079 3016,6086 3016,6087 3013,6087 3012,6088 2212,6083 2211,6083 2211,6092 2210,6093"/><TextEquiv index="1"><Unicode>giſſant, de fuivre en tout nos avis. Tru-</Unicode></TextEquiv></TextLine><TextLine id="r0_l030"><Coords points="2839,6245 2838,6243 2838,6242 2837,6241 2829,6241 2827,6239 2827,6238 2827,6238 2826,6238 2823,6235 2823,6233 2823,6233 2404,6230 2403,6229 2403,6221 2403,6221 2097,6219 2095,6217 1792,6215 1791,6214 1791,6213 1791,6213 1507,6211 1505,6209 1232,6207 1231,6207 1231,6206 1231,6205 1056,6204 1055,6204 1055,6203 1054,6201 1054,6200 1054,6200 1049,6200 1047,6198 1048,6144 1047,6144 1045,6144 1044,6143 1043,6143 1043,6142 1043,6137 1041,6136 1040,6136 1039,6134 1039,6126 1040,6125 1410,6127 1411,6127 1411,6123 1412,6121 1413,6121 1415,6120 1415,6112 1420,6106 1421,6106 1422,6106 1422,6105 1424,6102 1425,6102 1426,6102 1426,6101 1428,6098 1429,6098 1430,6098 1430,6097 1431,6096 1431,6095 1435,6090 1439,6091 1444,6087 1842,6089 1845,6087 2560,6092 2561,6091 2767,6092 2768,6091 2769,6091 2771,6090 2771,6089 2773,6087 2778,6087 2778,6087 2778,6086 2780,6084 2973,6086 2975,6084 3698,6088 3698,6088 3698,6084 3699,6083 3705,6083 3706,6082 3841,6083 3841,6083 3841,6082 3843,6080 4263,6083 4263,6082 4263,6078 4264,6078 4275,6078 4275,6079 4274,6252 4273,6252 3530,6247 3529,6248 3525,6248 3524,6249"/><TextEquiv index="1"><Unicode>man fit mille folies, lorſqu'il aprit qu'elle</Unicode></TextEquiv></TextLine><TextLine id="r0_l031"><Coords points="1956,6427 1956,6426 1956,6378 1956,6378 1839,6377 1838,6376 1837,6376 1836,6376 1836,6375 1836,6374 1590,6373 1589,6371 1236,6369 1235,6369 1235,6368 1234,6367 1234,6366 1234,6365 1173,6365 1171,6363 1076,6362 1073,6360 1073,6359 1073,6358 1060,6358 1058,6357 1058,6348 1057,6346 1056,6346 1054,6344 1054,6339 1054,6339 1053,6339 1051,6337 1051,6336 1050,6335 1050,6334 1051,6333 1051,6332 1053,6331 1054,6331 1054,6330 1054,6325 1056,6324 1057,6324 1058,6323 1059,6314 1060,6312 1061,6312 1062,6312 1062,6307 1063,6305 1068,6305 1069,6305 1069,6300 1070,6298 1074,6298 1075,6297 1076,6297 1077,6297 1077,6296 1078,6294 1082,6294 1085,6292 1085,6291 1085,6290 1156,6291 1157,6290 1312,6291 1313,6290 1313,6285 1314,6284 1314,6283 1314,6283 1315,6283 1317,6281 1317,6280 1318,6279 1319,6279 1321,6277 1321,6269 1329,6261 1329,6257 1330,6256 1335,6256 1336,6255 1336,6254 1338,6252 1342,6252 1344,6250 1344,6249 1344,6249 2744,6258 2745,6258 2745,6254 2746,6252 2777,6252 2778,6252 2778,6251 2779,6249 3510,6254 3512,6252 3513,6252 3515,6251 3515,6250 3515,6249 3524,6249 3525,6248 3732,6250 3733,6249 3741,6249 3744,6246 3744,6245 3745,6245 3758,6245 3759,6246 3759,6247 3759,6248 4263,6251 4264,6252 4273,6252 4274,6253 4273,6419 4272,6419 4271,6419 4270,6420 4267,6420 4266,6421 4263,6421 4263,6420 4263,6419 4262,6419 2854,6410 2854,6410 2854,6420 2853,6421 2312,6417 2312,6418 2312,6423 2311,6423 2302,6423 2301,6424 1974,6422 1974,6423 1974,6427 1973,6427"/><TextEquiv index="1"><Unicode>conſentoit à l'épouſer. Je le menai chez</Unicode></TextEquiv></TextLine><TextLine id="r0_l032"><Coords points="4263,6621 4263,6621 4263,6583 4262,6582 2343,6569 2343,6570 2343,6571 2341,6572 2340,6572 2339,6574 2339,6575 2337,6576 2313,6576 2313,6577 2313,6578 2311,6579 2306,6579 2305,6581 2305,6586 2303,6587 2295,6587 2294,6586 2294,6585 2293,6584 2096,6583 2095,6581 2095,6579 2094,6579 1078,6572 1077,6571 1077,6570 1075,6568 1070,6568 1070,6568 1070,6567 1067,6564 1062,6564 1062,6564 1062,6533 1058,6529 1058,6528 1058,6527 1057,6527 1054,6525 1054,6507 1057,6504 1058,6450 1059,6448 1060,6448 1062,6447 1062,6435 1066,6431 1066,6427 1067,6425 1068,6425 1069,6425 1069,6424 1071,6421 1072,6421 1073,6421 1073,6420 1074,6418 1079,6418 1080,6418 1080,6417 1086,6410 1106,6410 1107,6410 1107,6397 1108,6395 1109,6395 1110,6395 1111,6394 1111,6393 1112,6391 1113,6391 1114,6392 1115,6393 1115,6394 1115,6394 1165,6395 1167,6396 1167,6407 1167,6408 3491,6423 3492,6422 3493,6422 3496,6419 3496,6415 3497,6414 3498,6414 3499,6413 3516,6413 3517,6412 3521,6412 3522,6413 3522,6414 3522,6414 4272,6419 4273,6420 4272,6621 4271,6621"/><TextEquiv index="1"><Unicode>Sir Walter, à qui je fis ſi bien connoître ſon</Unicode></TextEquiv></TextLine></TextRegion></Page></PcGts>