4266 7838
1076 845 3490 1022 15 LAviettlEsAvettures
1065 1005 3935 1190 dit qu'en voyageant il avoit entendu parlet
1046 1137 4266 1356 de moi à la Ville prochaine; que quoiqu'il
1076 1346 4267 1526 me fût inconnu à preſent, il m'avoit rendu
1076 1514 4267 1690 anciennement quelques ſervices; qu'il s'é-
1079 1664 4267 1853 toit déterminé à s'éloigner de ſon chemin
1079 1846 4268 2035 pour me venir féliciter ſur mon retour en
1080 2013 4269 2353 ſe eeeeeee a de ceine e u , amue.
975 2336 4269 2519 duiſis: je lui dis en même-tems que j'étois
1079 2502 4269 2678 fâché d'avoir perdu le ſouvenir des obli-
1079 2661 4270 2839 gations que je lui avois; mais que je n'a-
1079 2825 4270 3025 vois point le bonheur de me rapeller ſes
1083 2996 4270 3203 traits. Madame Rich, Serene & Louiſe,
1068 3163 4271 3342 entendirent ſa voix de la chambre voiſine;
1098 3330 4271 3504 & comme il n'y avoit alors que ceux qui
1087 3493 4271 3670 étoient dans le ſecret, elles s'avancerent en
1054 3660 4272 3833 s'écriant: ah! c'eſt vous, Colonel Williams?
1083 3825 4272 4009 Que nous ſommes heureuſes de vous voir
1085 3994 4273 4167 ici! Ce nom & les complimens qu'ils ſe
1083 4158 4273 4335 firent, me rapellerent que c'étoit ſans doute
1087 4331 4273 4507 ce généreux Officier dont Louiſe m'avoit
1087 4492 4274 4652 parlé avec tant de diſtinction. C'étoit lui
1061 4621 4274 4832 en effet; mais il fut ſi ſurpris de voir Miſſ
1065 4819 4274 5019 Louiſe, que pendant quelque tems il eut
1087 4992 4275 5355 ann dee eiſtui ee ous aaneures ira
1061 5324 4275 5513 nous fit compliment ſur notre bonheur.
1083 5480 4276 5663 Nous l'engageâmes à reſter avec nous juſ-
1102 5615 4276 5847 qu'à la concluſion de nos mariages, & il
1098 5829 4272 5989 y conſentit avec joie. Sa preſence nous en-
1102 5985 3961 6160 gagea tout naturellement à parler de l'E-
1105 6120 4277 6320 cuyer Rich, qui vivoit alors dans un petit
1102 6299 4278 6488 bien à Duncaſtre, où il paſſoit ſon tems
1046 6468 4278 6678 d'une maniere digne de lui. Pour moi, je
