4266 7808
1049 772 3445 955 LA VieETLes aventures
1038 941 3907 1124 ter nous preſſa d'accepter un dîner chez lui.
1034 1108 3933 1289 Nous nous rendîmes à ſa maiſon, où il avoit
1038 1274 3900 1460 invité toute la Nobleſſe du voiſinage. Im-
1034 1445 3896 1620 médiatement avant que de nous mettre à
1034 1611 3941 1783 table, mon pere le tira à l'écart dans une
1038 1780 3918 1960 chambre où il n'y avoit que Louiſe & ſa
1034 1947 3896 2132 tante maſquées toutes deux, lui & moi,
1038 2110 3907 2289 & il lui parla ainſi. Sir Walter, la Provi-
1030 2276 3988 2457 dence diſpoſe toutes choſes pour le mieux;
1023 2443 3996 2611 elle nous a rendu tous heureux aujourd'hui
1016 2605 3929 2778 par des moyens que l'on n'auroit pas pu
1019 2772 3937 2945 prévoir. Si ces jeunes gens vous ont fait
1023 2938 3911 3114 une petite ſupercherie, ç'a été pour aug-
1023 3105 3944 3282 menter le plaiſir que vous allez goûter, j'en
1016 3275 3933 3446 ſuis sûr, quand vous reconnoîtrez dans
1016 3437 3940 3616 Madame Thompſon, épouſe de mon fils,
1016 3604 3948 3778 cette même Louiſe dont vous avez pleuré
1012 3774 3937 4099 a es peunoua, &lu deonalſ a bſétie
1009 4100 3901 4272 tion. Sir Walter reſta quelque tems immo-
1016 4269 3926 4439 bile, mais il reconnut bientôt ſa fille; &
1005 4432 3933 4604 ſans s'informer davantage de cette affaire,
853 4595 3940 4772 il nous embraſſa les uns après les autres,
1016 4765 3940 4939 & ſe livra à des tranſports de joie tels qu'on
1008 4935 3944 5108 auroit cru qu'il perdoit l'uſage de ſes ſens.
1005 5097 3903 5272 Enfin nous répandîmes des larmes de con-
1008 5264 3937 5439 cert; & ma chere Louiſe ſe jetta à ſon col,
968 5430 3944 5605 tandis qu'il la tenoit ſerrée dans ſes bras,
1016 5597 3903 5771 & répétoit de tems en tems: c'eſt elle-mê-
1005 5763 3948 5935 me: que je ſuis heureux, oui, heureux à
1008 5929 3937 6100 jamais! Quand ſa ſœur ſe ſut démaſquée
1012 6088 3904 6255 auſſi, & qu'elle lui eut apris en peu de mots
1012 6251 3944 6431 tout ce que cette aventure avoit de ſurpre
849 6416 3929 6595 nant, il lui proteſta qu'il l'en aimeroit dar
