4266 7795
1068 640 3436 857 io LA viErlesaventore
759 854 3927 1017 & Mme Bellair, avant que de retoutor à
1068 1017 3893 1186 Londres. Sharpley, ſa chere Serene avac
1065 1183 4192 1345 le Colonel Villiams, accompagnerent Ma-
1072 1345 3923 1517 dame Rich dans ſa Terre du Comté de
1065 1511 3923 1662 Sommerſet, dont ils doivent jouir à ſa mort.
1068 1673 3923 1847 Prig retourna à Londres avec M. Archer
1068 1839 3919 2010 qui étoit ſur le point de s'y établir dans le
1065 2005 3923 2176 commerce. Nos adieux furent touchans,
1057 2172 3927 2300 mais comme nous avions tous une fortune
1065 2330 3927 2501 aſſez conſidérable pour pouvoir nous aller
995 2492 3927 2651 viſiter les uns les autres, en quelqu'endroit
1057 2658 3923 2822 que fuſſent nos demeures, nous nous con-
1057 2820 3923 2979 ſolâmes dans l'eſpoir de nous revoir de tems
1065 2986 4056 3157 en tems, & d'entretenir enſemble un com-
1062 3139 3920 3286 merce de Lettres. M. Archer & M. Shar-
1058 3315 3920 3481 pley allerent chacun paſſer quelques mois
1061 3484 3915 3652 avec leurs fils; de ſorte que notre bonheur
1057 3642 3919 3818 ſe trouva bientôt concentré dans l'intérieur
1061 3808 3949 3984 de notre maiſon. Truman a acheté un aſſez
1046 3970 3915 4149 joli bien auprès de nous; il y paſſe une
755 4140 3915 4311 vie heureuſe avec Fidelle, vient ſouvent
851 4294 3919 4467 nous voir, & a trouvé le ſecret de ſe faire
1057 4465 3941 4636 aimer de tout le monde. Pour moi, je goû-
1054 4631 3912 4798 te dans la ſociété de ma charmante épouſe
1054 4793 3937 4965 tous les plaiſirs & la conſolation qu'un hom-
1065 4951 3919 5126 me peut deſirer, & qui lui font aimer la
1065 5121 3919 5295 vie. Sa vertu, ſa prudence, & toutes ſes
1050 5280 3912 5454 bonnes qualités la rendent chere à tous ceux
1061 5449 4240 5622 qui la connoiſſent; & je fais tout mon poſ-
1061 5608 3923 5788 ſible pour mériter de ſa part l'eſtime &
1061 5778 3927 5951 l'amitié propres à entretenir le bonheur des
1065 5943 3915 6116 gens de notre état. Mon pere & ma mere
1068 6098 4240 6276 ſont encore vivans, & ne peuvent paſſer
1065 6257 3923 6434 un inſtant éloignés de ma charmante Loui-
