4266 7808
2729 698 3157 934 i
731 1420 2953 1596 D
67 1665 3002 1883 DESCHAPITRES
132 1951 2876 2147 Contenus dans la quatrieme Partie.
-12 2134 3175 2571 Cau ſ un l ee neer ſe seea e
47 2547 3138 2713 de ſes amis. Ils ſe racontent l'un à l'au-
110 2709 3183 2877 tre leurs Aventures. M. Diaper lui fait
99 2875 3146 3054 le détail de ſon naufrage, & de la ma-
58 3038 3179 3216 niere dont il s'eſt ſauvé. Les vaiſſeaux
35 3204 3194 3401 partent de conſerve, & ſont diſperſés par
2554 3381 3135 3538 pager
62 3381 2036 3545 une violente tempête.
-9 3474 3149 3733 Chap. LIIl. Ils arrivent à Madere. Aven-
46 3696 3393 3866 ture extraordinaire. Il ſauve un ancien
62 3859 3190 4031 ami d'une troupe de brigands. Ils ſont
58 4010 3190 4196 bleſſés tous les deux dans l'action. Leur
43 4183 3194 4408 joie mutuelle à la vue l'un de l'autre. M.
47 4347 3219 4530 Archer lui aprend la cauſe de cet acci-
51 4517 3256 4696 dent. Il s'embarque avec le Capitaine
49 4676 3142 4868 Beeckman, & ils arrivent à Amſter-
292 4853 728 4969 dam.
-6 4935 3201 5199 Chap. LIV. M. Saris part pour l'Irlande.
56 5172 3197 5357 Archer quitte Thompſon, & s'embarque
62 5345 3149 5534 pour Oporto. Thompſon ſe défait avan-
99 5508 3401 5693 tageuſement de ſon diamant. Il va voir
132 5659 3190 5867 Roterdam & autres Places de Hollande.
125 5830 3153 6022 Il s'embarque pour Londres ſur un Vaiſ-
122 6003 3197 6192 ſeau qui eſt pris par les François.
-3 6112 3153 6375 Chap. LV. Il part pour Paris. Rend ſer-
150 6347 3205 6529 vice à un Officier Anglois qui étoit dans
158 6506 1323 6673 IV Partie.
