4266 7902
1471 653 3214 891 TABLE
1201 867 4309 1070 le beſoin, & la reconnoît pour un ancien
919 1041 4308 1257 ami. Ils ſe racontent l'un à l'autre leurs
1148 1212 4307 1423 aventures, & vont enſemble à J'erſailles,
1268 1374 4306 1560 o l'Officier devient amoureux d'une Da-
1268 1541 4305 1746 me qu'il rencontre dans les jardins.8
1107 1691 4303 1898 ChAp. LVI. Sharpley faite de grands pro-
1043 1880 4302 2088 grès dans ſes amours. Il preſenteun Page
1272 2045 4302 2235 a Thompſon, à la priere de Serene. Il
1208 2219 4300 2410 part pour ſe rendre en Normandie chez le
1208 2388 4299 2561 Marquis de Houdancourt. Ils ſont atta-
1268 2553 4298 2737 qués en chemin par des voleurs. Son Page
1208 2718 4297 2903 lui ſauve la vie. Hiſtoire du Marquis &
1268 2894 4296 3080 de la belle Marguerite Daulnay. Ils la
1272 3056 4295 3270 tirent de ſa priſon, & elle épouſe le Mar-
3736 3227 4294 3439 L.
1238 3232 1798 3387 quis.
1020 3349 4292 3579 hap. LVII. Il revient à Paris. On pro-
1208 3567 4292 3753 poſe un mariage à Thompſon. Conduite
1205 3725 4290 3898 d'Eſtampe dans cette occaſion. Il lui de-
1238 3893 4289 4079 mande une grace. Incendie terrible dans
1205 4048 4288 4241 la maiſon de M. Dupleſſis. Il va trou-
957 4228 4287 4403 ver Serene. Voit chez ellela ſœur d'Eſ-
1073 4393 4286 4580 tampe. Reconnoiſſance tendre. Joie de
1193 4566 4285 4742 Sharpley & de toute la compagnie. 66
1115 4727 4284 4913 hap.. LVIII. Aventure de Miſſ Louiſe
3668 4899 4283 5077 o
1287 4912 1761 5036 Rich.
1107 5069 4282 5250 Chap. L. Ils arrangent leurs affaires en
1280 5235 4281 5404 France. Madame Rich diſpoſe de ſa mai-
1250 5400 4280 5588 ſon & de ſes biens. Ils vont paſſer quelque
1216 5569 4278 5747 tems à Paris. Ils y trouvent une perſonne
1096 5727 4277 5919 digne de leur charité. Thompſon lui fair
1216 5900 4276 6091 du bien, quoiqu'il en eût été maltraité
1216 6068 4275 6268 précédemment. Ils prennent congé de
1227 6248 4274 6427 leurs amis. Obtiennent des paſſeports
1220 6414 4273 6609 pour la Flandre; arrivent à illemſe-
1506 7783 2305 7898 i
