4266 8594
489 711 3591 916 LA VVE ET LES AVENTURES
657 891 4037 1108 glois, nous en demandâmes le nom, &
654 1087 4053 1280 mon cœur ſauta de joie, quand on nous
752 1267 4074 1461 répondit que ce Vaiſſeau étoit commandé
694 1447 4106 1656 par le Capitaine Friendy. Cette réponſe
572 1627 4053 1824 me rapella mille idées cheres; je fis de-
670 1811 4049 2008 mander au Capitaine la permiſſion d'aller
719 1995 4057 2190 ſur ſon bord. Si-tôt que j'eus mis le pied
858 2185 4049 2373 ſur le tillac, je m'informai avec précipi-
862 2362 4037 2557 tation ſi M. Diaper y étoit. Le Capitaine
858 2539 4041 2740 me dit que ſi j'avois affaire à ce Gentil-
657 2732 4057 2921 homme, j'étois fort heureux, puiſqu'il étoit
833 2915 4057 3107 Supercargo du Vaiſſeau voiſin, où il auroit
801 3096 4057 3290 le plaiſir de m'accompagner lui-même,
715 3276 4061 3474 parce qu'il y avoit long-tems qu'il ne l'a-
866 3464 4090 3656 voit vu, & que ſon voyage avoit été dé-
862 3644 4053 3844 rangé, lorſqu'il partit d'Angleterre. J'enten-
870 3824 4053 4022 dis en arrivant dans le Vaiſſeau la voix de
567 4012 4192 4206 mon ami qui parloit à quelqu'un; j'enfon-
764 4196 4053 4393 çai exprès mon chapeau pour mieux le ſur-
764 4376 4155 4570 prendre, lorſque je paroîtrois devant lui. On
866 4559 4045 4754 nous invita d'entrer dans la grande ſalle,
870 4740 4061 4936 où nous nous aſſimes, bientôt après M.
842 4924 4045 5117 Diaper entra lui-même & nous ſalua. Il étoit
846 5112 4073 5307 ſi changé, que ſans ſa voix & une certaine
531 5292 4061 5491 ſympathie qui ſe fait ſentir dans le cœur,
866 5472 4180 5671 malgré qu'on en ait, j'aurois eu peine à
862 5661 4061 5852 le reconnoître. J'étois fort changé moi-mê-
882 5841 4065 6039 me; mais dès qu'il m'entendit parler, il
882 6029 4160 6221 jetta vers moi des regards étonnés, ſans
874 6209 4061 6404 dire un ſeul mot; ſes genoux trembloient
870 6393 4065 6588 ſous lui; enfin il s'écira: grand Dieu! que
800 6573 4188 6770 j'ai de graces à te rendre! Il étoit prêt à
891 6761 4061 6953 tomber; mais je courus à lui, & l'ayant
866 6941 4213 7178 ſerré dans mes bras, je ne pus m'empêcher
