4266 7999
361 597 2686 819 oe Josepn Thoipson.
2854 659 3041 865 L
-1 784 3231 999 de répandre des larmes. O Ciel! m'écriar-
-2 983 3381 1164 e, mon bonheur eſt au-delà de toutes ex-
-2 1151 3388 1341 preſſions, & me dédommage bien de tou-
-3 1312 3083 1503 tes mes fatigues. Quoi, me dit-il, te re-
-3 1495 3381 1682 trouver ainſi! Qui auroit pu s'y attendre?
-3 1649 3415 1846 Pendant près d'un quart-d'heure nous ne
-4 1831 3060 2016 fimes que nous embraſſer, & tenir des diſ-
-4 2006 3052 2190 cours ſans ſuite, tels que la ſurpriſe & les
-4 2182 3209 2370 ſentimens de notre cœur nous les dictoient.
-5 2346 3060 2527 Le Lecteur a-t-il reſſenti quelquefois les
-5 2521 3308 2703 ſentimens ſublimes d'une amitié ſincere?
-6 2689 3079 2868 A-t-il éprouvé ces épanchemens de joie
-6 2857 3327 3042 dont l'ame eſt pénétrée, lorſqu'elle oblige
-6 3029 3087 3212 ou qu'elle eſt obligée par une vertu déſin-
-7 3197 3151 3385 téreſſée? A-t-il été ſéparé long-tems d'un
-7 3360 3346 3556 véritable ami? L'a-t-il trouvé à ſon retour,
-7 3540 3098 3725 conſtant, ſincere, fidèle, & digne des re-
-8 3704 3098 3900 grets que lui avoit cauſés ſon abſence? Si
-8 3883 3463 4058 cela eſt, il peut ſe former une idée des
-9 4038 3258 4236 tranſports & des ſentimens vifs, avec leſ-
-9 4222 3396 4408 quels nous nous revîmes après une abſence
-9 4391 3296 4586 de 7 ans, & après toutes les inquiétudes
-10 4560 3098 4752 que nos cœurs avoient ſenti réciproquement
-10 4731 3094 4921 ſur la ſanté l'un de l'autre. Long-tems notre
-10 4899 3437 5092 converſation ne fut qu'un mélange confus
-11 5075 3442 5288 de queſtions auxquelles nous n'avions pas
-11 5243 3411 5435 encore aſſez de preſence d'eſprit pour répon-
-12 5417 3289 5607 dre. Je lui preſentai M. Saris, comme un
-12 5586 3106 5777 ami ineſtimable, qui m'avoit procuré de-
-12 5764 3113 5954 puis l'inſtant que nous nous étions rencon-
-13 5918 3128 6147 trés, la plus grande ſatisfaction. Nous fû-
-13 6101 3113 6292 mes obligés de céder à l'envie que le Ca-
-13 6273 3167 6468 pitaine Beeckman avoit de ſe rendre à terre
-14 6445 3453 6674 au plutôt, & M. Diaper demanda au Ca;
2209 6616 2591 6804 Aa
