4266 7972
3253 60 4034 173 .
1954 75 2784 176 ere
937 645 3653 869 LLaviE EtLEs
937 832 4139 1015 pitaine la permiſſion de nous y accompa-
1075 1004 4142 1202 gner. Car quoique les Supercargues ſoient
914 1165 4184 1340 au-deſſus des Commandans des Vaiſſeaux
1082 1336 4191 1511 des Indes, lorſqu'ils ſont à terre & dans
1232 1501 4146 1683 leurs Comptoirs, à Bord ils ſont ſubordon-
1224 1669 4191 1854 nés au Capitaine. Arrivés à terre, après
1224 1837 4195 2015 nous être rafraîchis, tandis que le Capi-
1038 1998 4195 2182 taine vaquoit à ſes affaires, nous allâmes
1224 2170 4187 2351 faire un tour de promenade, M. Diaper,
1228 2334 4184 2516 M. Saris & moi, dans un de ces magnifi-
1224 2502 4191 2697 ques jardins de la Compagnie Hollandoiſe,
1239 2670 4191 2845 où l'on trouve toutes les productions dif-
1236 2835 4199 3015 férentes de la Nature; & nous étant mis à
1224 3003 4139 3181 l'ombre ſous un berceau délicieux, je ra-
1221 3175 4187 3348 contai à mon ami mes Aventures & le
1236 3335 4202 3519 ſuccès que j'avois eu dans le Commerce.
1198 3503 4206 3682 Il me fit auſſi le recit de tout ce qui lui étoit
1224 3671 4206 3848 arrivé depuis notre ſéparation, & j'eus la
1239 3836 4206 4018 joie d'aprendre qu'il ne comptoit plus re-
1041 4004 4206 4190 tourner aux Indes, & qu'il ſe contentoit
1037 4168 4210 4352 d'avoir acquis une fortune de près de tren-
982 4333 4210 4508 te mille liv. ſterlings après avoir eſſuyé mille
1210 4501 4206 4688 dangers, & s'en être tiré d'une façon ho-
1075 4669 4210 4855 norable pour lui même, & avantageuſe à ſes
1239 4837 4217 5020 Propriétaires. Il eſpéra ainſi que moi, que
1037 5014 4221 5196 nous trouvrions tous nos amis en bonne
955 5177 4206 5364 ſanté, & ſur-tout ſon adorable Bellair,
937 5345 4225 5520 qu'il comptoit épouſer après ſon précédent
1228 5510 4225 5690 voyage avec le Capitaine Friendly, s'il
1206 5674 4225 5867 n'eût pas fait naufrage, & eſſuyé de grands
1195 5846 4214 6036 périls, ſur une Côte Barbare, où il avoit
1224 6014 4225 6204 perdu conſidérablement. Comme cette
1220 6182 4225 6404 aventure eſt curieuſe & extraordinaire, je
1183 6350 4243 6549 vais l'inſérer ici telle qui me l'a racontée.
