4266 7924
563 739 2582 990 De Joseph Thompson.
-3 1301 3268 1523 aufrage de M. Diaper, avec la façon
359 1487 2377 1643 heureuſe dont il s'en tira.
92 1742 3053 1993 Es le jour que nous quittâmes le Cap
81 1984 3201 2160 de Bonne-Eſpérance, nous eûmes un
-4 2125 3297 2332 auvais tems qui dura ſans relâche juſqu'à
-5 2314 2964 2494 a hauteur des Iſles Philippines, d'où, ſui-
-5 2481 2975 2659 ant notre eſtime, nous avions été écartés
-6 2634 2989 2823 l'oueſt, lorſqu'il s'éleva du ſud-eſt une
-6 2811 3112 2990 utre tempête violente. Nous fûmes pen-
-6 2971 3111 3157 ant trois ſemaines le jouet des vents &
-7 3145 3149 3322 es flots, & ne pûmes tenir un état régu-
-7 3312 2960 3491 ier de notre route. Notre Equipage avoit
-7 3482 2982 3652 té tellement affoibli par les maladies, que
-8 3645 2986 3812 ous n'avions pas aſſez de monde pour ma-
-8 3809 3134 3984 œuvrer; de ſorte que les Supercargues &
-8 3976 2971 4141 sautres Paſſagers étoient obligés de tra-
-9 4139 2986 4312 ailler, & de remplir les fonctions les
-9 4299 3108 4479 lus pénibles. Nos proviſions étoient fort
-9 4471 3052 4650 iminuées; les rations étoient courtes, &
-10 4637 2986 4821 ous n'avions qu'une demi-pinte d'eau par
-10 4804 2986 4981 our pour chaque homme: enfin on avoit
-11 4968 2986 5147 té obligé de jetter à la mer les canons, &
-11 5135 2982 5314 ne partie de notre cargaiſon. On ne peut
-11 5303 2978 5483 len concevoir de plus terrible que la ſitua-
-12 5468 2986 5654 ion triſte où nous étions alors. Nous com-
-12 5637 2975 5823 encions à nous livrer au déſeſpoir; &
-13 5801 3060 6159 us esaienddoons llus nue liſann ſan
-13 6132 2975 6321 ui devoit mettre fin à nos malheurs. J'é-
-13 6297 2989 6486 ois un ſoir au gouvernail, & j'éprouvai un
-14 6460 2986 6685 tand exemple de la protection de la Pro-
2106 6644 2579 6823 AA
3535 6803 3761 6875 -
255 7774 853 7919 .
