4266 7911
988 779 3950 996 Lvie erles averures
1191 977 4266 1162 vidence. Le vent augmenta tout d'un coup,
1272 1154 4266 1323 & jetta par-deſſus nous une vague qui nous
1271 1316 4267 1489 fit tomber à la mer, un Officier, trois Ma-
963 1471 4267 1652 telots & moi, qui étions alors ſur le tillac.
1268 1639 4267 1823 Quoique ce fût l'affaire d'un inſtant, j'eus,
1275 1808 4268 1979 néanmoins aſſez de tems pour ſonger que
1268 1970 4268 2145 j'étois perdu, & pour recommander mon
1279 2136 4268 2308 ame à Dieu, quand une autre vague me
1271 2298 4269 2473 rejetta ſur le tillac, & m'y laiſſa preſque
1271 2460 4269 2637 ſans vie. Je fus quelque tems à reprendre
1069 2625 4269 2793 mes ſens. Le Capitaine Friendly me fit
1032 2793 4270 3128 oii ee s lele uis aalans patent le
935 3114 4271 3291 remerciai Dieu de m'avoir ainſi ſauvé des
1279 3284 4271 3457 eaux contre toute eſpérance. Nous éprou-
1275 3445 4271 3631 vâmes bientôt toutes les miſeres de la fa-
1278 3611 4272 3787 mine qui paroiſſoit dans notre vaiſſeau,
1275 3780 4272 3950 ſous la forme la plus terrible. Six hommes
1283 3938 4272 4109 de notre équipage moururent faute de ſub-
1286 4097 4273 4277 ſiſtance; & nous étions tous ſi exténués
1132 4270 4273 4443 d'avoir jeûné, que l'équipage commençoit
1286 4435 4273 4605 à agiter la queſtion, s'il ne ſeroit pas à pro-
1290 4595 4274 4771 pos de tirer au ſort pour conſerver la vie
1157 4762 4274 4937 aux autres, aux dépens d'un de nous. Nous
1290 4928 4274 5103 fûmes obligés de boire notre urine pendant
1290 5096 4275 5268 pluſieurs jours; car il n'étoit pas tombé une
1179 5259 4276 5594 a tempéen, dona vuue mous letſtimns sou
1294 5584 4276 5766 ſervée. Notre grand mât fut renverſé; nous
1308 5752 4276 5926 en débarraſſâmes heureuſement le vaiſſeau;
980 5917 4277 6089 & notre mât de miſaine, auſſi bien qu'une
1146 6081 4277 6421 e pue
4082 6403 4278 6489 “
1102 6410 4278 6620 de voir un vaiſſeau en ſi mauvais état, &
