4266 7902
664 687 3613 887 DE Joseph Thompson.
76 896 3315 1088 vions, comme de lutter, de ſauter, &c.
81 1077 3316 1255 Je fis une eſpece de trictrac groſſierement
112 1246 3368 1427 travaillé; & comme nous avions des dés,
85 1415 3316 1595 les plus diſtingués d'entre nous s'amuſoient
75 1584 3312 1759 à ce jeu. Je liſois tous les jours matin &
75 1749 3338 1927 ſoir l'office de l'Egliſe, à la priere du Ca-
82 1918 3304 2098 pitaine; & nous aſſiſtions les Dimanches
61 2083 3590 2261 au Service avec toute la ponctualité & le
60 2249 3297 2430 recueillement imaginable. Nous deſtinions
74 2421 3364 2594 cette ſeptieme portion de notre tems à éle-
93 2587 3667 2759 ver notre cœur vers la grande & la pre-
74 2756 3361 2930 miere ſource de tous les êtres créés. Il n'y
78 2924 3308 3102 avoit point de peuple en aparence qui vé-
431 3088 3316 3268 cut avec plus d'union que nous, à exami-
108 3259 3484 3433 ner les égards & l'affection que nous nous
89 3422 3477 3764 ertee a v e iallen, que es donesoont
405 3759 3650 3925 plus à craindre des autres hommes, que des
85 3920 3319 4252 a qo o ceo me eurſluſeeeſen ns e
91 4250 3327 4428 cas. N'eſt-il pas ſurprenant que l'eſprit de
89 4416 3323 4596 diſcorde regne tant parmi les hommes, lors
101 4589 3327 4763 même que leur exiſtence dépend de l'union
104 4750 3319 4930 & de l'amitié avec laquelle ils vivent? Peut-
442 4923 3319 5095 on imaginer une ſituation plus cruelle que
100 5088 3327 5250 la nôtre, ſéparés comme nous étions en
446 5254 3650 5430 quelque maniere de tout le reſte du mon-
450 5419 3323 5593 de, & livrés à un malheur inſurmontable,
127 5588 3402 5761 à moins que nous n'employaſſions nos ef-
450 5749 3664 5927 forts réunis pour nous en tirer? Cependant
453 5918 3316 6097 il s'éleva parmi nous des diſſenſions qui
465 6087 3413 6279 cauſerent la mort à pluſieurs, & qui pen-
461 6256 3620 6434 ſerent enveloper les innocens avec les cou-
468 6421 3334 6594 pables; & nous détruire tous. Juſques-là
