4266 7625
421 646 2976 843 neJompson.
106 828 3097 1011 notre Commandant, & de ne pas ſouffrir
67 996 3004 1167 qu'on fît tort à la Compagnie. La plupart
70 1160 3001 1327 furent ſi irrités d'aprendre ce complot,
71 1317 3012 1491 qu'ils eurent peine à modérer leur rage;
67 1481 3008 1645 mais ce qui nous inquiétoit le plus, étoit
74 1636 3012 1802 l'impoſſibilité de nous emparer de leurs
81 1800 3019 1966 armes, ou de les attirer ſans cela: car,
146 1957 3019 2126 par une précaution ordinaire aux méchans
124 2118 3022 2282 & aux traîtres, qui ſont toujours ſoupçon-
95 2279 3240 2442 neux & ſur leurs gardes, ils ne marchoient
102 2436 3029 2604 jamais ſans armes, & même ils ne ſe cou-
153 2596 3019 2764 choient pas ſans avoir leurs mouſquets à
153 2750 3011 2919 côté d'eux, à ce qu'on nous avoit dit; ce qui
120 2915 3012 3078 avoit extrêmement étonné le reſte de nos
121 3075 3033 3243 compagnons. On crut alors qu'il étoit né-
153 3229 3036 3401 ceſſaire de faire quelques changemens dans
138 3394 3033 3555 notre plan. On réſolut, la premiere fois, qu'ils
138 3551 3037 3713 partiroient trois ou quatre enſemble pour aller
103 3705 3040 3870 à la chaſſe ou à la pêche, de les environ-
128 3862 3044 4028 ner & de les prendre à force ouverte; en-
160 4019 3033 4181 ſuite quand leur nombre ſeroit affoibli,
149 4180 3044 4350 d'attaquer les autres, & même de les paſſer
174 4337 3047 4510 au fil de l'épée, s'ils ne vouloient pas ſe
188 4498 3047 4663 rendre. L'occaſion ne tarda pas à s'en pre-
185 4655 3051 4826 ſenter. L'Ecoſſois & quatre autres étant
213 4819 3058 4984 allés à l'autre extrêmité de l'Iſle, ſous pré-
185 4977 3062 5142 texte de chaſſer, mais réellement pour con-
185 5137 3294 5304 ſulter enſemble ſur les moyens d'exécuter
188 5295 3062 5465 leur complot, je demandai au Capitaine
199 5445 3061 5622 la permiſſion d'aller après lui avec ſept
199 5609 3062 5785 hommes d'élite. Il me le permit, & je pris
295 5773 3062 5943 une toute différente de la leur; bien cer-
303 5934 3065 6102 tain néanmoins de les rencontrer bientôt.
221 6088 3065 6286 Au bout d'une heure, nous les entendîmes
