4266 7685
1302 710 3796 884 6 LAVieETlssAventures
1252 872 4103 1044 venir de loin. Alors je fis placer trois de
1284 1031 4103 1206 mes gens dans une eſpece de boſquet, où
1280 1190 4103 1361 ils pouvoient reſter ſans être découverts;
1295 1360 4100 1531 & j'avançai quelques pas avec les autres:
1111 1519 4114 1685 j'aperçus bientôt mes drôles qui firent
1277 1678 4103 1848 une pauſe, & me demanderent d'un ton
1287 1843 4100 2010 familier comment nous étions venus ſi
1288 2002 4100 2161 loin? Je les attirai peu à peu juſqu'au lieu
1273 2165 4089 2331 de mon embuſcade, en parlant de choſes
1273 2327 4085 2493 indifférentes; & alors les arrêtant ſur le
1280 2486 4096 2645 champ, je leur criai: Meſſieurs, je vous
1280 2648 4074 2816 ordonne de mettre bas les armes & de vous
1273 2811 4074 2977 rendre priſonniers, juſqu'à ce que vous
1284 2970 4071 3139 vous ſoyez lavés d'une accuſation grave.
1280 3136 4085 3296 On vous ſoupçonne d'avoir formé le noir
1298 3291 4085 3466 deſſein d'ôter la vie à vos compagnons,
1100 3453 4089 3580 afin de vous ſauver avec le vaiſſeau à
1288 3609 4085 3780 la conſtruction duquel nous avons tous
1273 3771 4089 3929 travaillé pour nous tirer de cette terre dé-
1288 3926 4082 4099 ſerte. Il faudra vous juſtifier, ou bien
1280 4089 4078 4259 vous recevrez la punition due à votre
1270 4251 4082 4422 crime. L'Ecoſſois & les autres pâlirent
1266 4406 4074 4582 en m'entendant parler ainſi; mais com-
1273 4572 4078 4742 me c'étoit une troupe de coquins endur-
1270 4735 4067 4899 cis dans le crime, il ſe remit bientôt,
1089 4894 4147 5067 & me dit qu'il ne ſçavoit pas de quelle
1277 5056 4067 5225 autorité je prétendois exiger un compte de
1266 5219 4071 5387 leurs actions; que ni moi, ni qui que ce ſoit
1266 5381 4060 5545 n'avoit droit de les commander; & que
1252 5540 4060 5708 ſi je perſiſtois dans mon deſſein, nous ver-
1262 5702 4136 5867 rions qui ſeroient les plus forts. Allons,
1259 5867 4056 6030 morbleu, mes enfans, continua-t-il, tom-
1255 6027 4056 6194 bons ſur eux tout d'un coup. A l'inſtant
1251 6186 4049 6352 il me tira un coup de fuſil. Je fis ſortir
3794 6396 4043 6480 mes
2978 7555 3797 7649 e-
