4266 7902
1058 743 3886 942 O LA V ETlesAventures
1099 929 4070 1105 toutes leurs forces, & furent bientôt à no-
1099 1099 4078 1280 tre portée. Ils s'arrêterent alors, & nous
1107 1261 4074 1434 demanderent en Portugais qui nous étions.
1111 1430 4100 1615 Je pris la parole pour les autres, & répon-
1111 1599 4052 1780 dis dans la même langue que nous étions
1103 1768 4108 1944 les reſtes de l'Equipage d'un vaiſſeau An-
1111 1937 4093 2119 glois qui avoit fait naufrage ſur cette côte,
1096 2106 4074 2287 il y avoit déjà long-tems. Je les priai pour
1114 2267 4097 2454 l'amour de Dieu de nous prendre à bord.
1111 2440 4097 2622 Ils y conſentirent ſur le champ; mais ne vou-
1111 2609 4098 2790 lurent point ſe charger de l'argent de la
934 2774 4059 2961 Compagnie, qu'ils n'en euſſent auparavant
1118 2943 4063 3128 obtenu la permiſſion de leur Capitaine. Ce
1122 3116 4108 3294 changement dans notre état nous cauſa des
1118 3285 4071 3463 tranſports de joie inexprimables. Nous ren-
927 3451 4089 3631 dîmes graces à Dieu de notre délivrance,
1133 3616 4097 3800 & de ce que nous étions tombés entre les
1122 3789 4093 3965 mains de gens amis & alliés de notre Na-
1122 3958 4071 4132 tion. En effet, nous fûmes très bien trai-
1122 4119 4093 4299 tés du Capitaine Dom Franciſco de Zuni-
1122 4296 4104 4467 ga, qui, à ma priere envoya encore ſa
1126 4457 4101 4634 chaloupe à terre pour y prendre le tréſor
1126 4626 4104 4802 que je fus charmé de pouvoir conſerver à
1111 4791 4104 4966 la Compagnie. Ce vaiſſeau étoit parti de
1129 4960 4085 5141 Goa pour aller trafiquer à la Chine & au
1122 5126 4079 5304 Japon. C'étoit un gros vaiſſeau mieux équi-
1126 5298 4115 5474 pé que ne le ſont d'ordinaire la plupart des
1126 5464 4104 5640 vaiſſeaux Portugais dans ces parties du
1126 5633 4063 5810 monde. Ce bon Capitaine conſentit de
1129 5802 4104 5977 nous mettre à terre à Canton, qui étoit
1137 5967 4116 6146 le premier endroit où il avoit deſſein de
1137 6140 4108 6310 relâcher. Il ne pouvoit nous arriver rien
1122 6301 4176 6478 de plus favorable; cependant ſi nous éprou-
1115 6470 4100 6647 vâmes toute la bonté & la généroſité poſ-
