4266 7795
611 777 3008 968 DE JosepH ThonPson.
51 888 3008 1126 fible de la part du Capitaine, nous eûmes
58 1113 3030 1283 beaucoup à ſouffrir de la brutalité & de la
54 1282 3019 1454 haine ſuperſtitieuſe des ſimples Matelots,
50 1429 2997 1619 & nous ne pûmes nous empêcher de re-
54 1614 3038 1787 marquer que dans leurs vaiſſeaux les Por-
51 1776 2990 1955 tugais ſont les plus lâches & les plus pa-
98 1939 3030 2115 reſſeux de tous les hommes. En effet, ils
61 2105 3034 2283 ſont en général ſi mauvais marins, que dans
102 2271 3016 2445 les gros tems, au lieu de travailler avec
65 2437 3034 2614 cœur à la manœuvre, ils ſont continuel-
106 2599 3034 2779 lement à genoux à prier S. Antoine de fai-
87 2768 3001 2944 re leur devoir; de ſorte que les Comman-
73 2931 3023 3109 dans ſont obligés d'employer leur autorité
76 3093 3045 3273 & de les traiter comme des eſclaves pour
77 3259 3030 3421 les faire travailler. Cependant ils connoiſ-
80 3425 3042 3598 ſent très-bien les Mers des Indes Orienta-
80 3587 3041 3764 les, & entendent parfaitement le pilotage.
47 3749 3031 3926 Ils nous aprirent que l'Iſle où nous étions
69 3915 3012 4081 s'apelloit Aſſaugon, & qu'ils y avoient été
91 4074 3038 4253 pouſſés eux-mêmes par une tempête dont
87 4245 3012 4414 l'évenement nous avoit été ſi favorable.
77 4398 3034 4586 Dom Franciſco nous tint parole, & nous
88 4568 3031 4750 débarqua à Canton, ſans vouloir accepter
84 4744 3005 4913 aucun paiement pour le ſervice qu'il nous
76 4903 3042 5079 avoit rendu. Nous nous vîmes donc enco-
95 5069 3005 5243 re une fois au milieu de nos compatrio-
76 5238 3204 5394 tes, après un enchaînement de périls, de
91 5394 3049 5612 malheurs & d'infortunes. Quelque tems
80 5556 3053 5740 après nous nous rembarquames dans un
102 5726 3056 5906 autre vaiſſeau de la Compagnie, pour nous
65 5888 3053 6066 rendre en Angleterre, où à notre arrivée
69 6059 3049 6228 nous rendîmes compte de notre conduite
73 6211 3056 6409 & de nos aventures aux Directeurs de la
69 6386 3038 6590 Compagnie, qui nous reçurent fort biena
