4266 7902
957 735 3706 956 La viEEesevenenres
1231 906 4266 1119 ami, ſembloient réſiſter avec peine à la
1231 1111 4266 1286 violence des vents & aux vagues impétueu-
975 1276 4267 1453 ſes qui s'élevoient juſqu'aux nues. Le len-
1235 1447 4267 1618 demain la tempête continuant toujours,
1182 1603 4267 1779 nous perdîmes de vue la flotte à notre grand
897 1766 4268 1959 regret. Je fis des vœux pour eux tous, &
1231 1939 4268 2114 priai Dieu d'apaiſer la fureur de la mer, &
1235 2106 4268 2279 de conſerver mon pauvre ami & ſes com-
1231 2275 4269 2466 pagnons. Le même tems dura pluſieurs
1227 2448 4270 2815 un eame e paaſaſſtſéedad eee e puae
1238 2786 2117 2951 des élémens.
3253 3094 4271 3286 e
1370 3357 3747 3567 HAPITRE LIII.
1223 3642 4272 3820 Ils arrivent à Madere. Aventure extraordi-
1385 3811 4272 3983 naire. Il ſauve un ancien ami d'une
1050 3980 4272 4155 troupe de brigands. Ils ſont bleſſés tous
1389 4136 4273 4327 les deux dans l'action. Leur joie mutuelle
1332 4314 4273 4488 à la vue l'un de l'autre. M. Archer lui
1385 4480 4273 4658 aprend la cauſe de cet accident. Il s'em-
1257 4621 4274 4842 barque avec le Capitaine Beeckman, &
1385 4819 3136 4987 ils arrivent à Amſterdam.
1227 5090 4275 5342 Es vents étant devenus contraires, &
1220 5306 4275 5485 quelques-uns de nos gens étant fort ma-
1212 5471 4276 5643 lades, notre Capitaine jugea à propos de
1212 5636 4276 5816 relâcher à Madere. En effet, nous jettâmes
1223 5804 4276 5999 l'ancre dans la rade de Fial, & bientôt
1220 5974 4277 6158 après nous allâmes à terre, le Capitaine,
1208 6147 4277 6332 M. Saris & moi, & dînâmes chez le Con-
1155 6309 4278 6497 ſul Hollandois, qui nous régala fort bien.
1208 6473 4278 6652 Le lendemain nous fîmes notre viſite au
3665 6639 4278 6845 Conſuli
