4266 7795
2423 7 3194 100 .
653 623 2991 824 DE JosEph Thonpson.
43 799 3008 989 Conſul Anglois, qui nous reçut avec
80 984 3005 1153 cette politeſſe qu'on lui connoît, & nous
36 1142 3008 1319 fit reſter à dîner. Pluſieurs des Marchands
47 1315 3008 1474 Anglois nous accompagnerent pour voir les
39 1474 3012 1648 curioſités de l'iſle & celles de la Ville. Je
58 1640 3067 1814 trouvai que les vins fameux de cette Iſle
87 1802 3016 1978 n'ont pas à beaucoup près tant de qualité
25 1972 3019 2136 là que dans les pays éloignés où j'en avois
72 2136 3019 2307 bu; & tous les PNégocians remarquent que
47 2300 3023 2465 le meilleur vin de Madere ſe trouve à la
43 2462 3034 2633 nouvelle York dans l'Amérique Septen-
58 2628 3019 2800 trionale, tant à cauſe des ſoins que l'on
32 2794 3027 2968 prend pour l'y conſerver, que parce qu'il
172 2956 3027 3130 a le tems de ſe faire pendant la traverſée.
73 3119 3034 3285 Nous y paſſâmes pluſieurs jours fort agréa-
80 3271 3023 3445 blement, & careſſés de tout le monde;
168 3458 3038 3622 mais, contre notre attente, nous ne trou-
77 3617 3034 3782 vâmes de tout notre convoi qu'un ſeul vaiſ-
73 3771 3023 3946 ſeau Hollandois, qui étoit arrivé à Fial.
91 3937 3027 4113 Cela redoubla mes inquiétudes pour le pau-
176 4096 3030 4278 vre Diaper; ma diſpoſition naturelle à la
51 4266 3274 4436 mélancolie me fit craindre qu'il n'eût péri
77 4433 1276 4584 dans la tempête.
58 4594 3027 4773 Un ſoir retournant de chez un Marchand
54 4745 3019 4935 à la maiſon du Conſul Anglois, où j'avois
76 4918 3019 5096 laiſſé M. Saris & le Capitaine Beeckman
65 5088 3005 5268 j'allois à la haute Ville les rechercher, lorſ-
143 5254 3008 5426 qu'un cliquetis d'épées vint fraper mes oreil-
102 5419 2942 5587 les; j'entendis pluſieurs juremens en lan
144 5575 3005 5749 ePortugaiſe, & ſur-tout une voix qu
62 5738 3019 5916 s'écrioit: lâches, vous n'aurez pas bon
69 5907 3016 6083 marché de moi, quelque nombre que vous
73 6075 3016 6254 ſoyez. Pouſſé par un certain penchant à la
73 6238 3027 6438 généroſité qui m'eſt naturelle, je courus au
77 6404 1105 6595 IV Partie.
