4266 7644
505 673 2871 887 DE JosEph ThoMpso.
42 867 3111 1046 un point d'honneur ſi ſingulier dans leur
31 1032 2871 1210 métier, que s'il arrive que celui qui les em-
63 1186 2878 1368 ploie vienne à ſe repentir, & faſſe avertir
42 1358 2878 1512 ſon ennemi du danger qui le menace, ils
46 1519 2878 1681 ne manquent pas de le ſacriſier lui-même.
46 1668 2882 1842 Quand l'Officier eut apris de ma bouche
53 1840 2889 2006 le détail de cette affaire, il me pria poliment
60 2000 2892 2182 de l'accompagner chez le Gouverneur, qui
81 2161 2889 2330 étoit alors chez un Marchand Anglois; il
81 2325 2892 2487 lui rendit ſi bon témoignage de moi, que
70 2487 3014 2651 nous fûmes mis en liberté, & il y eut un
92 2649 2896 2796 ordre d'arrêter tous les autres qui pouvoient
96 2803 2900 2975 être intéreſſés daus cette aſſaſſinat. Le Gen-
92 2968 2900 3135 tilhomme que j'avois ſecouru avoit de la
99 3126 2903 3296 eine à parler; mais nous ayant fait enten-
117 3287 2896 3458 dre qu'il logeoit chez Dom Henriquez de
106 3448 2903 3617 Guzman, nous l'y accompagnâmes l'Offi-
110 3609 2903 3772 cier & moi. Nous y fûmes accablés de re-
121 3771 2903 3930 mercimens par ce Gentilhomme, & par
124 3925 2907 4095 une jeune Demoiſelle fort aimable, ſa fille,
131 4090 2903 4257 ui nous parurent tous les deux fort affli-
113 4244 2907 4418 gés de la triſte aventure arrivée à leur ami.
135 4409 2903 4576 Dans la confuſion & l'embarras où me jetta
121 4567 2903 4736 cette affaire, je n'avois pas eu le tems de
193 4728 2911 4905 e regarder bien attentivement; lorſqu'il
150 4875 2900 5065 'en marqua ſa reconnoiſſance en Anglois,
157 5051 2903 5223 me ſembla que ſa voix & ſa façon de
236 5212 2903 5389 'exprimer ne m'étoient point inconnues.
178 5370 2907 5550 uelle fut mon agréable ſarpriſe, lorſqu'a-
160 5528 2910 5703 près m'avoir demandé le nom de ſon libé-
157 5693 2910 5867 ateur, & après avoir apris que je me nom-
156 5847 2907 6034 mois Thompſon, tout foible qu'il étoit, il
157 6017 2907 6195 jetta un grand cri, & dit, tranſporté de
164 6180 2914 6370 joie; oui c'eſt lui, ce ne peut être que lui
2061 6370 2319 6471 ?
