4266 7902
431 683 3222 913 DE JosePn Thonson.
-15 890 3367 1096 efut aiſé de voir que M. Archer étoit
-14 1066 3349 1247 veaucoup mieux, il avoit tout l'air d'un
-14 1220 3282 1416 omme extrêmement bien élevé, & l'on
-14 1400 3346 1611 percevoit en lui, au milieu de la rudeſſe
115 1569 3378 1753 ngloiſe, l'extérieur & les regards doux
-9 1742 3353 1922 sPortugais, qui faiſoient un très - bon
-12 1907 3361 2088 ffet; mais ce que j'eſtimai plus en lui, fut
-12 2072 3064 2253 'aprendre qu'il avoit toujours conſervé le
-12 2241 3353 2431 cœur franc, & cette candeur qu'il avoit
-11 2414 3289 2593 autrefois, lorſque nous nous livrions en-
-11 2567 3371 2760 ſemble à l'étude ſous la direction de mon
-11 2738 3308 2927 pere. J'avois mené M. Saris avec moi, &
-10 2913 3361 3095 nous l'avions trouvé en ſi bon état, qu'il
-10 3082 3357 3265 pouvoit nous parler ſans danger. Ce fut
-10 3255 3349 3430 alors que nous nous renouvellâmes ces
-9 3407 3312 3601 témoignages d'affection ſi naturels à deux
-9 3586 3323 3763 perſonnes qui s'aiment. Je lui fis à ſa priere
-8 3753 3360 3949 le détail de toutes mes aventures, & de ce
123 3920 3064 4094 j'avois fait depuis le moment de notre
130 4087 3331 4262 ration juſqu'alors. Il en ſçavoit déjà une
-7 4194 3363 4459 nne partie que ſon pere lui avoit écrite;
-7 4397 3342 4607 j'eus la joie d'aprendre qu'il ſe portoit bien,
-7 4578 3346 4772 nſi que M. Sharpley le pere: à l'égard du
-6 4758 3071 4933 fils, il y avoit près d'un an qu'il n'en avoit
138 4927 3318 5100 eu de nouvelles. Il prit part à mes mal-
337 5092 3053 5268 sen homme qui m'aimoit véritable-
344 5259 3072 5437 ,& me félicita avec une ſatisfaction
232 5426 3354 5600 cere de la bonne fortune qui m'étoit ar-
123 5591 3334 5769 e depuis. Je le queſtionnai ſur ce qui le
138 5759 3038 5936 ardoit; ſa vie n'avoit été troublée par
138 5926 3289 6106 unaccident extraordinaire. Occupé à un
-3 6074 3327 6274 commerce réglé, il étoit parvenu à ſe faire
-3 6264 3289 6441 une aſſez jolie fortune. Il n'avoit point
-3 6411 3382 6644 borné ſes occupations au commerce ſeul-
1873 6605 2748 6802 C
