4266 7795
1179 820 3566 1001 LLavieetles ventures
1666 1459 3598 1596 APITREL.
1186 1791 4052 1965 M. Saris part pour l'Irlande. Archer quitte
1245 1957 4063 2127 Thompſon, & s'enharque pour Oporto.
1242 2119 4089 2459 ſun d'a ſa ſe lſ e o aſiaa é
1367 2451 4067 2617 autres Places de Hollande. Il s'embarque
1341 2613 4096 2787 pour Londres ſur un vaiſſeau qui eſt pris
1350 2782 2508 2945 par les François.
1297 3103 4100 3282 MOnſieur Saris ayant trouvé une oc-
1316 3270 4081 3444 caſion d'aller en Irlande ſur un vaiſ-
1227 3436 4093 3608 ſeau chargé pour Cork, s'aſſura du paſſa-
1230 3602 4118 3934 'auit pomni ee eeeiir ae mn
1234 3930 4100 4102 un commerce de lettres, il s'embarqua,
1245 4089 4078 4260 & me laiſſa le ſoin de lui faire tenir les
1242 4251 4096 4423 effets qu'il avoit entre les mains de Tru-
1242 4420 4104 4588 man, lorſque je ſerois en Angleterre. Je
1249 4579 4104 4754 fis tout mon poſſible pour l'engager à m'y
1249 4745 4107 4915 accompagner; mais il avoit tant d'envie
1249 4907 4137 5081 de voir ſon fils, que je ne pus en rien
1253 5073 4107 5244 obtenir. Auſſi-tôt après ſon départ, M.
1249 5235 4111 5405 Archer ayant fait une pacotille conſidéra-
1257 5398 4148 5566 ble pour le Portugal, prit auſſi congé de
1249 5566 4115 5726 moi, & me chargea de ſes lettres pour ſon
1256 5726 4118 5896 pere, le mien & pour M. Sharpley. Je le
1009 5892 4126 6061 quittai avec beaucoup de regret; cette ſé-
1024 6054 4118 6222 paration ne lui fut pas moins ſenſible qu'à
1264 6220 4148 6387 moi; nous nous conſolâmes l'un l'autre,
1267 6375 4152 6579 dans l'eſpérance qu'il ſeroit en état au bout
