4266 7795
1112 699 4026 1058 le caane at las, e retnua ui,
1168 1046 4019 1217 & nous mîmes à la voile trois ou quatre
1164 1212 4026 1379 jours après, pour me rendre dans un pays
1172 1375 4026 1543 après lequel mon cœur ſoupiroit depuis
1164 1540 4026 1710 long-tems, quoiqu'il me rapellât dans l'eſ-
1172 1706 3049 1873 prit mille idées déſeſpérantes.
1337 1865 4037 2040 Le vaiſſeau du Capitaine Mackinzy étoit
1168 2034 4033 2202 un gros bâtiment bien équipé; ainſi quoi-
1172 2197 4034 2356 que le Canal & les Mers ſeptentrionales
1172 2359 4037 2533 fuſſent couvertes de Pirates, il réſolut de
1175 2521 4041 2692 ne point attendre de convoi, & de partir
1172 2691 4037 2853 ſeul. Nous profitâmes donc du premier vent
1172 2857 4033 3022 favorable; nous ne tardâmes pas à être pour-
1172 3019 4041 3192 ſuivis par un Corſaire ſous pavillon de Fran-
1183 3186 4041 3355 ce, quoique nous mîmes toutes nos voiles;
1179 3351 4037 3521 mais il alloit beaucoup plus vîte que nous,
1190 3510 4037 3683 & nous atteignit bientôt. C'étoit un grand
1179 3672 4089 3834 vaiſſeau qui n'étoit chargé que de canons
961 3834 4045 4006 & d'hommes. Néanmoins Mackinzy réſo-
1179 4004 4037 4159 lut de faire tout ce qu'il pourroit pour ſe
1094 4159 4026 4337 ſauver; & aprochant du vaiſſeau ennemi,
1186 4328 4033 4495 il lui envoya une bordée qui raſa ſes mâts
1186 4491 4092 4653 d'avant & d'arriere, & endommagea ſes
1194 4656 4048 4821 cordages. On nous en rendit une autre;
1197 4815 4048 4994 & comme le vaiſſeau étoit fort garni de
1190 4977 4048 5136 ſoldats armés de fuſils, ils firent une dé-
1190 5147 4048 5315 charge générale qui nous tua & bleſſa beau-
1194 5309 4052 5480 coup de monde. Le Capitaine Mackinzy
1190 5475 4048 5646 fut tué d'un coup à la tête; ſon Lieute-
1194 5638 4107 5809 nant fut mis hors de combat; & tout étant
1194 5800 4103 5970 en confuſion, je crus qu'il étoit tems de
1190 5958 4045 6134 baiſſer pavillon. L'ennemi nous envoya ſa
1197 6132 4033 6299 chaloupe, & ayant mis du monde dans
1142 6294 4104 6460 notre vaiſſeau, je fus pris avec deux ou
