<PcGts xmlns="http://schema.primaresearch.org/PAGE/gts/pagecontent/2017-07-15" xmlns:xsi="http://www.w3.org/2001/XMLSchema-instance" xsi:schemaLocation="http://schema.primaresearch.org/PAGE/gts/pagecontent/2017-07-15 http://schema.primaresearch.org/PAGE/gts/pagecontent/2017-07-15/pagecontent.xsd"><Metadata><Creator>User123</Creator><Created>2020-10-12T18:30:49</Created><LastChange>2020-10-12T18:30:49</LastChange></Metadata><Page imageFilename="0047.png" imageHeight="7744" imageWidth="4266"><TextRegion id="r0" type="paragraph" orientation="-0.0"><Coords points="1,1 4264,1 4264,7742 1,7742"/><TextLine id="r0_l001"><Coords points="946,551 3460,551 3460,760 946,760"/><TextEquiv index="1"><Unicode>La viEetlesaventures</Unicode></TextEquiv></TextLine><TextLine id="r0_l002"><Coords points="1673,1220 3598,1220 3598,1421 1673,1421"/><TextEquiv index="1"><Unicode>CHAPITRE LV.</Unicode></TextEquiv></TextLine><TextLine id="r0_l003"><Coords points="808,1756 806,1755 806,1751 808,1749 820,1749 820,1749 820,1543 821,1542 835,1542 836,1541 849,1541 850,1540 863,1540 864,1539 877,1539 878,1538 891,1538 892,1537 905,1537 906,1536 919,1536 920,1535 933,1535 934,1534 947,1534 948,1533 961,1533 962,1532 975,1532 976,1531 989,1531 990,1530 1003,1530 1004,1529 1104,1529 1105,1530 1106,1530 1106,1531 1106,1566 1107,1566 3662,1566 3663,1568 3663,1569 3665,1570 3670,1570 3670,1571 3670,1591 3671,1591 3672,1591 3674,1594 3674,1606 3675,1606 3896,1606 3897,1608 3897,1609 3899,1610 3900,1610 3900,1611 3900,1612 3901,1613 3901,1621 3902,1621 3929,1621 3929,1622 3929,1623 3932,1625 3933,1625 3933,1626 3933,1668 3934,1668 3935,1668 3936,1669 3937,1669 3937,1670 3937,1671 3939,1672 3940,1672 3941,1674 3940,1675 3940,1676 3940,1676 3939,1676 3936,1679 3932,1679 3929,1682 3929,1683 3929,1683 3924,1683 3922,1685 3922,1686 3921,1687 3920,1687 3919,1688 3919,1689 3918,1690 3105,1690 3104,1691 3104,1697 3103,1698 3102,1698 3100,1700 3100,1708 3099,1709 3098,1709 3097,1710 3097,1715 3096,1716 3095,1716 3093,1718 3093,1719 3093,1719 3092,1719 3089,1722 3089,1723 3089,1723 3088,1723 3086,1725 3086,1726 3085,1727 2696,1727 2695,1728 2695,1736 2695,1736 2565,1736 2564,1737 1031,1737 1025,1731 1024,1731 1013,1720 1012,1720 1001,1709 1000,1709 990,1699 989,1699 978,1688 977,1688 966,1677 965,1677 955,1667 954,1667 943,1656 942,1656 931,1645 930,1645 919,1634 918,1634 908,1624 907,1624 896,1613 895,1613 884,1602 883,1602 873,1592 872,1592 861,1581 860,1581 849,1570 848,1570 837,1559 836,1559 826,1549 825,1549 822,1546 821,1547 821,1755 820,1756"/><TextEquiv index="1"><Unicode>Il part pour Paris. Rend ſervice à un</Unicode></TextEquiv></TextLine><TextLine id="r0_l004"><Coords points="3588,1903 3587,1903 3587,1896 3587,1895 3570,1895 3568,1894 3568,1852 3568,1851 3379,1851 3378,1852 3378,1898 3378,1898 3377,1898 3376,1899 3372,1899 3371,1900 3371,1903 3371,1903 3352,1903 3351,1902 3339,1902 3338,1902 3338,1886 3337,1884 3332,1884 3331,1884 3331,1883 3330,1882 3330,1856 3330,1855 2770,1855 2768,1854 2768,1853 2767,1851 2418,1851 2417,1852 2417,1865 2416,1866 2415,1866 2414,1867 2414,1893 2413,1894 2413,1895 2413,1895 2390,1895 2388,1894 2388,1893 2388,1892 2387,1892 2384,1890 2384,1852 2384,1851 2185,1851 2184,1852 2184,1853 2182,1855 2155,1855 2154,1856 2154,1901 2154,1901 2144,1901 2143,1901 2143,1856 2143,1855 2089,1855 2088,1856 2088,1858 2087,1859 2086,1859 2085,1860 2085,1865 2085,1865 2084,1865 2081,1868 2081,1880 2081,1880 2080,1880 2077,1883 2077,1884 2077,1884 2076,1884 2070,1890 2070,1891 2070,1891 2069,1891 2066,1894 2066,1895 2066,1895 2032,1895 2030,1894 2030,1893 2029,1891 2028,1891 2026,1890 2026,1889 2026,1888 2025,1888 2023,1887 2023,1852 2023,1851 1691,1851 1690,1852 1690,1854 1689,1855 1440,1855 1438,1857 1438,1865 1437,1866 1436,1866 1435,1867 1435,1883 1434,1884 1433,1884 1431,1886 1431,1887 1431,1887 1430,1887 1427,1890 1427,1891 1427,1891 1426,1891 1423,1894 1423,1895 1423,1895 1418,1895 1416,1897 1416,1898 1415,1899 1371,1899 1369,1898 1369,1897 1368,1895 1363,1895 1362,1895 1362,1894 1361,1893 1361,1859 1361,1858 1297,1858 1296,1858 1296,1857 1295,1855 1287,1855 1285,1854 1285,1853 1284,1851 1279,1851 1278,1851 1278,1850 1276,1847 1272,1847 1270,1846 1270,1845 1270,1844 1269,1844 1266,1842 1266,1841 1266,1840 1265,1840 1263,1839 1263,1835 1258,1829 1257,1829 1256,1829 1256,1820 1258,1818 1259,1818 1259,1818 1259,1795 1262,1792 1263,1792 1263,1792 1263,1787 1265,1785 1266,1785 1267,1784 1267,1779 1268,1778 1273,1778 1274,1777 1274,1772 1275,1771 1276,1771 1277,1770 1277,1766 1280,1763 1281,1763 1281,1763 1281,1762 1283,1760 1287,1760 1292,1755 1292,1725 1294,1723 1295,1723 1296,1722 1296,1721 1297,1720 1298,1720 1299,1719 1318,1719 1318,1720 1318,1738 1319,1738 1613,1738 1614,1740 1614,1745 1615,1745 1617,1745 1617,1746 1617,1781 1618,1781 1724,1781 1725,1782 1726,1782 1727,1784 1727,1840 1728,1840 1825,1840 1825,1840 1825,1839 1828,1836 1832,1836 1833,1835 1833,1831 1835,1829 1836,1829 1836,1829 1836,1828 1839,1825 1840,1825 1840,1825 1840,1824 1842,1822 1846,1822 1866,1802 1866,1798 1868,1796 1869,1796 1869,1796 1869,1795 1871,1793 1879,1793 1880,1792 1880,1788 1917,1751 1917,1750 1918,1749 1919,1749 1920,1748 1920,1744 1923,1741 1924,1741 1924,1741 1924,1740 1926,1738 1935,1738 1935,1739 1935,1781 1936,1781 2070,1781 2070,1781 2070,1780 2072,1778 2132,1778 2132,1778 2132,1747 2134,1745 2139,1745 2140,1744 2140,1743 2142,1741 2256,1741 2257,1740 2257,1739 2258,1738 2271,1738 2271,1739 2271,1778 2272,1778 2325,1778 2326,1780 2326,1781 2328,1782 2329,1782 2330,1784 2330,1785 2331,1785 2468,1785 2468,1785 2468,1784 2470,1782 2545,1782 2545,1782 2545,1743 2546,1742 2547,1742 2549,1740 2549,1739 2550,1738 2551,1738 2552,1737 2680,1737 2681,1736 2695,1736 2695,1737 2695,1774 2696,1774 2845,1774 2845,1774 2845,1746 2846,1745 2847,1745 2848,1744 2852,1740 2852,1739 2853,1738 2855,1738 2856,1740 2856,1741 2857,1741 2858,1741 2859,1743 2859,1744 2860,1744 2861,1745 2862,1745 2863,1747 2863,1774 2864,1774 3024,1774 3024,1774 3024,1743 3026,1741 3031,1741 3031,1741 3031,1740 3033,1738 3045,1738 3046,1740 3046,1785 3047,1785 3246,1785 3246,1785 3246,1784 3248,1782 3334,1782 3334,1782 3334,1776 3335,1775 3336,1775 3338,1773 3338,1750 3339,1749 3340,1749 3341,1748 3342,1747 3342,1746 3343,1745 3480,1745 3480,1745 3480,1744 3483,1741 3491,1741 3491,1741 3491,1740 3493,1738 3502,1738 3502,1739 3502,1749 3503,1749 3632,1749 3636,1745 3637,1745 3637,1745 3637,1744 3640,1741 3644,1741 3645,1740 3645,1739 3646,1738 3651,1738 3652,1737 3652,1736 3654,1734 3666,1734 3666,1735 3666,1736 3669,1738 3673,1738 3674,1740 3674,1741 3675,1741 3760,1741 3762,1744 3762,1785 3763,1785 3844,1785 3846,1788 3846,1792 3848,1793 3849,1793 3849,1794 3849,1829 3850,1829 3918,1829 3918,1830 3918,1831 3921,1833 3925,1833 3926,1835 3926,1836 3927,1836 3928,1836 3930,1839 3930,1840 3931,1840 3932,1840 3933,1842 3933,1865 3932,1866 3931,1866 3930,1867 3930,1868 3929,1869 3928,1869 3926,1871 3926,1872 3925,1873 3924,1873 3922,1875 3922,1880 3922,1880 3917,1880 3915,1882 3915,1883 3914,1884 3902,1884 3901,1884 3901,1883 3901,1882 3899,1880 3898,1880 3897,1880 3897,1857 3896,1855 3672,1855 3670,1857 3670,1858 3670,1858 3606,1858 3605,1859 3605,1860 3604,1861 3604,1862 3604,1862 3603,1862 3601,1864 3601,1872 3600,1873 3595,1873 3594,1874 3594,1879 3593,1880 3592,1880 3590,1882 3590,1883 3589,1884 3589,1903 3589,1903"/><TextEquiv index="1"><Unicode>Officier Anglois qui étoit dans le beſoin,</Unicode></TextEquiv></TextLine><TextLine id="r0_l005"><Coords points="2853,2229 2852,2229 2852,2181 2852,2180 1648,2180 1647,2181 1647,2182 1645,2184 1271,2184 1270,2185 1270,2198 1270,2198 1269,2198 1267,2200 1267,2204 1265,2206 1264,2206 1263,2207 1263,2208 1262,2209 1261,2209 1259,2211 1259,2212 1258,2213 1257,2213 1256,2214 1256,2215 1254,2217 1253,2217 1252,2218 1252,2219 1251,2220 1247,2220 1243,2224 1235,2224 1234,2225 1234,2226 1233,2227 1224,2227 1223,2227 1223,2226 1222,2224 1218,2224 1216,2223 1215,2222 1215,2210 1215,2209 1195,2209 1193,2208 1193,2201 1194,2200 1194,2199 1195,2198 1241,2198 1241,2198 1241,2156 1243,2154 1256,2154 1256,2154 1256,1991 1257,1990 1258,1990 1259,1989 1259,1977 1260,1976 1261,1976 1263,1974 1263,1973 1264,1972 1265,1972 1267,1970 1267,1966 1269,1964 1270,1964 1270,1964 1270,1963 1273,1960 1274,1960 1274,1960 1274,1959 1276,1957 1277,1957 1277,1957 1277,1956 1280,1953 1284,1953 1285,1952 1285,1929 1286,1928 1291,1928 1292,1927 1292,1923 1306,1909 1310,1909 1311,1908 1311,1907 1312,1906 1317,1906 1318,1905 1318,1904 1320,1902 1335,1902 1336,1904 1336,1906 1337,1906 1489,1906 1489,1907 1489,1908 1492,1910 1493,1910 1493,1911 1493,1942 1494,1942 2121,1942 2121,1942 2121,1927 2122,1926 2122,1925 2123,1924 2124,1924 2125,1923 2125,1922 2126,1921 2127,1921 2129,1919 2129,1918 2130,1917 2131,1917 2132,1916 2132,1912 2135,1909 2136,1909 2136,1909 2136,1908 2138,1906 2142,1906 2143,1905 2143,1902 2144,1901 2154,1901 2154,1902 2154,1939 2155,1939 2187,1939 2187,1940 2187,1942 2188,1942 2493,1942 2494,1944 2494,1946 2495,1946 3119,1946 3119,1946 3119,1915 3121,1913 3352,1913 3352,1913 3352,1904 3353,1903 3590,1903 3590,1904 3590,1905 3592,1906 3882,1906 3882,1907 3882,1946 3883,1946 3932,1946 3937,1952 3937,1963 3936,1964 3931,1964 3930,1965 3930,2145 3929,2146 3929,2147 3929,2147 3928,2147 3926,2149 3926,2150 3926,2150 3925,2150 3922,2153 3922,2157 3921,2158 3901,2158 3900,2159 3900,2228 3900,2228 3887,2228 3886,2228 3886,2184 3886,2183 2864,2183 2863,2184 2863,2229 2863,2229"/><TextEquiv index="1"><Unicode>ſevaaoon eee eere ſera eeaea</Unicode></TextEquiv></TextLine><TextLine id="r0_l006"><Coords points="1415,2557 1414,2557 1414,2510 1414,2509 1254,2509 1252,2508 1252,2507 1251,2505 1250,2505 1248,2504 1248,2488 1248,2487 1229,2487 1226,2485 1226,2482 1230,2478 1230,2477 1231,2476 1252,2476 1252,2476 1252,2305 1252,2304 1246,2304 1245,2304 1245,2288 1244,2287 1244,2274 1245,2273 1245,2272 1246,2271 1423,2271 1423,2272 1423,2273 1425,2275 1426,2275 1427,2275 1427,2276 1427,2322 1428,2322 1614,2322 1614,2322 1614,2302 1616,2300 1617,2300 1617,2300 1617,2299 1619,2297 1620,2297 1621,2296 1621,2291 1622,2290 1623,2290 1624,2289 1624,2285 1631,2278 1639,2278 1639,2278 1639,2259 1642,2256 1643,2256 1643,2256 1643,2251 1645,2249 1646,2249 1646,2249 1646,2248 1648,2246 1649,2246 1650,2245 1650,2244 1652,2242 1653,2242 1654,2241 1654,2236 1655,2235 1663,2235 1667,2231 1686,2231 1687,2233 1687,2234 1689,2235 1694,2235 1694,2236 1694,2267 1695,2267 1707,2267 1709,2270 1709,2271 1710,2271 1711,2271 1712,2273 1712,2275 1713,2275 1992,2275 1994,2273 1994,2272 1995,2271 2069,2271 2076,2264 2088,2264 2088,2265 2088,2266 2089,2267 2089,2271 2090,2271 2362,2271 2362,2271 2362,2263 2365,2260 2366,2260 2366,2260 2366,2255 2368,2253 2369,2253 2370,2252 2370,2247 2371,2246 2372,2246 2374,2244 2374,2243 2375,2242 2376,2242 2377,2241 2377,2240 2379,2238 2380,2238 2381,2237 2381,2236 2382,2235 2383,2235 2385,2233 2385,2232 2386,2231 2387,2231 2387,2231 2388,2230 2388,2229 2390,2227 2398,2227 2401,2224 2417,2224 2417,2225 2417,2226 2420,2228 2421,2228 2421,2229 2421,2230 2423,2231 2424,2231 2424,2232 2424,2233 2425,2234 2425,2271 2426,2271 2582,2271 2582,2271 2582,2265 2583,2264 2584,2264 2585,2263 2585,2233 2587,2231 2588,2231 2589,2230 2589,2229 2591,2227 2610,2227 2611,2229 2611,2231 2612,2231 2683,2231 2684,2233 2684,2234 2685,2234 2686,2234 2688,2237 2688,2271 2689,2271 2727,2271 2728,2273 2728,2274 2730,2275 2852,2275 2852,2275 2852,2230 2853,2229 2863,2229 2865,2231 2866,2231 2867,2233 2867,2242 2868,2242 3019,2242 3020,2241 3020,2240 3022,2238 3235,2238 3236,2237 3236,2236 3237,2235 3238,2235 3239,2234 3239,2233 3241,2231 3246,2231 3246,2231 3246,2230 3249,2227 3267,2227 3269,2230 3269,2231 3270,2231 3418,2231 3418,2232 3418,2233 3421,2235 3473,2235 3473,2236 3473,2260 3474,2260 3519,2260 3521,2263 3521,2271 3522,2271 3578,2271 3579,2273 3579,2274 3581,2275 3582,2275 3583,2277 3583,2322 3584,2322 3772,2322 3772,2322 3772,2314 3775,2311 3776,2311 3776,2311 3776,2306 3778,2304 3779,2304 3780,2303 3780,2298 3781,2297 3782,2297 3782,2297 3791,2288 3791,2287 3792,2286 3793,2286 3798,2281 3798,2280 3799,2279 3800,2279 3801,2278 3805,2278 3805,2278 3805,2277 3807,2275 3886,2275 3886,2275 3886,2229 3887,2228 3900,2228 3900,2229 3900,2230 3902,2231 3903,2231 3904,2233 3904,2248 3908,2252 3908,2271 3909,2271 3929,2271 3929,2272 3929,2273 3930,2274 3930,2450 3931,2450 3932,2450 3933,2452 3933,2486 3932,2487 3931,2487 3930,2488 3930,2492 3929,2493 3929,2494 3929,2494 3928,2494 3926,2496 3926,2497 3925,2498 3920,2498 3919,2499 3919,2500 3918,2501 3910,2501 3908,2503 3908,2504 3907,2505 3906,2505 3904,2507 3904,2508 3904,2508 3903,2508 3900,2511 3900,2512 3900,2512 3895,2512 3893,2511 3893,2510 3893,2509 3671,2509 3670,2510 3670,2534 3670,2534 3669,2534 3668,2535 3667,2536 3667,2537 3666,2538 3664,2538 3663,2538 3663,2510 3663,2509 3136,2509 3135,2508 2983,2508 2982,2509 2979,2509 2975,2505 2879,2505 2878,2506 2878,2555 2878,2555 2868,2555 2867,2555 2867,2506 2867,2505 2792,2505 2790,2507 2790,2508 2789,2509 2639,2509 2636,2507 2636,2506 2636,2505 2386,2505 2310,2505 2308,2507 2308,2508 2308,2508 2307,2508 2306,2509 2047,2509 2044,2507 2044,2506 2044,2505 1922,2505 1784,2505 1780,2509 1538,2509 1537,2510 1537,2519 1537,2519 1536,2519 1533,2522 1533,2530 1533,2530 1532,2530 1530,2532 1530,2533 1529,2534 1528,2534 1526,2536 1526,2537 1525,2538 1524,2538 1522,2540 1522,2541 1522,2541 1521,2541 1520,2542 1516,2542 1515,2543 1515,2544 1514,2545 1499,2545 1496,2548 1496,2549 1496,2549 1466,2549 1462,2553 1434,2553 1433,2554 1433,2557 1433,2557"/><TextEquiv index="1"><Unicode>ir dveou eonmonm l ſon ſ no</Unicode></TextEquiv></TextLine><TextLine id="r0_l007"><Coords points="1291,2717 1287,2713 1261,2713 1259,2712 1259,2670 1259,2669 1257,2669 1256,2669 1256,2668 1255,2667 1255,2666 1254,2666 1252,2665 1252,2657 1247,2651 1243,2651 1241,2650 1241,2645 1241,2644 1239,2644 1237,2643 1237,2642 1239,2640 1255,2640 1256,2639 1256,2634 1257,2633 1258,2633 1260,2631 1260,2630 1261,2629 1262,2629 1263,2628 1263,2627 1264,2626 1265,2626 1267,2624 1267,2623 1268,2622 1269,2622 1270,2621 1270,2620 1272,2618 1277,2618 1277,2618 1277,2617 1280,2614 1281,2614 1281,2614 1281,2613 1283,2611 1284,2611 1285,2610 1285,2609 1286,2608 1287,2607 1288,2607 1288,2607 1288,2606 1290,2604 1291,2604 1292,2603 1343,2603 1343,2603 1343,2602 1345,2600 1413,2600 1413,2600 1413,2558 1414,2557 1433,2557 1434,2556 1555,2556 1555,2557 1555,2600 1556,2600 2055,2600 2055,2600 2055,2599 2058,2596 2059,2596 2059,2596 2059,2595 2061,2593 2070,2593 2070,2594 2070,2600 2071,2600 2318,2600 2319,2599 2319,2590 2320,2589 2321,2589 2322,2588 2322,2562 2324,2560 2328,2560 2332,2556 2340,2556 2340,2557 2340,2558 2341,2559 2341,2600 2342,2600 2537,2600 2538,2599 2538,2598 2540,2596 2636,2596 2636,2596 2636,2595 2638,2593 2639,2593 2640,2592 2640,2565 2641,2564 2642,2564 2644,2562 2644,2561 2645,2560 2662,2560 2662,2561 2662,2596 2663,2596 2767,2596 2768,2598 2768,2599 2770,2600 2866,2600 2866,2600 2866,2556 2867,2555 2878,2555 2879,2556 2884,2556 2885,2558 2885,2603 2886,2603 3089,2603 3089,2603 3089,2566 3095,2560 3147,2560 3148,2562 3148,2603 3149,2603 3279,2603 3279,2603 3279,2602 3281,2600 3293,2600 3294,2602 3294,2603 3295,2603 3296,2603 3298,2606 3298,2651 3299,2651 3337,2651 3338,2653 3338,2654 3340,2655 3341,2655 3341,2656 3341,2657 3342,2658 3342,2675 3340,2677 3339,2677 3338,2678 3338,2679 3337,2680 3325,2680 3323,2679 3323,2678 3323,2677 3322,2677 3319,2675 3319,2674 3319,2673 2847,2673 2845,2675 2845,2683 2844,2684 2843,2684 2841,2686 2841,2687 2841,2687 2840,2687 2837,2690 2837,2694 2832,2699 2828,2699 2826,2701 2826,2702 2826,2702 2825,2702 2823,2704 2823,2705 2822,2706 2817,2706 2816,2707 2816,2708 2814,2710 2800,2710 2797,2708 2797,2670 2797,2669 2522,2669 2520,2671 2520,2672 2519,2673 1615,2673 1614,2674 1614,2675 1612,2677 1609,2677 1606,2675 1606,2674 1606,2673 1304,2673 1303,2674 1303,2713 1303,2713 1298,2713 1296,2715 1296,2716 1295,2717"/><TextEquiv index="1"><Unicode>qu'il rencontre dans les jardins.</Unicode></TextEquiv></TextLine><TextLine id="r0_l008"><Coords points="1176,3052 1175,3052 1175,3028 1175,3027 1166,3027 1164,3026 1164,3025 1164,3024 1163,3024 1160,3022 1160,3019 1163,3016 1183,3016 1183,3016 1183,2992 1184,2991 1185,2991 1186,2990 1186,2938 1188,2936 1212,2936 1212,2936 1212,2908 1213,2907 1218,2907 1219,2906 1219,2905 1220,2904 1221,2903 1222,2903 1223,2902 1223,2901 1225,2899 1427,2899 1427,2899 1427,2883 1429,2881 1609,2881 1610,2880 1610,2879 1611,2878 1813,2878 1814,2877 1893,2877 1894,2878 2216,2878 2217,2880 2217,2881 2218,2881 3651,2881 3652,2883 3652,2884 3654,2885 3655,2885 3656,2887 3656,2929 3657,2929 3841,2929 3842,2931 3842,2932 3843,2932 3917,2932 3919,2935 3919,2936 3920,2936 3925,2936 3926,2938 3926,2939 3927,2939 3928,2940 3929,2940 3930,2942 3930,2943 3931,2943 3932,2943 3933,2945 3933,2947 3934,2947 3962,2947 3962,2948 3962,2949 3963,2949 3965,2951 3966,2951 3966,2952 3966,2954 3966,2954 3938,2954 3937,2955 3937,2964 3936,2965 3934,2965 3933,2966 3933,2998 3933,2998 3932,2998 3925,3005 3914,3005 3911,3008 3911,3009 3911,3009 3795,3009 3794,3010 3794,3016 3793,3017 3036,3017 3035,3018 3035,3033 3030,3038 2078,3038 2077,3039 2077,3047 2077,3047 1761,3047 1760,3048 1301,3048 1299,3050 1299,3051 1299,3051 1195,3051 1194,3052"/><TextEquiv index="1"><Unicode>APrès s'être défait de la priſe &amp; de ce</Unicode></TextEquiv></TextLine><TextLine id="r0_l009"><Coords points="3591,3217 3590,3217 3590,3171 3590,3170 3419,3170 3418,3171 3418,3180 3417,3181 3416,3181 3415,3182 3415,3186 3414,3187 3414,3188 3414,3188 3413,3188 3411,3190 3411,3191 3411,3191 3410,3191 3407,3194 3407,3195 3407,3195 3406,3195 3403,3198 3403,3199 3403,3199 3402,3199 3400,3201 3400,3202 3399,3203 3388,3203 3385,3201 3385,3171 3385,3170 3289,3170 3286,3168 3286,3167 3286,3166 2989,3166 2987,3165 2987,3164 2987,3163 2839,3163 2837,3165 2837,3166 2837,3166 2835,3166 2834,3167 2834,3205 2833,3206 2831,3206 2830,3207 2829,3207 2826,3205 2826,3167 2826,3166 2422,3166 2421,3167 2421,3212 2421,3212 2418,3212 2417,3212 2417,3167 2417,3166 1984,3166 1983,3167 1983,3168 1981,3170 1966,3170 1965,3170 1965,3169 1963,3166 1568,3166 1566,3168 1566,3169 1565,3170 1502,3170 1501,3171 1501,3196 1500,3197 1500,3199 1500,3199 1499,3199 1495,3203 1474,3203 1473,3202 1472,3202 1471,3202 1471,3201 1470,3199 1469,3199 1468,3199 1468,3171 1468,3170 1359,3170 1358,3171 1358,3216 1358,3216 1348,3216 1347,3216 1347,3171 1347,3170 1202,3170 1201,3171 1201,3216 1201,3216 1200,3216 1199,3215 1188,3215 1187,3215 1187,3171 1187,3170 1155,3170 1153,3172 1153,3173 1153,3173 1152,3173 1151,3174 1150,3174 1149,3173 1115,3173 1114,3173 1114,3145 1115,3144 1131,3144 1131,3144 1131,3139 1133,3137 1134,3137 1135,3136 1135,3135 1137,3133 1142,3133 1142,3133 1142,3074 1143,3073 1143,3072 1144,3071 1153,3071 1153,3071 1153,3070 1157,3066 1157,3065 1158,3064 1172,3064 1172,3064 1172,3058 1173,3057 1174,3057 1175,3056 1175,3053 1176,3052 1245,3052 1246,3051 1300,3051 1300,3052 1300,3053 1301,3053 1302,3053 1303,3055 1303,3059 1305,3060 1306,3060 1307,3062 1307,3071 1308,3071 1309,3071 1311,3074 1311,3085 1318,3092 1318,3097 1319,3097 1551,3097 1551,3097 1551,3096 1552,3095 1552,3094 1553,3093 1569,3093 1570,3092 1570,3091 1572,3089 1595,3089 1595,3089 1595,3059 1598,3056 1599,3056 1599,3056 1599,3055 1601,3053 1602,3053 1602,3053 1602,3052 1605,3049 1748,3049 1749,3048 1760,3048 1760,3049 1760,3082 1761,3082 1796,3082 1796,3083 1796,3084 1800,3088 1800,3092 1802,3093 1913,3093 1913,3093 1913,3058 1914,3057 1915,3057 1917,3055 1917,3051 1919,3049 2070,3049 2070,3049 2070,3048 2071,3047 2169,3047 2171,3045 2176,3045 2177,3046 2198,3046 2198,3047 2198,3052 2200,3053 2201,3053 2202,3055 2202,3089 2203,3089 2299,3089 2301,3092 2301,3093 2302,3093 2443,3093 2443,3093 2443,3051 2445,3049 2446,3049 2446,3049 2446,3048 2448,3046 2449,3046 2450,3045 2594,3045 2595,3046 2596,3046 2596,3047 2596,3048 2598,3049 2599,3049 2600,3051 2600,3093 2601,3093 2672,3093 2673,3095 2673,3096 2675,3097 2779,3097 2779,3097 2779,3051 2781,3049 2782,3049 2783,3048 2783,3047 2784,3046 2788,3046 2790,3044 2790,3043 2791,3042 2793,3042 2794,3044 2794,3045 2795,3045 2882,3045 2883,3046 2884,3046 2884,3047 2885,3048 2885,3049 2886,3049 2891,3049 2892,3051 2892,3093 2893,3093 3089,3093 3089,3093 3089,3062 3091,3060 3092,3060 3093,3059 3093,3055 3095,3053 3220,3053 3221,3055 3221,3056 3222,3056 3223,3056 3225,3059 3225,3060 3226,3060 3227,3060 3228,3062 3228,3097 3229,3097 3297,3097 3298,3099 3298,3100 3299,3100 3307,3100 3309,3103 3309,3107 3311,3108 3312,3108 3312,3109 3312,3144 3313,3144 3513,3144 3513,3144 3513,3062 3515,3060 3516,3060 3517,3059 3517,3054 3518,3053 3531,3053 3531,3054 3531,3055 3532,3056 3532,3063 3535,3066 3535,3097 3536,3097 3692,3097 3692,3097 3692,3088 3694,3086 3695,3086 3696,3085 3696,3084 3698,3082 3699,3082 3699,3082 3699,3077 3701,3075 3702,3075 3702,3075 3703,3074 3703,3073 3705,3071 3706,3071 3707,3070 3707,3069 3708,3068 3709,3068 3711,3066 3711,3065 3712,3064 3713,3064 3714,3063 3714,3062 3716,3060 3721,3060 3721,3060 3721,3059 3724,3056 3725,3056 3725,3056 3725,3055 3727,3053 3735,3053 3736,3052 3736,3051 3738,3049 3779,3049 3780,3051 3780,3052 3782,3053 3786,3053 3791,3059 3791,3071 3792,3071 3794,3071 3795,3073 3795,3097 3796,3097 3852,3097 3853,3099 3853,3100 3854,3100 3855,3100 3857,3103 3857,3107 3859,3108 3860,3108 3860,3109 3860,3114 3862,3115 3863,3115 3864,3117 3864,3122 3865,3122 3921,3122 3923,3125 3923,3126 3924,3126 3925,3126 3926,3128 3926,3129 3927,3129 3928,3129 3930,3132 3930,3139 3928,3141 3927,3141 3926,3142 3926,3143 3925,3144 3876,3144 3875,3145 3875,3165 3874,3166 3873,3166 3872,3167 3871,3168 3871,3169 3870,3170 3742,3170 3740,3168 3606,3168 3605,3169 3605,3217 3605,3217"/><TextEquiv index="1"><Unicode>qui étoit à bord du Terrible, le Ca-</Unicode></TextEquiv></TextLine><TextLine id="r0_l010"><Coords points="2082,3374 2081,3374 2081,3328 2081,3327 1893,3327 1891,3329 1891,3330 1891,3330 1890,3330 1889,3331 1730,3331 1729,3330 1728,3330 1727,3330 1727,3329 1726,3327 1606,3327 1517,3327 1515,3329 1515,3330 1515,3330 1514,3330 1513,3331 1132,3331 1131,3332 1131,3359 1127,3363 1108,3363 1106,3365 1106,3366 1105,3367 1104,3367 1102,3366 1102,3365 1101,3363 1096,3363 1095,3363 1095,3310 1095,3309 1090,3309 1087,3307 1087,3306 1087,3305 1086,3305 1084,3304 1084,3303 1086,3301 1098,3301 1098,3301 1098,3264 1099,3263 1099,3262 1100,3261 1149,3261 1149,3261 1149,3231 1150,3230 1150,3229 1151,3228 1152,3228 1156,3232 1186,3232 1186,3232 1186,3216 1187,3215 1199,3215 1200,3216 1359,3216 1362,3220 1362,3257 1363,3257 1646,3257 1647,3256 1647,3255 1648,3254 1832,3254 1833,3255 1987,3255 1988,3254 2219,3254 2220,3256 2220,3257 2221,3257 2413,3257 2413,3257 2413,3217 2414,3216 2414,3215 2415,3214 2416,3214 2418,3212 2542,3212 2542,3212 2542,3211 2543,3210 2610,3210 2611,3212 2611,3213 2613,3214 2618,3214 2618,3215 2618,3216 2620,3217 2624,3217 2626,3220 2626,3221 2627,3221 2636,3221 2636,3222 2636,3223 2639,3225 2640,3225 2640,3226 2640,3227 2642,3228 2643,3228 2644,3230 2644,3235 2646,3236 2647,3236 2647,3237 2647,3238 2649,3239 2650,3239 2651,3241 2651,3242 2653,3243 2654,3243 2655,3245 2655,3250 2656,3250 2657,3250 2658,3252 2658,3254 2659,3254 2830,3254 2830,3254 2830,3207 2831,3206 2851,3206 2852,3208 2852,3209 2854,3210 2859,3210 2859,3211 2859,3254 2860,3254 2961,3254 2962,3256 2962,3257 2963,3257 3015,3257 3016,3259 3016,3261 3017,3261 3260,3261 3261,3263 3261,3268 3262,3268 3267,3268 3268,3270 3268,3271 3269,3272 3269,3279 3270,3279 3271,3279 3272,3281 3272,3308 3273,3308 3487,3308 3487,3308 3487,3290 3488,3289 3488,3288 3489,3287 3490,3287 3491,3286 3491,3282 3495,3278 3495,3274 3497,3272 3498,3272 3498,3272 3498,3268 3499,3267 3499,3266 3500,3265 3505,3265 3506,3264 3506,3263 3508,3261 3520,3261 3520,3261 3520,3260 3523,3257 3537,3257 3541,3261 3590,3261 3590,3261 3590,3218 3591,3217 3605,3217 3605,3218 3605,3224 3607,3225 3608,3225 3608,3226 3608,3227 3609,3227 3610,3228 3611,3228 3612,3230 3612,3235 3614,3236 3615,3236 3615,3237 3615,3241 3619,3245 3619,3261 3620,3261 3732,3261 3732,3261 3732,3260 3735,3257 3917,3257 3919,3260 3919,3261 3920,3261 3925,3261 3926,3263 3926,3264 3928,3265 3929,3265 3930,3267 3930,3271 3932,3272 3933,3272 3933,3273 3933,3315 3932,3316 3931,3316 3930,3317 3930,3325 3929,3326 3929,3327 3929,3327 3924,3327 3922,3329 3922,3330 3921,3331 3916,3331 3915,3332 3915,3333 3914,3334 3902,3334 3900,3333 3900,3332 3900,3331 3602,3331 3601,3332 3601,3333 3600,3334 3595,3334 3594,3334 3594,3333 3593,3331 3394,3331 3393,3332 3393,3340 3391,3342 3390,3342 3389,3343 3389,3348 3388,3349 3387,3349 3386,3350 3385,3351 3385,3352 3385,3352 3384,3352 3382,3354 3382,3355 3381,3356 3376,3356 3375,3357 3375,3358 3373,3360 3369,3360 3367,3362 3367,3363 3367,3363 3365,3363 3363,3362 3363,3361 3363,3360 3362,3360 3360,3359 3360,3332 3360,3331 3112,3331 3111,3332 3111,3363 3111,3363 3103,3363 3100,3366 3100,3367 3100,3367 3098,3367 3097,3367 3097,3366 3096,3364 3088,3364 3086,3363 3086,3335 3086,3334 3073,3334 3071,3333 3071,3332 3071,3331 3067,3331 3066,3330 3065,3330 3064,3330 3064,3329 3063,3327 2905,3327 2903,3329 2903,3330 2903,3330 2839,3330 2837,3329 2837,3328 2837,3327 2605,3327 2604,3328 2604,3329 2602,3331 2416,3331 2414,3330 2414,3329 2413,3327 2189,3327 2187,3329 2187,3330 2187,3330 2185,3330 2183,3329 2183,3328 2183,3327 2090,3327 2089,3328 2089,3374 2089,3374"/><TextEquiv index="1"><Unicode>pitaine nous mena à Dunkerque, où nos</Unicode></TextEquiv></TextLine><TextLine id="r0_l011"><Coords points="1089,3375 3945,3375 3945,3693 1089,3693"/><TextEquiv index="1"><Unicode>ess aues 'alaes, ouu c mem la a lee</Unicode></TextEquiv></TextLine><TextLine id="r0_l012"><Coords points="1092,3697 3938,3697 3938,3858 1092,3858"/><TextEquiv index="1"><Unicode>ſur notre parole de nous promener dans la</Unicode></TextEquiv></TextLine><TextLine id="r0_l013"><Coords points="2670,4031 2669,4031 2669,3986 2669,3985 2667,3985 2666,3984 2583,3984 2582,3984 2582,3982 2582,3981 2404,3981 2403,3982 2403,3983 2402,3984 2398,3984 2395,3987 2395,3988 2395,3988 2265,3988 2264,3989 2264,4017 2264,4017 2251,4017 2249,4019 2249,4020 2248,4021 2244,4021 2242,4020 2242,4019 2241,4017 2240,4017 2238,4016 2238,3986 2238,3985 2216,3985 2215,3984 2214,3984 2213,3984 2213,3983 2212,3981 1987,3981 1986,3982 1986,3984 1986,3984 1985,3984 1984,3985 1677,3985 1676,3986 1676,4013 1675,4014 1674,4014 1671,4017 1663,4017 1662,4018 1662,4019 1660,4021 1502,4021 1500,4020 1500,4019 1499,4017 1498,4017 1497,4017 1497,3986 1497,3985 1296,3985 1295,3986 1295,4029 1295,4029 1283,4029 1282,4029 1282,3986 1282,3985 1160,3985 1159,3984 1158,3984 1157,3984 1157,3983 1155,3981 1152,3977 1151,3977 1150,3977 1150,3968 1149,3966 1148,3966 1146,3965 1146,3953 1146,3952 1145,3952 1142,3950 1142,3949 1142,3948 1141,3948 1139,3947 1139,3943 1137,3940 1136,3940 1135,3940 1135,3928 1134,3926 1133,3926 1132,3926 1132,3925 1131,3924 1131,3913 1130,3911 1129,3911 1128,3911 1128,3906 1127,3904 1126,3904 1124,3903 1124,3902 1123,3900 1122,3900 1120,3899 1120,3887 1120,3886 1119,3886 1118,3885 1117,3885 1117,3884 1116,3882 1100,3882 1099,3882 1099,3881 1098,3880 1098,3872 1098,3871 1082,3871 1080,3870 1080,3866 1082,3864 1332,3864 1332,3865 1332,3866 1335,3868 1336,3868 1336,3869 1336,3908 1337,3908 1394,3908 1394,3909 1394,3910 1396,3911 1404,3911 1406,3914 1406,3915 1407,3915 1408,3915 1409,3917 1409,3918 1410,3918 1411,3918 1413,3921 1413,3922 1414,3922 1415,3922 1416,3924 1416,3928 1419,3930 1420,3930 1420,3931 1420,3955 1421,3955 1646,3955 1646,3955 1646,3922 1647,3921 1647,3920 1648,3919 1649,3919 1650,3918 1650,3917 1652,3915 1657,3915 1657,3915 1657,3914 1660,3911 1752,3911 1752,3911 1752,3910 1754,3908 1763,3908 1763,3909 1763,3910 1765,3911 2041,3911 2041,3911 2041,3910 2043,3908 2088,3908 2088,3909 2088,3910 2090,3911 2318,3911 2318,3911 2318,3910 2320,3908 2402,3908 2403,3910 2403,3911 2404,3911 2950,3911 2950,3911 2950,3910 2952,3908 3035,3908 3035,3908 3035,3876 3036,3875 3037,3875 3038,3874 3038,3873 3040,3871 3052,3871 3053,3873 3053,3874 3055,3875 3056,3875 3056,3876 3056,3877 3059,3879 3060,3879 3060,3880 3060,3915 3061,3915 3395,3915 3396,3914 3396,3913 3398,3911 3433,3911 3433,3911 3433,3873 3435,3871 3436,3871 3436,3871 3436,3870 3439,3867 3446,3867 3447,3869 3447,3870 3449,3871 3615,3871 3615,3871 3615,3870 3618,3867 3670,3867 3670,3867 3670,3866 3672,3864 3677,3864 3677,3865 3677,3866 3679,3867 3690,3867 3691,3868 3692,3868 3692,3869 3692,3870 3694,3871 3695,3871 3696,3873 3696,3911 3697,3911 3921,3911 3922,3913 3922,3914 3924,3915 3933,3915 3933,3916 3933,3925 3935,3926 3936,3926 3937,3928 3937,3972 3933,3976 3933,3980 3932,3981 3931,3981 3930,3982 3930,3983 3929,3984 3928,3984 3927,3985 3920,3985 3919,3986 3919,3987 3918,3988 3899,3988 3896,3985 3701,3985 3699,3987 3699,3988 3699,3988 3314,3988 3312,3990 3312,3991 3311,3992 3167,3992 3166,3993 3166,4020 3165,4021 3153,4021 3152,4022 3152,4023 3150,4025 3147,4025 3140,4019 3140,3989 3140,3988 3080,3988 3079,3988 3079,3987 3078,3985 2674,3985 2673,3986 2673,4031 2673,4031"/><TextEquiv index="1"><Unicode>Ville, pourvu que nous n'aprochaſſions</Unicode></TextEquiv></TextLine><TextLine id="r0_l014"><Coords points="2124,4193 2123,4193 2123,4186 2123,4185 1107,4185 1106,4185 1106,4184 1104,4181 1103,4181 1102,4181 1102,4146 1102,4145 1089,4145 1088,4145 1088,4143 1090,4141 1091,4141 1091,4141 1091,4118 1093,4116 1098,4116 1098,4116 1098,4083 1099,4082 1099,4081 1101,4079 1109,4079 1110,4078 1110,4077 1111,4076 1203,4076 1205,4074 1205,4073 1206,4072 1274,4072 1274,4072 1274,4037 1276,4035 1277,4035 1278,4034 1278,4033 1279,4032 1280,4032 1281,4031 1281,4030 1282,4029 1556,4029 1557,4028 1558,4028 1559,4027 1559,4026 1560,4025 1562,4025 1563,4027 1563,4028 1564,4028 1569,4028 1570,4030 1570,4031 1571,4031 2674,4031 2675,4032 3849,4032 3849,4033 3849,4034 3853,4038 3853,4072 3854,4072 3914,4072 3915,4074 3915,4075 3917,4076 3922,4076 3922,4077 3922,4078 3924,4079 3928,4079 3936,4087 4156,4087 4156,4088 4156,4105 4156,4105 3938,4105 3937,4106 3937,4137 3936,4138 3935,4138 3933,4140 3933,4141 3933,4141 3932,4141 3930,4143 3930,4144 3929,4145 3928,4145 3926,4147 3926,4148 3925,4149 3584,4149 3583,4150 3583,4151 3582,4152 3581,4152 3580,4153 3127,4153 3126,4154 3126,4170 3125,4171 3124,4171 3122,4173 3122,4174 3122,4174 3121,4174 3118,4177 3118,4178 3118,4178 3117,4178 3115,4180 3115,4181 3114,4182 3109,4182 3108,4183 3108,4184 3107,4185 2139,4185 2138,4186 2138,4193 2138,4193"/><TextEquiv index="1"><Unicode>point des remparts, qu'on a grand ſoin de</Unicode></TextEquiv></TextLine><TextLine id="r0_l015"><Coords points="3332,4352 3331,4352 3331,4303 3331,4302 3200,4302 3199,4303 3199,4305 3198,4306 3142,4306 3141,4307 3141,4308 3139,4310 3091,4310 3090,4311 3090,4325 3089,4326 3089,4327 3088,4328 3087,4328 3086,4329 3086,4330 3077,4339 3073,4339 3071,4341 3071,4342 3071,4342 3043,4342 3042,4342 3042,4341 3041,4339 3037,4339 3034,4337 3034,4336 3034,4335 3033,4335 3031,4334 3031,4330 3030,4328 3029,4328 3027,4327 3027,4307 3027,4306 2488,4306 2487,4307 2487,4308 2485,4310 1470,4310 1467,4308 1467,4307 1467,4306 1129,4306 1128,4307 1128,4308 1126,4310 1116,4310 1108,4302 1107,4302 1106,4302 1106,4267 1106,4266 1104,4266 1102,4265 1102,4256 1102,4255 1101,4255 1098,4253 1098,4251 1099,4250 1099,4249 1101,4247 1102,4247 1102,4247 1102,4246 1104,4244 1112,4244 1113,4243 1113,4242 1114,4241 1115,4240 1116,4240 1117,4239 1117,4238 1119,4236 1146,4236 1146,4236 1146,4235 1148,4233 1339,4233 1339,4233 1339,4200 1340,4199 1340,4198 1342,4196 1343,4196 1343,4196 1343,4195 1345,4193 1543,4193 1544,4192 1544,4191 1546,4189 1595,4189 1595,4190 1595,4191 1603,4199 1603,4236 1604,4236 1946,4236 1946,4236 1946,4198 1948,4196 1949,4196 1950,4195 1950,4194 1951,4193 1960,4193 1961,4195 1961,4196 1962,4196 1963,4196 1964,4198 1964,4236 1965,4236 2121,4236 2121,4236 2121,4195 2123,4193 2139,4193 2140,4195 2140,4199 2142,4200 2143,4200 2143,4201 2143,4206 2145,4207 2146,4207 2147,4209 2147,4217 2151,4221 2151,4236 2152,4236 2501,4236 2501,4236 2501,4235 2503,4233 2673,4233 2673,4233 2673,4198 2675,4196 2676,4196 2677,4195 2677,4194 2678,4193 2749,4193 2750,4195 2750,4196 2751,4196 2752,4196 2753,4198 2753,4229 2754,4229 2793,4229 2794,4231 2794,4236 2795,4236 3066,4236 3068,4239 3068,4240 3069,4240 3360,4240 3360,4240 3360,4238 3362,4236 3363,4236 3363,4236 3363,4232 3364,4231 3364,4230 3365,4229 3366,4229 3367,4228 3367,4220 3369,4218 3370,4218 3371,4217 3371,4216 3372,4215 3373,4215 3374,4214 3378,4214 3378,4214 3378,4213 3380,4211 3381,4211 3381,4211 3381,4210 3384,4207 3388,4207 3389,4206 3389,4205 3390,4204 3391,4204 3393,4202 3393,4201 3394,4200 3399,4200 3400,4199 3400,4198 3402,4196 3407,4196 3407,4196 3407,4195 3409,4193 3417,4193 3418,4192 3418,4191 3420,4189 3432,4189 3433,4191 3433,4192 3435,4193 3447,4193 3447,4194 3447,4195 3449,4196 3453,4196 3457,4200 3458,4200 3458,4201 3458,4202 3461,4204 3465,4204 3466,4206 3466,4207 3467,4207 3468,4207 3470,4210 3470,4211 3471,4211 3472,4211 3473,4213 3473,4214 3474,4214 3475,4214 3477,4217 3477,4221 3479,4222 3480,4222 3480,4223 3480,4232 3482,4233 3483,4233 3483,4234 3484,4235 3484,4236 3485,4236 3544,4236 3545,4237 3685,4237 3685,4238 3685,4239 3687,4240 3852,4240 3853,4239 3853,4238 3855,4236 3857,4239 3857,4240 3858,4240 3932,4240 3937,4246 3937,4305 3936,4306 3931,4306 3930,4307 3930,4308 3928,4310 3924,4310 3922,4312 3922,4313 3922,4313 3909,4313 3908,4313 3908,4312 3907,4310 3744,4310 3743,4311 3743,4324 3743,4324 3737,4324 3736,4324 3736,4311 3736,4310 3690,4310 3689,4311 3689,4312 3688,4313 3686,4313 3685,4313 3685,4312 3684,4310 3414,4310 3413,4309 3412,4309 3411,4309 3411,4308 3410,4306 3406,4306 3402,4302 3349,4302 3348,4303 3348,4351 3348,4351 3340,4351 3339,4352"/><TextEquiv index="1"><Unicode>ne laiſſer voir à aucun Etranger. On nous</Unicode></TextEquiv></TextLine><TextLine id="r0_l016"><Coords points="3508,4520 3507,4519 3500,4519 3498,4518 3498,4482 3498,4481 3452,4481 3451,4482 3451,4484 3450,4485 3449,4485 3448,4486 3448,4493 3447,4494 3447,4495 3446,4496 3442,4496 3440,4498 3440,4506 3439,4507 3424,4507 3422,4506 3422,4504 3422,4503 3420,4503 3418,4502 3418,4501 3418,4500 3334,4500 3333,4499 3332,4499 3330,4498 3330,4468 3330,4467 3101,4467 3100,4468 3100,4496 3100,4496 3099,4496 3095,4500 3094,4500 3093,4501 3093,4502 3092,4503 3080,4503 3079,4503 3079,4502 3078,4501 3078,4497 3078,4496 3077,4496 3075,4495 3075,4468 3075,4467 2729,4467 2728,4468 2728,4469 2727,4470 2557,4470 2556,4471 2556,4517 2556,4517 2546,4517 2545,4517 2545,4471 2545,4470 2535,4470 2534,4471 2534,4484 2533,4485 2532,4485 2531,4486 2531,4487 2529,4489 2528,4489 2527,4490 2527,4491 2526,4492 2525,4492 2523,4494 2523,4495 2522,4496 2521,4496 2520,4497 2520,4498 2518,4500 2514,4500 2512,4502 2512,4503 2512,4503 2507,4503 2505,4502 2505,4471 2505,4470 2097,4470 2096,4471 2096,4519 2096,4519 1976,4519 1975,4520 1962,4520 1961,4520 1961,4475 1961,4474 1915,4474 1913,4473 1913,4472 1912,4470 1747,4470 1745,4472 1745,4473 1744,4474 1618,4474 1617,4475 1617,4517 1617,4517 1464,4517 1463,4518 1463,4519 1463,4519 1447,4519 1446,4519 1446,4475 1446,4474 1370,4474 1369,4475 1369,4488 1369,4488 1368,4488 1365,4491 1365,4499 1365,4499 1364,4499 1363,4500 1359,4500 1358,4501 1358,4502 1357,4503 1356,4503 1354,4505 1354,4506 1353,4507 1345,4507 1343,4509 1343,4510 1343,4510 1342,4510 1341,4511 1336,4511 1335,4510 1334,4510 1332,4509 1332,4508 1332,4507 1320,4507 1318,4506 1318,4505 1317,4503 1312,4503 1310,4502 1310,4475 1310,4474 1115,4474 1113,4473 1113,4472 1112,4470 1111,4470 1110,4470 1110,4469 1109,4467 1108,4467 1106,4466 1106,4458 1106,4457 1105,4456 1097,4456 1095,4455 1095,4442 1095,4441 1093,4441 1091,4440 1091,4439 1091,4438 1090,4438 1088,4437 1088,4435 1089,4434 1090,4434 1091,4433 1091,4432 1093,4430 1106,4430 1106,4430 1106,4410 1108,4408 1109,4408 1109,4408 1109,4407 1112,4404 1113,4404 1113,4404 1113,4403 1115,4401 1127,4401 1128,4400 1128,4399 1130,4397 1189,4397 1190,4396 1190,4377 1192,4375 1193,4375 1193,4375 1193,4371 1194,4370 1194,4369 1195,4368 1196,4368 1201,4363 1201,4362 1202,4361 1203,4361 1205,4359 1205,4358 1206,4357 1207,4357 1208,4356 1208,4355 1209,4354 1210,4354 1212,4352 1212,4351 1213,4350 1277,4350 1278,4352 1278,4353 1279,4353 1284,4353 1285,4355 1285,4360 1286,4360 1287,4360 1288,4362 1288,4397 1289,4397 1430,4397 1431,4399 1431,4400 1433,4401 1649,4401 1650,4400 1650,4399 1652,4397 1840,4397 1840,4397 1840,4366 1842,4364 1843,4364 1844,4363 1844,4362 1845,4361 1846,4361 1848,4359 1848,4358 1849,4357 1861,4357 1862,4359 1862,4397 1863,4397 2070,4397 2070,4397 2070,4396 2073,4393 2079,4393 2080,4394 2140,4394 2140,4395 2140,4397 2141,4397 2406,4397 2406,4397 2406,4396 2409,4393 2415,4393 2416,4394 2417,4394 2417,4395 2417,4400 2419,4401 2424,4401 2424,4402 2424,4403 2426,4404 2430,4404 2431,4405 2432,4405 2432,4406 2432,4445 2433,4445 2611,4445 2611,4445 2611,4424 2612,4423 2613,4423 2614,4422 2614,4418 2617,4415 2618,4415 2618,4415 2618,4414 2620,4412 2621,4412 2622,4411 2622,4370 2624,4368 2625,4368 2625,4368 2625,4363 2627,4361 2628,4361 2629,4360 2629,4359 2631,4357 2636,4357 2636,4357 2636,4356 2639,4353 2664,4353 2665,4354 2817,4354 2818,4353 2825,4353 2827,4356 2827,4357 2828,4357 2829,4357 2830,4359 2830,4390 2831,4390 3002,4390 3002,4390 3002,4380 3003,4379 3004,4379 3009,4374 3009,4370 3011,4368 3012,4368 3012,4368 3012,4367 3015,4364 3020,4364 3020,4364 3020,4359 3022,4357 3023,4357 3024,4356 3024,4356 3024,4355 3026,4353 3037,4353 3038,4355 3038,4356 3040,4357 3041,4357 3042,4359 3042,4360 3044,4361 3045,4361 3046,4363 3046,4393 3047,4393 3330,4393 3330,4393 3330,4353 3331,4352 3339,4352 3340,4351 3349,4351 3349,4352 3349,4353 3350,4353 3395,4353 3396,4355 3396,4359 3404,4367 3404,4401 3405,4401 3552,4401 3553,4400 3553,4385 3556,4382 3557,4382 3557,4382 3557,4373 3558,4372 3559,4372 3561,4370 3561,4366 3563,4364 3567,4364 3568,4363 3568,4359 3570,4357 3571,4357 3571,4357 3571,4356 3574,4353 3578,4353 3579,4352 3579,4351 3580,4350 3597,4350 3597,4351 3597,4352 3603,4357 3604,4357 3604,4358 3604,4359 3605,4360 3605,4401 3606,4401 3899,4401 3901,4399 3901,4398 3902,4397 3918,4397 3918,4398 3918,4399 3921,4401 3929,4401 3930,4403 3930,4404 3932,4405 3933,4405 3933,4406 3933,4443 3937,4447 3937,4451 3939,4452 3940,4452 3940,4453 3940,4454 3941,4455 3941,4469 3940,4470 3935,4470 3934,4471 3934,4472 3932,4474 3928,4474 3926,4473 3926,4472 3925,4470 3567,4470 3564,4473 3564,4477 3563,4478 3562,4478 3561,4479 3561,4480 3560,4481 3514,4481 3513,4482 3513,4520 3513,4520"/><TextEquiv index="1"><Unicode>aſſigna un logement, &amp; lorſque j'y fus un</Unicode></TextEquiv></TextLine><TextLine id="r0_l017"><Coords points="1761,4682 1760,4682 1760,4636 1760,4635 1685,4635 1683,4637 1683,4638 1683,4638 1681,4638 1679,4637 1679,4636 1679,4635 1509,4635 1508,4636 1508,4637 1507,4638 1436,4638 1435,4638 1435,4637 1434,4635 1136,4635 1135,4636 1135,4667 1134,4668 1129,4668 1128,4669 1128,4670 1127,4671 1108,4671 1106,4673 1106,4674 1105,4675 1104,4675 1102,4674 1102,4673 1101,4671 1100,4671 1099,4671 1099,4670 1098,4669 1098,4625 1098,4624 1097,4624 1095,4623 1095,4592 1095,4591 1093,4591 1091,4590 1091,4578 1093,4576 1098,4576 1098,4576 1098,4572 1099,4571 1099,4570 1100,4569 1101,4569 1102,4568 1102,4567 1104,4565 1138,4565 1139,4564 1139,4563 1140,4562 1141,4562 1142,4561 1438,4561 1438,4561 1438,4538 1440,4536 1441,4536 1442,4535 1442,4527 1444,4525 1445,4525 1446,4524 1446,4520 1447,4519 1596,4519 1597,4518 1598,4518 1599,4517 1617,4517 1618,4518 1693,4518 1698,4524 1698,4525 1699,4525 1741,4525 1741,4526 1741,4527 1742,4528 1742,4605 1743,4605 1957,4605 1957,4605 1957,4527 1959,4525 1960,4525 1961,4524 1961,4521 1962,4520 2085,4520 2086,4519 2096,4519 2096,4520 2096,4521 2097,4521 2245,4521 2246,4520 2246,4519 2247,4518 2256,4518 2257,4520 2257,4521 2258,4521 2379,4521 2385,4528 2385,4561 2386,4561 2545,4561 2545,4561 2545,4518 2546,4517 2557,4517 2558,4518 2559,4518 2560,4520 2560,4528 2562,4529 2563,4529 2563,4530 2563,4535 2565,4536 2566,4536 2567,4538 2567,4558 2568,4558 2705,4558 2706,4557 2706,4556 2708,4554 2763,4554 2764,4556 2764,4557 2766,4558 2913,4558 2914,4557 2914,4556 2916,4554 2927,4554 2931,4558 3158,4558 3159,4557 3159,4556 3161,4554 3296,4554 3300,4558 3308,4558 3308,4559 3308,4560 3311,4562 3312,4562 3312,4563 3312,4564 3314,4565 3315,4565 3316,4567 3316,4568 3318,4569 3319,4569 3320,4571 3320,4598 3321,4598 3484,4598 3484,4598 3484,4571 3490,4565 3494,4565 3495,4564 3495,4563 3496,4562 3497,4562 3498,4561 3498,4522 3499,4521 3499,4520 3500,4519 3612,4519 3613,4518 3614,4518 3616,4516 3616,4515 3617,4514 3728,4514 3729,4516 3729,4532 3730,4532 3731,4532 3732,4534 3732,4535 3733,4536 3733,4562 3734,4562 3837,4562 3838,4561 3840,4561 3844,4565 3848,4565 3849,4567 3849,4571 3853,4575 3853,4576 3854,4576 3903,4576 3904,4578 3904,4579 3906,4580 3936,4580 3937,4582 3937,4583 3938,4583 3942,4583 3943,4584 3944,4584 3944,4585 3944,4597 3941,4600 3941,4604 3940,4605 3894,4605 3893,4606 3861,4606 3860,4607 3860,4634 3859,4635 3854,4635 3853,4636 3853,4637 3852,4638 3847,4638 3846,4638 3846,4637 3845,4635 3647,4635 3645,4634 3645,4633 3644,4631 3401,4631 3400,4632 3400,4634 3400,4634 3399,4634 3396,4637 3396,4641 3395,4642 3394,4642 3393,4643 3393,4644 3391,4646 3387,4646 3385,4648 3385,4649 3385,4649 3380,4649 3378,4651 3378,4652 3377,4653 3362,4653 3360,4652 3360,4632 3360,4631 3069,4631 3068,4632 3068,4655 3066,4657 3065,4657 3064,4658 3064,4659 3063,4660 3062,4660 3060,4662 3060,4663 3059,4664 3048,4664 3046,4663 3046,4662 3045,4661 3045,4628 3045,4627 2592,4627 2591,4628 2583,4628 2581,4630 2581,4631 2581,4631 2562,4631 2558,4635 2200,4635 2198,4637 2198,4638 2198,4638 1984,4638 1983,4639 1983,4655 1981,4657 1980,4657 1979,4658 1979,4659 1978,4660 1977,4660 1976,4661 1976,4662 1974,4664 1973,4664 1972,4665 1972,4670 1971,4671 1970,4671 1968,4673 1968,4674 1967,4675 1959,4675 1957,4674 1957,4673 1956,4671 1820,4671 1818,4670 1818,4669 1818,4668 1817,4668 1814,4666 1814,4636 1814,4635 1775,4635 1774,4636 1774,4682 1774,4682"/><TextEquiv index="1"><Unicode>peu établi, j'écrivis à mon pere, à Tru-</Unicode></TextEquiv></TextLine><TextLine id="r0_l018"><Coords points="1125,4848 1124,4848 1124,4804 1124,4803 1119,4803 1117,4802 1117,4801 1116,4799 1108,4799 1104,4795 1103,4795 1102,4795 1102,4775 1102,4774 1101,4774 1099,4773 1099,4771 1100,4770 1101,4770 1102,4769 1102,4732 1104,4730 1115,4730 1119,4726 1361,4726 1361,4727 1361,4728 1364,4730 1368,4730 1369,4732 1369,4736 1371,4737 1372,4737 1372,4738 1372,4739 1373,4740 1373,4770 1374,4770 1533,4770 1533,4770 1533,4750 1535,4748 1536,4748 1537,4747 1537,4742 1538,4741 1539,4741 1540,4740 1540,4700 1541,4699 1541,4698 1542,4697 1543,4697 1544,4696 1544,4692 1554,4682 1583,4682 1587,4686 1591,4686 1592,4688 1592,4689 1593,4689 1594,4689 1595,4691 1595,4719 1596,4719 1642,4719 1643,4721 1643,4722 1644,4722 1656,4722 1658,4725 1658,4726 1659,4726 1760,4726 1760,4726 1760,4683 1761,4682 1774,4682 1774,4683 1774,4684 1778,4688 1778,4696 1780,4697 1781,4697 1782,4699 1782,4707 1784,4708 1785,4708 1785,4709 1785,4726 1786,4726 2044,4726 2045,4725 2045,4724 2047,4722 2120,4722 2122,4725 2122,4726 2123,4726 2383,4726 2384,4725 2384,4721 2386,4719 2387,4719 2388,4718 2388,4717 2390,4715 2395,4715 2395,4716 2395,4722 2396,4722 2698,4722 2699,4721 2699,4720 2700,4719 2870,4719 2870,4719 2870,4677 2872,4675 2881,4675 2881,4676 2881,4677 2884,4679 2885,4679 2885,4680 2885,4715 2886,4715 2910,4715 2910,4716 2910,4717 2911,4718 2911,4719 2912,4719 3060,4719 3060,4719 3060,4677 3062,4675 3103,4675 3104,4674 3104,4673 3106,4671 3114,4671 3115,4673 3115,4674 3116,4674 3117,4675 3118,4675 3119,4677 3119,4678 3120,4678 3197,4678 3198,4679 3199,4679 3199,4680 3199,4685 3201,4686 3202,4686 3203,4688 3203,4696 3205,4697 3206,4697 3206,4698 3206,4706 3210,4710 3210,4718 3212,4719 3213,4719 3213,4720 3214,4721 3214,4722 3215,4722 3418,4722 3418,4722 3418,4684 3420,4682 3425,4682 3425,4682 3425,4681 3428,4678 3429,4680 3429,4681 3431,4682 3432,4682 3433,4684 3433,4715 3434,4715 3549,4715 3550,4717 3550,4722 3551,4722 3625,4722 3627,4725 3627,4726 3628,4726 3812,4726 3813,4728 3813,4729 3815,4730 3816,4730 3816,4731 3816,4732 3818,4733 3822,4733 3826,4737 3827,4737 3827,4738 3827,4762 3828,4762 3917,4762 3919,4765 3919,4766 3920,4766 3925,4766 3926,4768 3926,4769 3928,4770 3929,4770 3930,4772 3930,4784 3931,4784 3932,4784 3933,4786 3933,4798 3914,4817 3910,4817 3908,4819 3908,4820 3907,4821 3888,4821 3886,4820 3886,4800 3886,4799 3796,4799 3795,4799 3795,4798 3793,4795 3438,4795 3437,4796 3405,4796 3404,4797 3404,4808 3403,4809 3403,4810 3403,4810 3402,4810 3400,4812 3400,4816 3395,4821 3394,4821 3393,4822 3393,4823 3391,4825 3390,4825 3389,4826 3389,4827 3388,4828 3384,4828 3381,4831 3381,4832 3381,4832 3376,4832 3374,4834 3374,4835 3373,4836 3359,4836 3358,4835 3357,4835 3356,4835 3356,4834 3355,4832 3347,4832 3345,4831 3345,4830 3344,4828 3343,4828 3342,4828 3342,4827 3342,4826 3341,4825 3340,4825 3338,4824 3338,4793 3338,4792 2720,4792 2719,4793 2719,4840 2719,4840 2712,4840 2711,4840 2711,4793 2711,4792 2689,4792 2688,4793 2688,4794 2687,4795 2569,4795 2567,4797 2567,4798 2566,4799 2558,4799 2556,4798 2556,4797 2555,4795 2433,4795 2409,4795 2405,4799 2179,4799 2178,4800 2178,4843 2178,4843 2162,4843 2161,4843 2161,4800 2161,4799 1948,4799 1946,4798 1946,4797 1945,4795 1851,4795 1850,4796 1850,4844 1850,4844 1834,4844 1833,4844 1833,4796 1833,4795 1773,4795 1771,4797 1771,4798 1770,4799 1586,4799 1585,4800 1585,4801 1583,4803 1580,4803 1579,4804 1579,4847 1579,4847 1419,4847 1418,4847 1418,4800 1418,4799 1142,4799 1141,4800 1141,4847 1141,4847 1128,4847 1127,4848"/><TextEquiv index="1"><Unicode>man, &amp; à mes autres amis d'Angleterre,</Unicode></TextEquiv></TextLine><TextLine id="r0_l019"><Coords points="2303,5008 2302,5008 2302,4961 2302,4960 2181,4960 2180,4961 2180,4984 2175,4989 2174,4989 2173,4990 2173,4991 2168,4996 2167,4996 2166,4996 2165,4995 2165,4994 2165,4993 2164,4993 2163,4993 2162,4992 2162,4991 2161,4990 2161,4961 2161,4960 1908,4960 1905,4963 1885,4963 1884,4963 1884,4962 1883,4960 1619,4960 1617,4962 1617,4963 1617,4963 1527,4963 1526,4964 1526,4970 1525,4971 1524,4971 1522,4973 1522,4985 1522,4985 1521,4985 1518,4988 1518,4989 1518,4989 1517,4989 1516,4990 1515,4991 1515,4992 1515,4992 1514,4992 1511,4995 1511,4996 1511,4996 1510,4996 1507,4999 1507,5000 1507,5000 1499,5000 1497,4999 1497,4961 1497,4960 1315,4960 1314,4961 1314,4992 1313,4993 1312,4993 1310,4995 1310,4996 1310,4996 1305,4996 1303,4998 1303,4999 1302,5000 1298,5000 1296,4999 1296,4998 1295,4996 1290,4996 1289,4996 1289,4995 1288,4994 1288,4964 1288,4963 1118,4963 1117,4963 1117,4962 1116,4960 1115,4960 1114,4960 1113,4959 1113,4958 1112,4956 1111,4956 1110,4956 1110,4955 1109,4954 1109,4946 1109,4945 1104,4945 1102,4944 1102,4943 1102,4942 1098,4942 1097,4941 1096,4941 1095,4941 1095,4936 1097,4934 1102,4934 1102,4934 1102,4933 1105,4930 1109,4930 1109,4930 1109,4901 1110,4900 1110,4899 1111,4898 1115,4898 1119,4894 1124,4894 1124,4894 1124,4849 1125,4848 1127,4848 1128,4847 1142,4847 1142,4848 1142,4849 1144,4850 1145,4850 1146,4852 1146,4864 1148,4865 1149,4865 1150,4867 1150,4872 1151,4872 1152,4872 1153,4874 1153,4875 1154,4876 1154,4894 1155,4894 1339,4894 1339,4894 1339,4893 1342,4890 1416,4890 1416,4890 1416,4849 1418,4847 1580,4847 1588,4856 1588,4887 1589,4887 1833,4887 1833,4887 1833,4845 1834,4844 1851,4844 1855,4849 1855,4853 1857,4854 1858,4854 1858,4855 1858,4887 1859,4887 2048,4887 2048,4887 2048,4845 2050,4843 2055,4843 2055,4843 2055,4842 2058,4839 2065,4839 2069,4843 2227,4843 2227,4844 2227,4845 2230,4847 2375,4847 2376,4846 2377,4846 2377,4846 2377,4845 2379,4843 2395,4843 2395,4844 2395,4852 2399,4856 2399,4887 2400,4887 2595,4887 2596,4886 2596,4885 2598,4883 2695,4883 2695,4883 2695,4870 2696,4869 2697,4869 2698,4868 2698,4864 2702,4860 2702,4852 2704,4850 2705,4850 2706,4849 2706,4845 2711,4840 2824,4840 2825,4839 2829,4839 2830,4838 2830,4837 2831,4836 2833,4836 2841,4845 2841,4879 2842,4879 2898,4879 2900,4882 2900,4883 2901,4883 3176,4883 3177,4885 3177,4886 3179,4887 3442,4887 3444,4885 3444,4884 3445,4883 3447,4883 3447,4884 3447,4885 3450,4887 3743,4887 3743,4887 3743,4849 3746,4846 3787,4846 3787,4846 3787,4845 3789,4843 3790,4843 3791,4845 3791,4846 3792,4846 3796,4846 3797,4847 3798,4847 3798,4848 3798,4887 3799,4887 3929,4887 3930,4889 3930,4890 3931,4890 3936,4890 3937,4892 3937,4893 3938,4893 3939,4894 3940,4894 3940,4895 3940,4896 3941,4897 3941,4901 3942,4901 3943,4901 3944,4903 3944,4908 3943,4909 3942,4909 3941,4910 3941,4947 3939,4949 3938,4949 3937,4950 3937,4955 3936,4956 3935,4956 3933,4958 3933,4959 3932,4960 3928,4960 3925,4963 3906,4963 3903,4960 3687,4960 3685,4959 3685,4958 3684,4956 3522,4956 3521,4957 3521,4958 3519,4960 3439,4960 3436,4958 3436,4957 3436,4956 3388,4956 3387,4957 3387,5004 3387,5004 3367,5004 3366,5004 3366,4957 3366,4956 3234,4956 3232,4958 3232,4959 3231,4960 3011,4960 3009,4959 3009,4957 3009,4956 2568,4956 2567,4957 2567,4959 2566,4960 2466,4960 2465,4961 2465,4962 2465,4962 2464,4963 2463,4963 2462,4964 2439,4964 2438,4963 2437,4963 2436,4963 2436,4962 2435,4960 2315,4960 2314,4961 2314,5008 2314,5008"/><TextEquiv index="1"><Unicode>à qui j'avois déjà donné de mes nouvelles</Unicode></TextEquiv></TextLine><TextLine id="r0_l020"><Coords points="3781,5174 3780,5173 3737,5173 3736,5173 3736,5125 3736,5124 3726,5124 3725,5125 3725,5127 3724,5128 3720,5128 3718,5127 3718,5126 3717,5124 3332,5124 3330,5123 3330,5122 3330,5121 2849,5121 2848,5122 2848,5149 2847,5150 2846,5150 2845,5151 2845,5152 2844,5153 2821,5153 2819,5152 2819,5122 2819,5121 2521,5121 2520,5122 2520,5123 2519,5124 2511,5124 2509,5126 2509,5127 2508,5128 2295,5128 2293,5127 2293,5125 2293,5124 2247,5124 2246,5125 2246,5171 2246,5171 2242,5171 2241,5171 2241,5125 2241,5124 2120,5124 2117,5127 2117,5128 2117,5128 2105,5128 2103,5127 2103,5126 2102,5124 2086,5124 2085,5125 2085,5170 2085,5170 2079,5170 2078,5170 2078,5125 2078,5124 1596,5124 1595,5125 1595,5170 1595,5170 1593,5170 1592,5170 1592,5125 1592,5124 1448,5124 1446,5126 1446,5127 1445,5128 1444,5128 1442,5127 1442,5126 1441,5124 1297,5124 1296,5125 1296,5172 1296,5172 1281,5172 1280,5172 1280,5125 1280,5124 1144,5124 1143,5125 1143,5126 1141,5128 1134,5128 1130,5124 1122,5124 1121,5124 1121,5123 1119,5120 1118,5120 1117,5120 1117,5115 1116,5113 1115,5113 1113,5112 1113,5111 1113,5110 1112,5110 1109,5108 1109,5100 1108,5098 1107,5098 1106,5098 1106,5097 1105,5095 1104,5095 1103,5095 1102,5094 1102,5093 1104,5091 1105,5091 1106,5090 1106,5082 1108,5080 1109,5080 1109,5080 1109,5076 1110,5075 1110,5074 1111,5073 1112,5073 1113,5072 1113,5064 1115,5062 1135,5062 1135,5062 1135,5057 1141,5051 1153,5051 1153,5051 1153,5010 1154,5009 1154,5008 1155,5007 1167,5007 1168,5009 1168,5010 1169,5011 1170,5011 1171,5011 1172,5013 1172,5051 1173,5051 1343,5051 1343,5051 1343,5009 1345,5007 1346,5007 1347,5006 1347,5005 1348,5004 1349,5004 1350,5003 1403,5003 1404,5004 1405,5004 1405,5005 1405,5006 1407,5007 1415,5007 1417,5010 1417,5011 1418,5011 1423,5011 1424,5013 1424,5014 1426,5015 1427,5015 1427,5016 1427,5021 1429,5022 1430,5022 1431,5024 1431,5028 1433,5029 1434,5029 1434,5030 1434,5031 1435,5032 1435,5040 1436,5040 1573,5040 1573,5041 1573,5042 1576,5044 1577,5044 1577,5045 1577,5051 1578,5051 1771,5051 1771,5051 1771,5009 1773,5007 1777,5007 1778,5006 1778,5005 1779,5004 1780,5004 1781,5003 1787,5003 1788,5004 1789,5004 1789,5005 1789,5039 1791,5040 1792,5040 1793,5042 1793,5051 1794,5051 2110,5051 2110,5051 2110,5013 2112,5011 2113,5011 2114,5010 2114,5009 2116,5007 2124,5007 2125,5006 2125,5005 2126,5004 2127,5004 2128,5003 2152,5003 2153,5004 2154,5004 2154,5005 2154,5008 2155,5008 2315,5008 2315,5009 2315,5010 2317,5011 2318,5011 2319,5013 2319,5055 2320,5055 2515,5055 2516,5054 2516,5053 2518,5051 2614,5051 2614,5051 2614,5050 2617,5047 2618,5047 2618,5047 2618,5028 2621,5025 2625,5025 2625,5025 2625,5021 2628,5018 2629,5018 2629,5018 2629,5013 2631,5011 2635,5011 2639,5007 2643,5007 2644,5006 2644,5005 2645,5004 2646,5004 2647,5003 2660,5003 2661,5004 2662,5004 2662,5005 2662,5006 2668,5011 2669,5011 2669,5012 2669,5047 2670,5047 3031,5047 3031,5047 3031,5042 3033,5040 3162,5040 3162,5040 3162,5010 3169,5003 3178,5003 3179,5004 3180,5004 3181,5006 3181,5007 3182,5007 3363,5007 3363,5007 3363,5006 3365,5004 3389,5004 3389,5005 3389,5010 3391,5011 3392,5011 3393,5013 3393,5047 3394,5047 3619,5047 3619,5047 3619,5009 3621,5007 3720,5007 3721,5009 3721,5013 3724,5015 3725,5015 3725,5016 3725,5051 3726,5051 3907,5051 3908,5050 3908,5049 3910,5047 3911,5047 3911,5047 3911,5046 3913,5044 3922,5044 3922,5045 3922,5046 3925,5048 3926,5048 3926,5049 3926,5050 3928,5051 3929,5051 3929,5052 3929,5053 3932,5055 3940,5055 3941,5057 3941,5061 3943,5062 3944,5062 3944,5063 3944,5065 3943,5066 3942,5066 3941,5067 3941,5123 3940,5124 3939,5124 3938,5125 3937,5126 3937,5127 3936,5128 3917,5128 3915,5127 3915,5126 3914,5124 3795,5124 3794,5125 3794,5174 3794,5174"/><TextEquiv index="1"><Unicode>de Roterdam. Je leur fis part de l'accident</Unicode></TextEquiv></TextLine><TextLine id="r0_l021"><Coords points="1289,5335 1288,5335 1288,5286 1288,5285 1180,5285 1179,5286 1179,5320 1174,5325 1159,5325 1157,5324 1157,5323 1157,5322 1156,5322 1153,5320 1153,5293 1153,5292 1140,5292 1139,5292 1139,5291 1138,5289 1131,5289 1130,5288 1129,5288 1128,5288 1128,5287 1127,5285 1122,5285 1121,5285 1121,5284 1120,5283 1120,5279 1119,5277 1118,5277 1117,5277 1117,5272 1116,5270 1115,5270 1113,5269 1113,5268 1113,5267 1112,5267 1109,5265 1109,5264 1109,5263 1108,5263 1106,5262 1106,5261 1108,5259 1109,5259 1109,5259 1109,5258 1111,5256 1112,5256 1113,5255 1113,5250 1114,5249 1115,5249 1117,5247 1117,5239 1119,5237 1120,5237 1120,5237 1120,5233 1121,5232 1121,5231 1122,5230 1123,5230 1124,5229 1128,5225 1128,5224 1129,5223 1134,5223 1135,5222 1135,5221 1137,5219 1193,5219 1193,5219 1193,5218 1196,5215 1233,5215 1234,5214 1234,5213 1235,5212 1277,5212 1277,5212 1277,5175 1278,5174 1278,5173 1279,5172 1296,5172 1296,5173 1296,5175 1297,5175 1298,5175 1300,5178 1300,5215 1301,5215 1497,5215 1497,5215 1497,5173 1498,5172 1499,5172 1501,5170 1501,5169 1502,5168 1503,5168 1504,5167 1504,5166 1506,5164 1507,5164 1508,5166 1508,5167 1510,5168 1522,5168 1522,5169 1522,5170 1523,5170 1596,5170 1598,5172 1759,5172 1760,5174 1760,5178 1762,5179 1763,5179 1763,5180 1763,5181 1764,5182 1764,5208 1765,5208 1803,5208 1803,5209 1803,5210 1804,5211 1804,5215 1805,5215 2074,5215 2074,5215 2074,5173 2075,5172 2076,5172 2078,5170 2085,5170 2087,5172 2240,5172 2241,5171 2247,5171 2248,5172 2249,5172 2249,5173 2249,5221 2253,5225 2253,5226 2254,5226 2255,5226 2257,5229 2257,5263 2258,5263 2427,5263 2428,5262 2428,5243 2430,5241 2431,5241 2432,5240 2432,5235 2433,5234 2434,5234 2435,5233 2435,5189 2438,5186 2439,5186 2439,5186 2439,5181 2441,5179 2446,5179 2446,5179 2446,5178 2449,5175 2453,5175 2454,5174 2454,5173 2455,5172 2468,5172 2468,5173 2468,5174 2470,5175 2629,5175 2629,5175 2629,5174 2631,5172 2635,5172 2636,5171 2636,5170 2638,5168 2640,5168 2640,5169 2640,5170 2644,5174 2644,5186 2645,5186 2646,5186 2647,5188 2647,5189 2648,5190 2648,5212 2649,5212 2852,5212 2852,5212 2852,5177 2854,5175 2855,5175 2856,5174 2856,5173 2857,5172 2858,5172 2859,5171 2859,5170 2861,5168 3008,5168 3009,5167 3009,5166 3011,5164 3026,5164 3027,5166 3027,5167 3029,5168 3034,5168 3035,5170 3035,5212 3036,5212 3356,5212 3356,5212 3356,5177 3358,5175 3359,5175 3360,5174 3360,5173 3361,5172 3374,5172 3374,5173 3374,5215 3375,5215 3732,5215 3732,5215 3732,5177 3734,5175 3735,5175 3737,5173 3751,5173 3752,5174 3795,5174 3796,5175 3797,5175 3798,5177 3798,5178 3800,5179 3801,5179 3802,5181 3802,5215 3803,5215 3851,5215 3852,5216 3853,5216 3853,5217 3853,5218 3855,5219 3859,5219 3860,5221 3860,5222 3862,5223 3863,5223 3864,5225 3864,5241 3865,5241 3940,5241 3940,5242 3940,5243 3943,5245 3944,5245 3944,5246 3944,5258 3946,5259 3947,5259 3948,5261 3948,5262 3947,5263 3942,5263 3941,5264 3941,5265 3939,5267 3872,5267 3871,5268 3871,5288 3871,5288 3870,5288 3869,5289 3759,5289 3758,5290 3758,5302 3757,5303 3756,5303 3754,5305 3754,5310 3754,5310 3753,5310 3750,5313 3750,5314 3750,5314 3749,5314 3747,5316 3747,5321 3747,5321 3737,5321 3736,5321 3736,5286 3736,5285 3518,5285 3517,5286 3517,5320 3516,5321 3496,5321 3495,5321 3495,5286 3495,5285 2909,5285 2906,5283 2906,5282 2906,5281 2646,5281 2644,5283 2644,5284 2643,5285 2551,5285 2547,5289 2543,5289 2541,5291 2541,5292 2541,5292 2460,5292 2457,5295 2457,5296 2457,5296 2342,5296 2341,5297 2341,5301 2340,5302 2340,5303 2340,5303 2339,5303 2337,5305 2337,5309 2328,5318 2324,5318 2322,5320 2322,5321 2322,5321 2321,5321 2320,5322 2319,5322 2318,5321 2316,5321 2315,5321 2315,5320 2314,5318 2313,5318 2311,5317 2311,5290 2311,5289 2219,5289 2218,5288 2092,5288 1985,5288 1984,5289 1795,5289 1793,5288 1793,5287 1792,5285 1631,5285 1630,5286 1630,5333 1630,5333 1620,5333 1619,5333 1619,5286 1619,5285 1579,5285 1577,5287 1577,5288 1577,5288 1576,5288 1575,5289 1573,5289 1572,5288 1571,5288 1570,5288 1570,5287 1569,5285 1304,5285 1303,5286 1303,5335 1303,5335"/><TextEquiv index="1"><Unicode>qui m'étoit arrivé, &amp; les informai que j'a-</Unicode></TextEquiv></TextLine><TextLine id="r0_l022"><Coords points="3232,5497 3231,5497 3231,5450 3231,5449 3131,5449 3130,5449 3130,5448 3129,5446 2955,5446 2954,5447 2954,5460 2954,5460 2953,5460 2951,5462 2951,5466 2949,5468 2948,5468 2947,5469 2947,5474 2946,5475 2945,5475 2943,5477 2943,5478 2943,5478 2942,5478 2941,5479 2934,5479 2932,5481 2932,5482 2932,5482 2901,5482 2900,5482 2900,5481 2898,5478 2897,5478 2896,5478 2896,5477 2895,5475 2894,5475 2892,5474 2892,5447 2892,5446 2631,5446 2629,5448 2629,5449 2629,5449 2178,5449 2176,5451 2176,5452 2175,5453 2167,5453 2165,5452 2165,5451 2164,5449 1809,5449 1807,5448 1807,5447 1807,5446 1626,5446 1625,5447 1625,5448 1624,5449 1144,5449 1142,5448 1142,5443 1142,5442 1141,5442 1135,5437 1135,5436 1135,5435 1134,5435 1131,5433 1131,5429 1130,5427 1129,5427 1128,5427 1128,5418 1128,5417 1127,5417 1124,5415 1124,5411 1123,5409 1122,5409 1121,5409 1121,5408 1120,5407 1120,5403 1120,5402 1115,5402 1113,5401 1113,5396 1113,5395 1109,5395 1108,5394 1107,5394 1106,5394 1106,5382 1112,5376 1288,5376 1288,5376 1288,5336 1289,5335 1304,5335 1305,5336 1306,5336 1307,5338 1307,5376 1308,5376 1445,5376 1445,5376 1445,5375 1447,5373 1482,5373 1482,5373 1482,5338 1484,5336 1617,5336 1617,5336 1617,5335 1619,5333 1632,5333 1632,5334 1632,5380 1633,5380 1813,5380 1815,5378 1815,5377 1816,5376 1993,5376 1993,5376 1993,5343 1994,5342 1994,5341 1995,5340 1996,5340 1997,5339 1997,5338 1999,5336 2011,5336 2012,5338 2012,5365 2013,5365 2168,5365 2169,5367 2169,5368 2171,5369 2172,5369 2172,5370 2172,5371 2174,5372 2439,5372 2439,5372 2439,5338 2441,5336 2442,5336 2442,5336 2443,5335 2443,5334 2445,5332 2456,5332 2458,5335 2458,5336 2459,5336 2460,5336 2461,5338 2461,5372 2462,5372 2658,5372 2658,5372 2658,5335 2661,5332 2665,5332 2666,5331 2666,5330 2667,5329 2676,5329 2677,5331 2677,5332 2678,5332 2679,5332 2680,5334 2680,5369 2681,5369 2702,5369 2702,5370 2702,5371 2704,5372 3155,5372 3155,5372 3155,5334 3156,5333 3157,5333 3159,5331 3159,5330 3160,5329 3166,5329 3166,5330 3166,5331 3169,5333 3170,5333 3170,5334 3170,5346 3172,5347 3173,5347 3173,5348 3173,5367 3174,5368 3174,5372 3175,5372 3234,5372 3236,5375 3236,5376 3237,5376 3406,5376 3410,5372 3593,5372 3593,5372 3593,5339 3594,5338 3594,5337 3595,5336 3600,5336 3601,5335 3601,5334 3603,5332 3605,5335 3605,5336 3606,5336 3651,5336 3652,5338 3652,5380 3653,5380 3841,5380 3842,5379 3842,5378 3844,5376 3929,5376 3929,5377 3929,5378 3932,5380 3936,5380 3937,5382 3937,5383 3938,5383 3939,5383 3941,5386 3941,5440 3940,5441 3940,5442 3940,5442 3939,5442 3933,5448 3933,5449 3933,5449 3928,5449 3926,5451 3926,5452 3925,5453 3913,5453 3912,5453 3912,5452 3910,5449 3719,5449 3718,5450 3718,5452 3717,5453 3716,5453 3714,5452 3714,5451 3713,5449 3512,5449 3509,5452 3509,5453 3509,5453 3314,5453 3312,5452 3312,5451 3311,5449 3240,5449 3239,5450 3239,5497 3239,5497"/><TextEquiv index="1"><Unicode>vois tiré une lettre de change de 200 livres</Unicode></TextEquiv></TextLine><TextLine id="r0_l023"><Coords points="3854,5664 3853,5664 3853,5615 3853,5614 3643,5614 3641,5613 3641,5612 3640,5610 3368,5610 3367,5611 3367,5613 3366,5614 3110,5614 3108,5613 3108,5612 3107,5610 2900,5610 2899,5611 2899,5656 2899,5656 2879,5656 2878,5656 2878,5648 2878,5647 2658,5647 2657,5646 2656,5646 2655,5646 2655,5645 2654,5643 2653,5643 2651,5642 2651,5640 2651,5639 2550,5639 2549,5639 2549,5618 2549,5617 2455,5617 2454,5617 2454,5616 2453,5614 2088,5614 2043,5614 2041,5616 2041,5617 2041,5617 2039,5617 2037,5616 2037,5615 2037,5614 1974,5614 1971,5612 1971,5611 1971,5610 1958,5610 1957,5611 1957,5660 1957,5660 1951,5660 1950,5660 1950,5611 1950,5610 1784,5610 1782,5612 1782,5613 1782,5613 1781,5613 1780,5614 1575,5614 1574,5615 1574,5630 1572,5632 1571,5632 1570,5633 1570,5638 1569,5639 1568,5639 1566,5641 1566,5642 1565,5643 1564,5643 1563,5644 1563,5645 1561,5647 1560,5647 1559,5648 1559,5649 1558,5650 1557,5650 1555,5652 1555,5653 1554,5654 1513,5654 1512,5654 1512,5653 1510,5650 1509,5650 1508,5650 1508,5649 1506,5646 1505,5646 1504,5646 1504,5611 1504,5610 1246,5610 1245,5611 1245,5612 1243,5614 1236,5614 1234,5613 1234,5612 1233,5610 1108,5610 1106,5609 1106,5543 1104,5540 1103,5540 1102,5540 1102,5539 1104,5537 1120,5537 1120,5537 1120,5532 1122,5530 1123,5530 1124,5529 1124,5517 1126,5515 1127,5515 1127,5515 1128,5514 1128,5513 1130,5511 1131,5511 1131,5511 1131,5507 1132,5506 1132,5505 1133,5504 1138,5504 1139,5503 1139,5502 1141,5500 1142,5500 1142,5500 1142,5499 1144,5497 1148,5497 1152,5493 1171,5493 1171,5494 1171,5495 1172,5495 1174,5497 1175,5497 1175,5498 1175,5499 1178,5501 1179,5501 1179,5502 1179,5540 1180,5540 1340,5540 1340,5540 1340,5502 1342,5500 1343,5500 1343,5500 1343,5499 1345,5497 1350,5497 1351,5499 1351,5500 1352,5500 1397,5500 1398,5502 1398,5540 1399,5540 1526,5540 1526,5540 1526,5539 1528,5537 1547,5537 1548,5539 1548,5540 1549,5540 1727,5540 1727,5540 1727,5531 1728,5530 1729,5530 1730,5529 1730,5522 1731,5521 1731,5520 1732,5519 1733,5519 1734,5518 1734,5513 1735,5512 1736,5512 1738,5510 1738,5509 1739,5508 1740,5508 1742,5506 1742,5505 1743,5504 1744,5504 1745,5503 1745,5502 1746,5501 1747,5501 1748,5500 1752,5500 1752,5500 1752,5499 1754,5497 1770,5497 1771,5499 1771,5503 1773,5504 1774,5504 1774,5505 1774,5540 1775,5540 1968,5540 1968,5540 1968,5499 1974,5493 1978,5493 1979,5495 1979,5496 1981,5497 2011,5497 2012,5499 2012,5540 2013,5540 2275,5540 2275,5540 2275,5498 2276,5497 2277,5497 2277,5497 2279,5495 2279,5494 2280,5493 2288,5493 2292,5497 2296,5497 2297,5499 2297,5540 2298,5540 2474,5540 2476,5543 2476,5544 2477,5544 2486,5544 2487,5546 2487,5584 2488,5584 2655,5584 2655,5584 2655,5546 2657,5544 2658,5544 2658,5544 2658,5543 2660,5541 2661,5541 2662,5540 2746,5540 2746,5540 2746,5539 2748,5537 2958,5537 2958,5537 2958,5495 2960,5493 2961,5493 2961,5493 2961,5492 2964,5489 2971,5489 2973,5492 2973,5493 2974,5493 3056,5493 3056,5494 3056,5495 3057,5496 3057,5504 3058,5504 3059,5504 3060,5506 3060,5537 3061,5537 3125,5537 3126,5539 3126,5540 3127,5540 3228,5540 3228,5540 3228,5499 3230,5497 3239,5497 3239,5498 3239,5499 3242,5501 3243,5501 3243,5502 3243,5511 3244,5511 3245,5511 3247,5514 3247,5518 3249,5519 3250,5519 3250,5520 3250,5525 3252,5526 3253,5526 3254,5528 3254,5540 3256,5541 3417,5541 3418,5540 3447,5540 3447,5540 3447,5539 3449,5537 3527,5537 3528,5539 3528,5540 3529,5540 3648,5540 3648,5540 3648,5499 3650,5497 3662,5497 3663,5499 3663,5500 3664,5500 3884,5500 3890,5507 3890,5577 3891,5577 3907,5577 3908,5579 3908,5581 3909,5581 3922,5581 3922,5582 3922,5583 3925,5585 3926,5585 3926,5586 3926,5587 3928,5588 3932,5588 3937,5594 3937,5602 3937,5602 3936,5602 3933,5605 3933,5606 3933,5606 3932,5606 3929,5609 3929,5610 3929,5610 3883,5610 3882,5611 3882,5613 3881,5614 3862,5614 3860,5616 3860,5664 3860,5664"/><TextEquiv index="1"><Unicode>ſterlings ſur Londres, payable à vue à M.</Unicode></TextEquiv></TextLine><TextLine id="r0_l024"><Coords points="3548,5823 3547,5823 3547,5776 3547,5775 3460,5775 3458,5777 3458,5778 3458,5778 3343,5778 3342,5779 3342,5805 3341,5806 3341,5807 3341,5807 3336,5807 3334,5809 3334,5810 3334,5810 3333,5811 3332,5811 3331,5812 3331,5816 3330,5817 3330,5818 3330,5818 3329,5818 3327,5820 3327,5821 3326,5822 3314,5822 3312,5821 3312,5820 3312,5819 3169,5819 3168,5819 3168,5772 3168,5771 2956,5771 2954,5773 2954,5774 2954,5774 2832,5774 2830,5776 2830,5777 2829,5778 2711,5778 2710,5779 2710,5821 2710,5821 2692,5821 2691,5821 2691,5776 2691,5775 2510,5775 2508,5777 2508,5778 2508,5778 2423,5778 2421,5777 2421,5776 2421,5775 2420,5775 2419,5774 2263,5774 2262,5775 2152,5775 2150,5777 2150,5778 2150,5778 2068,5778 2067,5778 2067,5777 2065,5774 1755,5774 1752,5777 1752,5778 1752,5778 1740,5778 1738,5777 1738,5776 1738,5775 1737,5775 1736,5774 1528,5774 1526,5776 1526,5777 1525,5778 1510,5778 1506,5774 1170,5774 1168,5776 1168,5777 1167,5778 1166,5778 1164,5777 1164,5776 1163,5774 1162,5774 1161,5774 1161,5769 1160,5767 1159,5767 1157,5766 1157,5758 1156,5756 1155,5756 1153,5755 1153,5750 1153,5749 1152,5749 1150,5748 1150,5744 1148,5741 1147,5741 1146,5741 1146,5732 1146,5731 1142,5731 1141,5730 1140,5730 1139,5730 1139,5714 1139,5713 1138,5713 1135,5711 1135,5710 1135,5709 1134,5709 1131,5707 1131,5706 1131,5705 1130,5705 1124,5700 1124,5696 1123,5694 1122,5694 1121,5694 1121,5693 1120,5692 1120,5673 1120,5672 1111,5672 1110,5672 1110,5671 1108,5668 1107,5668 1106,5668 1106,5659 1108,5657 1214,5657 1215,5658 1223,5658 1223,5659 1223,5661 1224,5661 1463,5661 1464,5663 1464,5664 1466,5665 1467,5665 1467,5666 1467,5667 1468,5668 1468,5701 1469,5701 1529,5701 1530,5703 1530,5704 1532,5705 1835,5705 1839,5701 1946,5701 1946,5701 1946,5663 1948,5661 1949,5661 1950,5660 2107,5660 2107,5660 2107,5659 2109,5657 2116,5657 2118,5660 2118,5661 2119,5661 2124,5661 2125,5663 2125,5701 2126,5701 2512,5701 2512,5701 2512,5663 2514,5661 2526,5661 2527,5663 2527,5664 2529,5665 2530,5665 2530,5666 2530,5667 2532,5668 2533,5668 2534,5670 2534,5698 2535,5698 2636,5698 2637,5700 2637,5701 2638,5701 2653,5701 2661,5709 2662,5709 2662,5710 2662,5715 2664,5716 2665,5716 2666,5718 2666,5745 2667,5745 2819,5745 2819,5745 2819,5656 2821,5654 2822,5654 2823,5653 2823,5652 2825,5650 2858,5650 2859,5652 2859,5656 2860,5656 2900,5656 2900,5657 2900,5661 2901,5661 2902,5661 2903,5663 2903,5698 2904,5698 2957,5698 2960,5701 3308,5701 3309,5700 3309,5699 3310,5698 3323,5698 3323,5699 3323,5700 3325,5701 3561,5701 3561,5701 3561,5662 3562,5661 3578,5661 3579,5663 3579,5664 3581,5665 3582,5665 3583,5667 3583,5697 3585,5698 3586,5698 3586,5699 3586,5705 3587,5705 3838,5705 3838,5705 3838,5685 3840,5683 3841,5683 3842,5682 3842,5677 3843,5676 3844,5676 3846,5674 3846,5670 3848,5668 3849,5668 3849,5668 3849,5667 3851,5665 3852,5665 3853,5664 3861,5664 3862,5665 3863,5665 3864,5667 3864,5719 3865,5719 3866,5719 3868,5722 3868,5730 3869,5730 3935,5730 3941,5737 3941,5754 3940,5755 3940,5756 3940,5756 3865,5756 3864,5757 3864,5766 3863,5767 3862,5767 3860,5769 3860,5770 3859,5771 3858,5771 3857,5772 3857,5773 3856,5774 3848,5774 3845,5777 3845,5778 3845,5778 3617,5778 3616,5778 3616,5777 3615,5775 3558,5775 3557,5776 3557,5823 3557,5823"/><TextEquiv index="1"><Unicode>Varillon ou à ſon ordre. J'en reçus la ré-</Unicode></TextEquiv></TextLine><TextLine id="r0_l025"><Coords points="1169,6037 1168,6037 1168,6036 1167,6034 1163,6034 1161,6033 1161,6032 1160,6031 1160,6017 1160,6016 1116,6016 1113,6014 1113,6010 1112,6008 1111,6008 1110,6008 1110,6007 1109,6006 1109,5925 1109,5924 1107,5924 1106,5924 1106,5915 1108,5913 1109,5913 1109,5913 1109,5883 1112,5880 1113,5880 1113,5880 1113,5875 1115,5873 1127,5873 1127,5873 1127,5872 1130,5869 1215,5869 1215,5869 1215,5868 1217,5866 1375,5866 1376,5865 1376,5857 1379,5854 1380,5854 1380,5854 1380,5849 1382,5847 1383,5847 1383,5847 1383,5843 1391,5835 1391,5834 1392,5833 1393,5833 1395,5831 1395,5830 1396,5829 1401,5829 1402,5828 1402,5827 1403,5826 1404,5826 1405,5825 1422,5825 1424,5828 1424,5829 1425,5829 1426,5829 1427,5831 1427,5866 1428,5866 1667,5866 1668,5865 1767,5865 1767,5865 1767,5827 1768,5826 1769,5826 1771,5824 1771,5823 1772,5822 1788,5822 1789,5824 1789,5866 1790,5866 1949,5866 1950,5865 2026,5865 2027,5864 2027,5863 2028,5862 2029,5862 2030,5861 2030,5860 2031,5859 2032,5859 2034,5857 2034,5856 2035,5855 2180,5855 2180,5855 2180,5834 2181,5833 2235,5833 2235,5833 2235,5827 2237,5825 2251,5825 2252,5826 2253,5826 2253,5827 2253,5836 2254,5836 2255,5836 2257,5839 2257,5866 2258,5866 2624,5866 2626,5864 2626,5863 2627,5862 2691,5862 2691,5862 2691,5822 2692,5821 2710,5821 2710,5822 2710,5866 2711,5866 2767,5866 2772,5872 2772,5909 2773,5909 2972,5909 2972,5909 2972,5898 2973,5897 2973,5896 2974,5895 2975,5895 2976,5894 2976,5886 2978,5884 2980,5884 2980,5884 2980,5878 2981,5877 2982,5877 2983,5876 2983,5839 2986,5836 2987,5836 2987,5836 2987,5831 2989,5829 2990,5829 2991,5828 2991,5827 2992,5826 2993,5826 2994,5825 3001,5825 3002,5824 3002,5823 3003,5822 3166,5822 3166,5822 3166,5820 3168,5818 3169,5819 3184,5819 3187,5822 3231,5822 3232,5824 3232,5825 3233,5825 3237,5825 3238,5826 3239,5826 3239,5827 3239,5828 3241,5829 3242,5829 3243,5831 3243,5836 3244,5836 3245,5836 3247,5839 3247,5866 3248,5866 3447,5866 3448,5865 3494,5865 3497,5862 3539,5862 3539,5862 3539,5827 3540,5826 3541,5826 3542,5825 3546,5825 3546,5825 3546,5824 3547,5823 3557,5823 3557,5824 3557,5866 3558,5866 3604,5866 3605,5868 3605,5869 3606,5869 3830,5869 3831,5868 3831,5867 3832,5866 3926,5866 3926,5867 3926,5872 3928,5873 3929,5873 3929,5874 3929,5875 3930,5875 3932,5877 3933,5877 3933,5878 3933,5879 3935,5880 3936,5880 3937,5882 3937,5923 3935,5925 3934,5925 3933,5926 3933,5931 3933,5931 3932,5931 3931,5932 3929,5934 3929,5935 3929,5935 3924,5935 3922,5937 3922,5938 3921,5939 3774,5939 3773,5940 3773,5974 3772,5975 3756,5975 3754,5974 3754,5940 3754,5939 3588,5939 3587,5940 3587,5986 3587,5986 3572,5986 3571,5986 3571,5940 3571,5939 3430,5939 3429,5940 3429,5967 3428,5968 3427,5968 3426,5969 3426,5970 3424,5972 3340,5972 3338,5971 3338,5970 3337,5968 3310,5968 3179,5968 3177,5970 3177,5971 3176,5972 3169,5972 3168,5971 3167,5971 3166,5971 3166,5943 3166,5942 2868,5942 2867,5943 2867,5948 2858,5957 2854,5957 2852,5959 2852,5960 2851,5961 2843,5961 2841,5960 2841,5944 2841,5943 2753,5943 2752,5942 2751,5942 2750,5942 2750,5941 2749,5939 2452,5939 2451,5940 2451,5986 2451,5986 2443,5986 2442,5986 2442,5940 2442,5939 2293,5939 2292,5940 2292,5987 2292,5987 2281,5987 2280,5987 2280,5940 2280,5939 1227,5939 1226,5940 1226,6011 1225,6012 1184,6012 1183,6013 1183,6036 1182,6037"/><TextEquiv index="1"><Unicode>ponſe au bout d'un mois, &amp; j'appris que</Unicode></TextEquiv></TextLine><TextLine id="r0_l026"><Coords points="3008,6140 3005,6138 3005,6137 3005,6136 2993,6136 2989,6132 2985,6132 2983,6131 2983,6126 2983,6125 2982,6125 2980,6124 2980,6101 2980,6100 2817,6100 2815,6102 2815,6103 2815,6103 2806,6103 2805,6103 2805,6102 2804,6100 2786,6100 2785,6099 2784,6099 2783,6099 2783,6098 2782,6096 2613,6096 2609,6100 2594,6100 2593,6101 2593,6102 2592,6103 2441,6103 2439,6105 2439,6106 2438,6107 2434,6107 2432,6106 2432,6105 2431,6103 2116,6103 2114,6105 2114,6106 2113,6107 2112,6107 2111,6107 2111,6106 2109,6103 1736,6103 1734,6102 1734,6101 1734,6100 1531,6100 1530,6101 1530,6102 1529,6103 1148,6103 1146,6102 1146,6101 1146,6100 1145,6100 1142,6098 1142,6087 1144,6085 1157,6085 1157,6085 1157,6057 1158,6056 1159,6056 1161,6054 1161,6042 1162,6041 1240,6041 1241,6040 1241,6035 1242,6034 1298,6034 1300,6032 1300,6031 1301,6030 1749,6030 1749,6030 1749,6010 1751,6008 1752,6008 1752,6008 1752,6003 1754,6001 1755,6001 1756,6000 1756,5992 1758,5990 1759,5990 1760,5989 1760,5988 1762,5986 1770,5986 1771,5988 1771,6023 1772,6023 1807,6023 1807,6024 1807,6030 1808,6030 1931,6030 1931,6030 1931,5989 1934,5986 1945,5986 1946,5988 1946,5993 1947,5993 1948,5993 1950,5996 1950,6019 1951,6019 1993,6019 1993,6020 1993,6021 1994,6022 1994,6034 1995,6034 2226,6034 2227,6033 2227,6032 2229,6030 2275,6030 2275,6030 2275,5992 2280,5987 2440,5987 2441,5986 2453,5986 2454,5988 2454,6030 2455,6030 2596,6030 2596,6030 2596,6029 2599,6026 2819,6026 2819,6026 2819,6021 2821,6019 2822,6019 2823,6018 2823,6013 2824,6012 2825,6012 2826,6011 2826,6003 2828,6001 2829,6001 2830,6000 2830,5992 2832,5990 2833,5990 2833,5990 2833,5989 2836,5986 2837,5986 2837,5986 2837,5985 2839,5983 2840,5983 2841,5982 2842,5982 2843,5983 2844,5983 2845,5985 2845,5993 2847,5994 2848,5994 2848,5995 2848,6003 2851,6005 2852,6005 2852,6006 2852,6007 2854,6008 2855,6008 2855,6009 2855,6010 2856,6011 2856,6022 2858,6023 2859,6023 2859,6024 2859,6026 2860,6026 3057,6026 3057,6026 3057,5991 3058,5990 3059,5990 3060,5989 3060,5988 3062,5986 3067,5986 3067,5986 3067,5985 3069,5983 3070,5983 3071,5982 3073,5982 3075,5985 3075,6000 3077,6001 3078,6001 3078,6002 3078,6003 3079,6004 3079,6023 3080,6023 3195,6023 3195,6024 3195,6026 3196,6026 3256,6026 3258,6029 3258,6030 3259,6030 3428,6030 3432,6026 3446,6026 3448,6029 3448,6030 3449,6030 3571,6030 3571,6030 3571,5987 3572,5986 3589,5986 3590,5988 3590,5997 3591,5997 3696,5997 3696,5997 3696,5995 3697,5994 3698,5994 3699,5993 3701,5993 3702,5994 3703,5994 3703,5995 3703,5996 3705,5997 3713,5997 3714,5999 3714,6000 3716,6001 3717,6001 3718,6003 3718,6034 3719,6034 3925,6034 3926,6036 3926,6040 3928,6041 3929,6041 3930,6043 3930,6073 3932,6074 3933,6074 3933,6075 3933,6091 3935,6092 3936,6092 3937,6094 3937,6102 3936,6103 3822,6103 3820,6105 3820,6106 3819,6107 3708,6107 3707,6108 3707,6109 3705,6111 3703,6111 3702,6110 3701,6110 3699,6109 3699,6108 3699,6107 3573,6107 3572,6107 3572,6106 3571,6105 3571,6104 3571,6103 3245,6103 3242,6100 3047,6100 3046,6101 3046,6116 3038,6124 3038,6128 3037,6129 3036,6129 3035,6130 3035,6131 3034,6132 3030,6132 3026,6136 3015,6136 3011,6140"/><TextEquiv index="1"><Unicode>ruman étoit arrivé en Angleterre à bon</Unicode></TextEquiv></TextLine><TextLine id="r0_l027"><Coords points="1110,6144 3942,6144 3942,6324 1110,6324"/><TextEquiv index="1"><Unicode>port avec tous mes effets; que l'on avoit</Unicode></TextEquiv></TextLine></TextRegion></Page></PcGts>