4266 7902
596 497 2587 706 DE Josepn Thompson.
-5 679 3064 886 diſpoſé de tout de la maniere la plus avan-
-6 866 3056 1049 tageuſe; que les lettres que j'avois tirées
-7 1035 3064 1222 de Hollande, avoient été payées; que tous
-8 1204 3131 1385 mes amis étoient en bonne ſanté, & deſi-
-9 1373 3233 1550 roient de me revoir; que M. Goodwill
-10 1535 3071 1709 m'avoit obtenu des lettres de recomman-
-11 1708 3394 1877 dation pour le Miniſtre de la Marine de
-13 1852 3056 2066 France, au moyen de quoi on ne doutoit
-14 2047 3060 2237 pas que je ne fuſſe bientôt relâché. L'on
-16 2219 3060 2571 purce pu'i n ao d'maaene uii
-17 2554 3064 2734 partit ſi-tôt d'Angleterre des Priſonniers
-18 2715 3334 2904 François pour les échanger. La lettre de
-19 2883 3064 3076 ma mere étoit pleine de tendreſſe; elle
-20 3051 3064 3234 m'y donnoit mille témoignage de ſon ami-
-21 3218 3068 3404 tié dont j'avois eu tant de preuves. Une
-22 3386 3064 3575 des choſes qui me fit le plus de plaiſir, ce
-24 3549 3304 3737 fut de recevoir une lettre demon ami Dia-
-25 3722 3071 3904 per, qui étoit arrivé heureuſement en An-
-26 3886 3180 4069 gleterre, & qui n'attendoit que mon re-
-27 4063 3075 4239 tour pour célébrer ſes noces avec Miſſ Bel-
-28 4197 3071 4412 lair. Dix jours après avoir reçu ces lettres,
-29 4391 3071 4566 qui m'avoient mis le cœur en repos, le
-30 4551 3075 4747 Gouverneur de Dunkerque reçut ordre de
-31 4718 3079 4912 relâcher un Gentilhomme Anglois, nom-
-32 4894 3079 5080 mé Thompſon, & de le laiſſer aller par-
-33 5063 3312 5249 tout où il voudroit. Il m'envoya chercher
-35 5213 3083 5416 & m'aprit cette nouvelle. Je le remerciai
-36 5404 3086 5581 de mon mieux, & il me retint à dîner. J'é-
-37 5571 3087 5723 crivis alors une lettre de remercimens au
-38 5715 3090 5924 Miniſtre, & lui demandai la permiſſion d'al-
-39 5911 3338 6100 ler le remercier en perſonne auſſi-tôt mon
-40 6087 3342 6265 arrivée à Paris, où je comptois me ren-
-41 6253 3101 6455 dre dès que j'aurois fini mes affaires à Dun-
267 7819 1493 7900 -
