4266 7902
1250 577 4146 957 que en eſet, le eus par uuut reru
1257 938 4153 1119 des remiſes de Londres, que je réſolus de
1257 1107 4157 1277 partir pour Paris; mais je ne crus pas pou-
1257 1272 4146 1451 voir quitter Dunkerque avec quelque ſa-
1219 1441 4132 1619 tisfaction, ſi je ne tâchois auparavant d'a-
1073 1610 4149 1782 doucir les rigueurs de la priſon de mes Com-
1250 1780 4157 2124 l le eouu, lour eenet que pu ant
1250 2113 4146 2296 chacun, & je laiſſai pour l'uſage des Ma-
1257 2279 4138 2452 telots du Vaiſſeau, ſur lequel j'avois été
1242 2449 4134 2626 pris, une ſomme d'argent conſidérable,
1250 2613 4149 2787 entre les mains de M. Poſtlethwaite, Mar-
1242 2782 4138 2959 chand Anglois établi à Dunkerque, en le
1242 2947 4134 3136 priant de la diſtribuer ſuivant ſa prudence
1250 3121 4127 3298 à ceux qu'il trouveroit en avoir beſoin.
1246 3278 4127 3461 Dunkerque eſt moins formidable à preſent
1242 3451 4142 3625 pour les Anglois par ſa ſituation & par les
1246 3620 4138 3802 fortifications qu'on y a faites, que parce
1242 3785 4131 3968 qu'il ſert d'aſyle à preſque tous les Crimi-
1246 3954 4123 4139 nels & les Banqueroutiers qui ſont forcés
1250 4123 4131 4296 de quitter leur pays, pour éviter la puni-
1250 4288 4138 4481 tion de leurs fraudes. Les derniers ſur-tout,
1242 4459 4134 4632 qui s'occupent, au mépris de nos Loix, à
1246 4619 4134 4796 faire paſſer en Angleterre des marchandiſes
1242 4791 4123 4968 prohibées, ſont fort utiles aux François,
1253 4960 4116 5138 en ce qu'ils donnent avis à leurs Marchands
1235 5126 4123 5298 des Vaiſſeaux de Guerre & des Corſaires
1246 5295 4123 5471 qui ſortent de nos Ports, & de leur deſti-
1242 5464 4123 5633 nation; au moyen de quoi ils ſont en état
1238 5629 4123 5804 d'éviter d'être pris. Auſſi il n'y a point de
1238 5798 4119 5963 gens qui ſoient mieux traités par les Gou-
1235 5959 4117 6141 verneurs de tous les Ports de Mer Fran-
1231 6129 1528 6294 çois.
1400 6294 4119 6474 Je louai une voiture commode, & me
3733 6474 4131 6608 rendis
