4266 7902
409 643 2504 874 DE Josepi Tironpson.
36 844 2985 1034 rendis à Calais par la route de Gravelines;
25 1009 3011 1199 enſuite je pris une place dans le carroſſe
25 1182 2985 1378 pour Paris.- Notre compagnie conſiſtoit en
29 1343 3207 1532 trois ou quatre Officiers François, & un
18 1522 2992 1703 Jacobin, qui s'y rendoit pour être Aumô-
44 1681 2992 1869 nier d'une perſonne de diſtinction. Je m'a-
10 1858 2996 2065 muſai beaucoup en leur compagnie; & la
10 2023 2985 2207 politeſſe ordinaire à la Nation Françoiſe,
10 2192 3188 2371 rendit notre voyage tout-à-fait gracieux.
9 2349 3188 2540 Un de nos compagnons nous quitta à
10 2523 3004 2697 Amiens, & fut remplacé par un Anglois,
10 2692 3007 2876 dont la figure & le caractere paroiſſoient
10 2861 3004 3040 formés pour plaire. Il eſt tout naturel à un
21 3030 3005 3210 Anglois d'être curieux de ſçavoir ce qui
10 3199 3007 3380 attire ſes Compattiotes en France. Il nous
10 3364 3008 3546 dit d'un air franc, qu'il avoit été Capitai-
28 3533 3278 3713 ne d'un petit Vaiſſeau de Guerre Anglois
21 3706 3019 3872 apellé le Spy; qu'ayant pourſuivi avec
127 3860 3225 4040 trop d'ardeur un Corſaire François, il avoit
10 4029 3026 4208 échoué ſur la côte de France, où ayant
9 4190 3023 4373 perdu ſon vaiſſeau, il avoit été obligé de
9 4367 3026 4542 ſe ſauver dans ſa chaloupe, & avoit été
10 4532 3015 4750 fait Priſonnier; que tout ſon Equipage &
9 4690 3030 4877 lui avoient été échangés; mais qu'avant
10 4852 3026 5043 contracté upe étroite amitié avec M. Du-
10 5032 3030 5211 pleſſis, Capitaine du Vaiſſeau de Guerre
10 5202 3030 5377 François l'Aimable, il lui avoit promis de
10 5370 3274 5560 l'aller voir à Paris. La converſation de cet
10 5524 3030 5712 Officier me donna de lui une haute idée;
10 5700 3034 5875 il y avoit quelque choſe de ſi doux dans
29 5866 3034 6044 ſon caractere, qu'on ne pouvoit s'empê-
9 6035 3042 6232 cher de l'aimer. Arrivés à Beauvais, ce
10 6200 3161 6394 Gentilhomme me tira à l'écart, & après
10 6365 3053 6567 m'avoir fait bien des excuſes, il me dit que
12 6535 1148 6692 IV. Partie.
2358 6549 2508 6682 D
