4266 7902
1220 750 3672 944 La vEETlEsaventures
1220 941 4232 1119 à Paris, où Sharpley me força de l'accom-
1216 1107 4112 1286 pagner chez M. Dupleſſis, qui de l'air du
875 1268 4119 1451 monde le plus poli, nous pria de diſpoſer
872 1434 4116 1619 de ſa maiſon comme de la nôtre pendant
1216 1607 4127 1784 notre ſéjour. Je fus charmé de la ſociété
1220 1768 4130 1951 de cet aimable homme & de ſa famille:
1216 1941 4130 2118 pour Sharpley, il y fut traité plutôt en fre-
897 2113 4116 2282 re, que comme une ſimple connoiſſance.
1212 2271 4116 2455 M. Dupleſſis avoit reçu quelques bleſſures
1216 2436 4123 2619 dans un combat contre un Vaiſſeau de Guer-
1212 2606 4131 2789 te Anglois, & avoit obtenu une permiſſion
1216 2774 4116 2954 de venir paſſer quelques mois avec ſa fa-
1216 2943 4119 3121 mille dans cette Ville, où il avoit toujours
1216 3113 4153 3290 une compagnie très - nombreuſe. Quand
1092 3274 4124 3461 nous fûmes un peu arrangés, je pris Shar-
1212 3447 4116 3624 pley en particulier; & comme il n'atten-
1175 3608 4130 3797 doit point de remiſe de quelque tems, je
1208 3777 4138 3957 le priai de diſpoſer librement de ma bourſe
1118 3946 4134 4126 & de la partager; qu'à mon égard j'avois
1212 4112 4130 4287 de l'argent à recevoir à Paris, & que je
1205 4277 4138 4457 l'engageois fort à en diſpoſer ſans aucune
1205 4442 4130 4622 réſerve. Nous partageâmes auſſi-tôt ce qui
964 4611 4135 4789 me reſtoit, & nous commençâmes à vivre
1204 4776 4116 4953 en commun avec cette franchiſe qui diſ-
1156 4945 4123 5119 tingue les vrais amis d'avec ces gens inté-
1204 5111 4138 5289 reſſés, qui ne ſont bons que pour eux ſeuls,
1190 5272 4146 5451 & qui ne connoiſſent point les principes
1201 5445 4161 5607 ſublimes que nous ſentions au fond de nos
1209 5651 1687 5743 cœurs.
1306 5775 4240 5960 O douce amitié qui échauffe le cœur,
1212 5944 4149 6124 & qui dédommage de tous les maux de la
1205 6113 4161 6283 vie! Tulies enſemble tout le genre humain,
1216 6275 4164 6452 & ce nœud eſt auſſi néceſſaire aux ſociétés
1212 6444 4176 6636 qu'aux individus. Tu diminues les accès.
