4266 7902
724 773 2508 950 De Joseon ThoMmpson.
2918 807 3125 939 L.
36 938 3132 1116 du malheur, en inſpirant la compaſſion la
10 1107 3105 1282 plus tendre. La joie aime à ſe communi-
10 1272 3143 1450 quer, & elle augmente à meſure qu'elle
10 1441 3117 1617 rencontre des gens qui partagent ſes tranſ-
10 1608 3090 1785 ports. Oh! puiſſai-je n'être jamais ſéparé
10 1764 3094 1953 de toi! Tu adouciras toujours les malheurs
10 1937 3282 2119 de ma vie; tu portes la conſolation dans
10 2106 2046 2294 les cœurs les plus troublés.
78 2271 3421 2453 A la premiere occaſion je ſatisfis le deſir
10 2433 3146 2623 de mon ami, & lui rendis compte de tout
10 2613 3402 2783 ce qui m'étoit arrivé depuis l'inſtant qu'il
10 2782 3146 2958 étoit parti d'Angleterre. Il fut fort touché
10 2943 3098 3125 des accidens que j'avois éprouvés; mais
10 3116 3139 3293 j'en vins à lui raconterla mort de ma chere
10 3282 3128 3462 Louiſe, & le déſeſpoir dont j'avois été
10 3447 3109 3628 ſaiſi. Après cette triſte nouvelle, il ne put
10 3616 3117 3795 atrêter ſes larmes qui coulerent en abon-
18 3781 3379 3962 dance, & qui me marquerent mieux que
10 3954 3102 4122 toute autre choſe, la véritable affection
10 4112 3139 4295 qu'il me portoit. Il me fit enſuite le recit
10 4277 3143 4454 de ſes aventures, qui conſiſtoient princi-
10 4450 3128 4642 palement en voyages & affaires, & dans
10 4611 3094 4799 la deſcription de pluſieurs lieux qu'il avoit
10 4776 3135 4968 vus dans les différentes parties du Monde.
10 4945 3128 5123 Il avoit écrit à ſon pere depuis qu'il étoit
10 5111 3098 5300 priſonnier; mais il n'en avoit reçu aucunes
10 5283 3094 5466 lettres; de ſorte que je lui fis beaucoup de
10 5445 3101 5629 plaiſir en lui communiquant les dernieres
10 5621 3135 5800 nouvelles que j'avois reçues d'Angleterre,
10 5761 3102 5963 & principalement en lui aprenant que ſon
10 5950 3124 6126 pere ſe portoit bien. Il ne l'avoit pas vu
10 6110 3087 6302 depuis ſon premier embarquement; car il
10 6284 3124 6469 n'étoit revenu qu'une ſeule fois en Angle-
10 6446 3146 6647 erre, lorſqu'il fut nommé pour aller croi-
