4266 7902
1111 750 3886 958 LLviiEtlesavvntures
1175 930 4309 1128 ſer avec le Spy; & alors il n'avoit eu que
1182 1099 4308 1299 le tems de lui écrire une ſeule fois. Il avoit
1178 1268 4306 1460 fait quelques priſes aſſez avantageuſes, ſui-
1182 1449 4305 1626 vant ce que lui avoit mandé ſon Agent à
912 1599 4304 1796 Towerhill; de ſorte qu'indépendamment
1193 1768 4303 1962 de ſa paie, il ſe voyoit propriétaire d'une
1009 1941 4302 2153 ſomme d'argent aſſez conſidérable. Il avoit
1190 2106 4301 2300 eſſuyé tant de fatigues au ſervice, que,
1062 2279 4300 2465 quoiqu'il fût plein d'affection pour l'intérêt
1190 2447 4299 2634 de ſon Roi & de ſon Pays, il ne deſiroit
870 2613 4298 2801 rien autre choſe que de retourner dans ſon
1186 2774 4297 2970 Pays, & d'y jouir de quelques années de
1186 2951 4295 3139 repos. Pour cet effet il étoit réſolu de venir
1189 3124 4294 3303 avec moi, après avoir vu tout ce qu'il y
1189 3282 4293 3477 a de curieux en France. Je fus charmé d'a-
1081 3450 4292 3807 braſant ue euu inrét ue eaoii ouious
1190 3784 4290 3975 cher, & que tant qu'il me reſteroit de
1190 3946 4289 4150 l'argent, il n'en manqueroit jamais. Il reçut
1190 4123 4288 4298 cette déclaration avec une émotion ſi ſen-
1182 4281 4287 4474 ſible, & me fit tant de remercimens, que
1186 4454 4286 4651 je fus obligé de lui impoſer ſilence. La vie
1190 4619 4284 4805 de marin ne lui avoit rien ôté de ſon élo-
1115 4799 4283 4977 quence naturelle, & je reconnus en lui
1190 4968 4282 5152 ces germes de ſcience, & ces principes
1190 5126 4281 5313 nobles que lui avoit inſpirés ſon digne Maî-
1190 5295 4280 5478 tre & le mien; bien loin de les avoir laiſ-
987 5456 4279 5656 ſés affoiblir par une vie inquiéte & trou-
1069 5621 4278 5844 blée, & par les embarras & les dangers,
1193 5798 4277 5999 qui ſont le partage des gens de ſon métier,
1190 5964 4276 6148 il les avoit plutôt fortifiés par ſes obſerva-
1193 6135 4275 6313 tions particulieres. En effet, il eſt malheu-
1190 6300 4274 6497 reux pour la plupart des Officiers de Ma-
1178 6477 4272 6702 rine, d'être envoyés à la mer trop jeunes,
