4266 7902
761 754 3293 941 DE Josrph Thomson.
10 855 3161 1108 & avant que d'avoir pris une teinture des
10 1099 3203 1276 ſciences qui pourroient les polir, & leur
10 1265 3199 1442 aprendre à ſe conduire dans la ſuite de
10 1430 3199 1611 leur vie: quoi qu'en puiſſent dire les grands
10 1584 3191 1777 Marins, il n'eſt pas plus néceſſaire de com-
10 1771 3244 1946 mencer plutôt pour réuſſir dans cette pro-
10 1934 3503 2095 feſſion, que dans celle des Armes, où l'on
235 2110 3191 2282 trouve communément les gens les plus po-
10 2271 1918 2456 lis & les mieux élevés.
251 2440 3195 2617 Il n'étoit pas ſurprenant que nous ne nous
14 2542 3154 2785 fuſſions pas reconnus l'un l'autre: car
25 2767 3147 2949 Sharpley dans ſa jeuneſſe étoit mince, élan-
25 2944 3184 3126 cé, & avoit le plus beau teint du monde;
10 3116 3312 3288 mais il étoit devenu fort gros, & ſon vi-
10 3273 3191 3455 ſage étoit devenu brun, ce qui joint à la
10 3447 3191 3621 différence que formoit en lui un habit de
10 3614 3195 3791 mode & une perruque, pouvoit bien me
29 3777 3308 3954 déguiſer ſes traits. Je ne crois pas avoir ja-
10 3943 3218 4124 mais vu homme qui eût l'air plus noble que
10 4097 3188 4293 lui. Ses regards, ſes geſtes lui attiroient à
10 4269 3199 4450 l'inſtant la bonne opinion de tous ceux qui le
10 4446 3188 4630 voyoient. Pour moi, j'étois fort mince,
10 4580 3188 4785 & la chaleur violente du climat d'où je
10 4776 3139 4954 ſortois, m'avoit rendu noir comme un mu-
10 4938 3466 5128 lâtre. J'avois auſſi pris la perruque, & la
10 5111 3184 5302 richeſſe de mon habit pouvoit bien faire
10 5280 3161 5464 méconnoître le petit Ecolier d'York. D'ail-
10 5427 3176 5629 leurs, j'avois contracté depuis la perte de
10 5615 3169 5798 ma chere Louiſe une ſi grande indifférence
10 5782 3158 5968 pour les ajuſtemens, que j'aurois pu pa-
10 5951 3312 6126 roître fort changé pour tout autre qui n'au-
10 6118 3349 6294 roit pas été ſi long-tems ſans me voir, que
10 6271 1073 6474 M. Sharpley.
70 6425 3184 6656 M. Dupleſſis avec M. Baſſompierre ſon
