4266 7838
70 7 368 101 v
927 667 3683 849 LAviEETLLsAaveEtures
1180 834 4114 1005 enchanté, lorſqu'étant à la promenade dans
1210 1005 4110 1182 le Parc, nous rencontrâmes deux Dames,
1105 1169 4117 1340 dont une étoit maſquée. Toutes deux à no-
1213 1336 4114 1511 tre aproche voulurent gagner une autre al-
1220 1505 4117 1683 lée; mais voyant que nous les gênions,
1220 1670 4117 1845 nous penſâmes à nous retirer; & je dis à
1213 1830 4114 2010 Sharpley: paſſons dans l'autre allée. La
1224 2000 4114 2174 Dame maſquée s'écria: grand Dieu, qu'eſt-
1210 2164 4199 2327 ce que je vois! & elle s'évanouit dans les
1076 2331 4117 2505 bras de ſa compagne. La douceur de ſa
1224 2498 4114 2675 voix frapa tout le monde, excepté moi,
1109 2661 4110 2837 à qui il ne reſtoit depuis long-tems ni oreil-
1220 2828 4110 3001 les ni yeux pour admirer les perfections des
1224 2996 4114 3165 femmes; ainſi je continuai mon chemin
1221 3159 4110 3332 avec M. Dupleſſis, tandis que Sharpley,
1221 3319 4110 3499 le Marquis & Baſſompiere coururent au
1224 3486 4114 3666 ſecours de ces Dames. La belle évanouie
1232 3660 4121 3832 venoit de reprendre ſes ſens. Elle rendit
1239 3820 4121 4000 graces à ces Meſſieurs de leurs bonnes in-
1224 3991 4121 4167 tentions; mais jettant les yeux de tous cô-
1221 4154 4106 4335 tés, comme pour chercher quelqu'un, il
1228 4321 4121 4496 lui échapa un profond ſoupir, quand elle
1228 4488 4114 4665 vit que ce qu'elle cherchoit, ne ſe trou-
1228 4648 4110 4824 voit pas. L'autre Dame renchérit encore
1224 4811 4114 4998 ſur les complimens, & elles ſe retirerent;
1235 4978 4121 5161 mais le Marquis ayant ſçu par un domeſti-
1065 5142 4117 5320 que qui les accompagnoit, & à qui il s'a-
1232 5305 4110 5480 dreſſa, qu'elles n'avoient point de voiture
1243 5469 4117 5651 pour les ramener, il les preſſa d'accepter
1232 5636 4117 5822 ſon caroſſe, & Sharpley offrit de les accom-
1247 5807 4114 5989 pagner. Elles l'accepterent après quelques
1128 5970 4114 6158 façons; & ordonnant au cocher de les me-
1128 6133 4106 6321 ner à Saint Cloud, elles les laiſſerent pleins
1224 6300 4106 6501 d'admiration de leur grande beauté. Nous
