4266 7565
1242 694 3913 869 La ViEEllss ventuREs
1345 850 4139 1027 m'ont fait l'honneur de m'inviter en géné-
1345 1009 4128 1185 ral d'aller les voir à Saint Cloud, où elles
1327 1164 4128 1494 ous eadid oonneedes merſoene dde din
1323 1482 4110 1656 tinction. Quel bonheur pour moi, ſi je
1316 1644 4114 1806 pouvois obtenir une compagne ſi chere pour
1316 1799 4103 1969 adoucir les chagrins de ma vie! Il y a une
1242 1956 4093 2124 choſe qui m'a ſurpris, c'eſt que cette Dame
1299 2115 4093 2285 mélancolique, qui eſt la niece, s'eſt infor-
1295 2274 4089 2438 mée particuliérement du nom de ceux avec
1292 2432 4086 2600 qui elle nous a vus à Verſailles, & en-
1281 2584 4072 2761 tr'autres elle m'a demandé qui étoit le
1274 2743 4068 2909 Gentilhomme en habit écarlate galonné
1278 2902 4065 3070 d'or, qui avoit quitté l'allée avec un autre
1267 3054 4061 3228 plus vieux, pour les laiſſer libres. Je ne lui
1267 3220 4061 3385 ai pas plutôt répondu que vous étiez An-
1253 3379 4054 3543 glois, & que vous vous nommiez Thomp-
1246 3534 4072 3702 ſon, qu'elle s'eſt trouvée mal, & a pleu-
1246 3693 4061 3864 ré abondamment. On l'a portée au lit dans
970 3852 4057 4017 cet état; ſa couſine & ſa tante m'ont aſſuré
1228 4011 4026 4171 que ces accidens lui arrivoient fréquem-
1224 4170 4015 4332 ment, & qu'elle avoit toujours eu de ces
1214 4319 4015 4487 accès depuis ſon enfance. Cependant nous
1211 4478 4008 4642 avons toujours continué à parler de vous;
1221 4633 3997 4806 & ma Maîtreſſe m'a demandé d'un air cu-
1200 4788 3990 4956 rieux ſi vous étiez marié, & de quelle partie
1193 4947 3983 5118 du monde vous veniez. J'ai ſatisfait à ſes queſ-
1200 5110 4001 5278 tions; & quoique je ſçache toute votre in-
1175 5267 3962 5435 différence, permettez-moi de vous dire ce
1175 5421 3962 5594 que je penſe. Je crois que dès le premier
1161 5580 3951 5756 coup d'œil vous avez réduit la niece au point
1154 5738 3944 5908 où je deſirerois de tout mon cœur de pou-
1161 5893 3937 6066 voir amener ſa couſine, après des années
1136 6053 3976 6244 entieres de ſoins & de ſervices. Je félicitai
