4266 7747
536 671 3417 872 De JosEph Thompson.
116 848 3093 1037 Sharpley de ſa bonne fortune, & lui pro-
120 1025 3093 1200 mis de l'aider dans ſes amours en tout ce
123 1182 3093 1363 que je pourrois; & après nous être em-
105 1336 3082 1519 braſſés, nous nous retirâmes chacun dans
116 1548 1586 1709 notre apartement.
423 2024 2546 2272 CHAPITRE LVI.
181 2321 3075 2514 Sharpley fait de grands progrès dans ſes
94 2508 3265 2680 amours. Il preſente un Page à Thomp-
97 2673 3086 2840 ſon, à la priere de Serene. Il part pour
79 2830 3068 3001 ſe rendre en Normandie chez le Marquis
196 2991 3071 3161 de Houdancourt. Ils ſont attaqués en
200 3151 3071 3329 chemin par des voleurs. Son Page lui
83 3315 3068 3489 ſauve la vie. Hiſtoire du Marquis & de
339 3473 3071 3651 la belle Marguerite Daulnay. Ils la ti-
79 3634 3064 3842 rent de ſa priſon, & elle épouſe le Mar-
83 3807 960 3981 quis.
234 4043 3060 4295 MOn ami étoit preſque toujours aux
293 4269 3060 4443 pieds de ſa Maîtreſſe, & quoiqu'il
79 4430 3053 4610 ne pût jamais gagner ſur moi de l'y ac-
76 4594 3049 4771 compagner, néanmoins j'apris de lui de
61 4755 3049 4922 tems en tems qu'il avoit lieu de ſe croire
65 4919 3046 5090 un homme fort heureux, & que Serene ſa
58 5068 3035 5252 Maîtreſſe avoit pour lui tout le retour que
68 5245 3031 5418 méritoit une paſſion auſſi fidéle & auſſi
163 5405 3028 5578 tendre que la ſienne. Je n'aurois pas fait
57 5562 3042 5743 difficulté d'aller voir cette Dame & ſa fa-
76 5730 3024 5908 mille, comme elle m'en avoit fait prier,
32 5887 3163 6078 ſi ma viſite eût pu être de quelque utilité
24 6059 3020 6235 à mon ami. Mais le recit qu'il m'avoit fait
28 6216 3016 6403 de la ſenſibilité de la niece, m'en empê-
2128 6388 2399 6557 E
