4266 7744
1146 645 3495 820 6 LaviETlEs Aventures
1135 811 3977 986 m'écriai-je, a-t-on jamais vu une reſſem-
1069 974 3977 1148 blance ſi parfaite! Sharpley, c'eſt le véritable
1139 1135 3985 1311 portrait, c'eſt l'image de ma chere Louiſe
1139 1299 3984 1471 au naturel. Je ne puis me tromper, tant il
1139 1464 3966 1637 eſt gravé profondément dans mon cœur.
1051 1621 3970 1797 Hélas! Madame, continuai-je, en m'adreſ-
1139 1785 3973 1962 ſant à Serene, vous allez me cauſer bien
1139 1950 3977 2126 du mal en me recommandant ce jeune
1139 2114 3985 2282 homme. Toutes les fois que je le regarderai,
1142 2278 3981 2451 il rapellera dans mon ame la plus grande
1139 2443 3992 2768 larplesy & le eee Banees areen eine
1142 2768 3995 2936 à retenir leurs larmes, tant le reſte de mon
821 2925 3981 3100 diſcours fut attendriſſant. A l'égard d'Eſtam-
1142 3086 3992 3263 pe (c'eſt le nom du jeune homme) il pleu-
1146 3254 3995 3428 ra ſincérement, & cette ſenſibilité ajouta
941 3418 3996 3589 encore à ce que je ſentois pour lui: & mal-
1142 3578 4006 3750 gré le trouble que me cauſoit ſa vue, je
1146 3740 3996 3913 réſolus de l'emmener avec moi ſur le champ.
1193 3897 3999 4077 Je lui donnai quelques inſtructions ſur
1150 4061 4014 4235 la maniere dont il devoit ſe conduire; &
1150 4228 4003 4397 je pris tant de bonne opinion pour lui, que
1153 4386 3999 4557 je le chargeai à l'inſtant de tous mes papiers
1157 4547 4010 4719 & de tout ce que j'avois de plus précieux.
1164 4708 4010 4882 Je le fis manger à table avec moi, & le
1153 4868 3999 5044 recommandai fort à Madame Dupleſſis &
1168 5036 4010 5207 à toute ſa famille, pour le tems que j'a-
1164 5193 3999 5368 vois à reſter à Paris; & bientôt j'en vins
1172 5360 4006 5530 à l'aimer ſi fortement, que je ne pouvois
1175 5519 4006 5683 me réſoudre à le perdre de vue. Je lui fis
1179 5679 4010 5853 donner une chambre ſeul, parce qu'il me
1179 5850 4010 6017 marqua beaucoup d'éloignement pour cou-
1179 6008 4021 6183 cher avec des gens de ſon ſexe: en un mot, je
1183 6169 4036 6341 fis tout ce que je crus pouvoir lui faire plai-
