4266 7841
654 641 3083 849 oi JosErh Thon.
-2 768 3008 1016 ir. De ſon côté, il me montra tout l'at-
-2 1005 3020 1175 tachement que je pouvois ſouhaiter. Il pré-
-2 1173 3005 1347 venoit tous mes deſirs par ſon exactitude;
-3 1313 3008 1513 & lorſque je pleurois, ſuivant ma coutume,
-3 1488 3012 1682 la perte de ma chere Louiſe (car je ne me
-3 1669 3008 1847 cachois de lui en rien) il prenoit tant de
-4 1835 3012 2014 part à ma douleur, que je craignois quel-
-4 1996 2994 2173 quefois que ſa ſanté n'en fut altérée. De
-5 2166 3005 2334 tems en tems il alloit voir Serene & ſa mere,
-5 2334 3012 2506 qui me remercioient fort des bontés que
-5 2496 3016 2676 j'avois pour Eſtampe, qu'elles avoient éle-
-6 2666 3012 2837 vé, à ce qu'elles diſoient, depuis ſon en-
-6 2818 3016 3001 fance. Il étoit fort réſervé quand je le queſ-
-6 2989 3012 3168 tionnois ſur lui-même & ſur ſa famille, &
-7 3157 3009 3329 il ſe contentoit de me dire que ſon pere
-7 3324 3012 3503 avoit été Officier dans les Gardes Suiſſes;
-7 3470 3008 3663 & que comme c'étoit un homme qui fai-
-8 3653 3023 3820 ſoit beaucoup de folles dépenſes, il l'avoit
-8 3801 3020 3987 laiſſé en mourant, avec une ſœur & ſa me-
-8 3975 3016 4155 re, dans le plus grand beſoin; que la mere
-9 4139 3012 4321 de Serene l'avoit élevé par charité, & lui
-9 4307 3020 4488 avoit inſpiré ces ſentimens de généroſité,
-10 4459 3001 4649 & cette politeſſe que j'aimois tant en lui;
-10 4638 3009 4815 qu'à l'égard de ſa mere, elle étoit morte
-10 4801 2993 4976 depuis un an, après avoir vécu juſqu'à ſa
-11 4968 3016 5145 mort des bontés de la même famille, &
-11 5129 3008 5348 qu'il eſpéroit qu'à l'avenir il ſçauroit ſi bien
-11 5300 3005 5471 gagner mon amitié, qu'il n auroit jamais
-12 5460 3016 5637 beſoin d'un autre Protecteur. Je le confir-
-12 5626 3019 5800 mai dans cette idée, & l'aſſurai que je le
-12 5787 3005 5963 regardois déjà plutôt comme un frere que
-13 5957 1733 6152 comme un domeſtique.
326 6122 3079 6302 Vers le même tems le Marquis de Hou-
-14 6241 3034 6484 dancourt m'invita d'aller paſſer quelques
