4266 7851
1235 643 3722 874 Lvvieerles avenrunes
1246 848 4173 1045 ſemaines avec lui dans une Terre qu'il avoit
1250 1034 4143 1205 en Normandie, & pria Dupleſſis & Baſ-
1257 1201 4151 1371 ſompierre d'être de la partie. Il auroit bien
1254 1365 4169 1536 voulu déterminer auſſi Sharpley à y aller;
1257 1535 4180 1706 mais il ne put y parvenir. Sharpley étoit
989 1700 4150 1873 trop engagé avec Serene, pour ſe priver
1261 1864 4191 2042 ſi-tôt de ſa compagnie. Nous partîmes pour
1265 2028 4161 2205 cette Province que j'avois beaucoup d'en-
1261 2196 4143 2363 vie de voir, parce qu'elle contient tant de
1261 2363 4188 2538 monumens de la bravoure de nos Ancê-
1257 2532 4177 2700 tres, qui y perdirent la vie par milliers,
1261 2691 4165 2869 pour tâcher de conſerver ce qu'ils poſſé-
1261 2858 4180 3034 doient dans le continent. Cette Terre eſt
1265 3026 4210 3202 ſituée auprès d'Elbeuf, dans un pays
1265 3197 4203 3369 agréable, arroſé de la Seine, & entourée
1265 3357 4180 3525 de quantité de Châteaux. Nous y fûmes
1265 3525 4176 3700 reçus avec beaucoup de diſtinction, &
1265 3692 4173 3866 tous les jours nous allions voir les villes &
1261 3856 4154 4032 les villages circonvoiſins pour ſatisfaire
1265 4024 4165 4199 notre curioſité, & parcourir tout ce qui
1257 4187 4180 4359 méritoit d'être remarqué. Dans un de nos
1265 4351 4165 4521 voyages en allant à Caën, le Marquis,
1268 4519 4177 4692 Eſtampe & moi, nous fumes attaqués par
1030 4675 4180 4856 trois voleurs, à la ſortie d'un bois que nous
1272 4846 4169 5016 venions de paſſer. Ils nous prirent au dé-
1172 5010 4213 5196 pourvu, & tirerent ſur nous, mais ſans
1172 5174 4199 5338 nous faire d'autre mal que d'effrayer nos
1272 5342 4210 5519 chevaux. Eſtampe trembloit de toutes ſes
1276 5509 4180 5676 forces; mais le Marquis & moi ti-
1276 5669 4180 5848 râmes chacun un coup de piſtolet, &
1272 5840 4225 6017 tuâmes un des voleurs, qui paya ainſi ſa
1283 6000 4176 6161 témérité. Les deux autres firent feu ſur
1276 6172 4176 6341 nous une ſeconde fois: mais les balles
1287 6336 4206 6492 nous ſifflerent aux oreilles, & ne nous
