4266 7756
394 673 2984 854 De JosEpn Thompson.6
50 837 2977 1017 jetté les yeux ſur moi; & ſe livrant à ſa
36 1010 2977 1184 paſſion, elle me fit une déclaration d'amour
32 1171 2980 1347 avec une impudence qui me fit rougir. Ma
21 1336 2980 1510 ſurpriſe m'empêcha de lui répondre; enfin
28 1501 2984 1675 je rapellai mes eſprits, & lui fis une ſi belle
24 1665 2984 1838 leçon ſur le devoir des gens mariés, qu'elle
28 1827 2984 2010 jura de ſe venger de moi. Le hazard voulut
36 1999 3050 2167 qu'elle ne tarda pas à en trouver l'occa-
68 2156 2999 2330 ſion. Je fis à Daulnay une propoſition de
43 2321 3009 2494 mariage entre ſa fille aînée & moi. Mada-
39 2489 2998 2660 me Daulnay m'avoit prévenue, s'étoit plain-
39 2647 2988 2822 te à lui que j'avois tenté de la ſuborner,
160 2812 2991 2985 & l'avoit prié de me défendre ſa maiſon:
116 2973 2995 3152 ainſi il reçut mal ma propoſition, & me
127 3138 2995 3314 congédia pour toujours. Je lui demandai les
57 3302 3013 3473 raiſons d'une conduite ſi ſurprenante; il re-
80 3463 3006 3635 fuſa de me les dire: après quoi je me levai,
156 3632 2999 3801 & je lui dis fort en colere, (en quoi j'avoue
160 3786 2999 3960 que je fis une impudence) que je ne cher-
134 3951 3006 4122 chois point ſon bien, & que ſi ſa fille y
68 4112 3028 4291 vouloit conſentir, je la délivrerois bientôt
68 4280 3006 4447 de ſon odieuſe tyrannie. Sa femme, qui
79 4438 3021 4616 fut auſſi-tôt informée de l'affaire, ſe per-
171 4602 3009 4776 ſuada que ſi j'avois refuſé ſes offres, c'étoit
94 4768 3013 4941 à cauſe de l'amour que j'avois pour ſa belle-
94 4920 3013 5101 fille: car les méchans ne peuvent s'imaginer
178 5093 3013 5274 qu'on puiſſe faire une action vertueuſe,
164 5258 3006 5431 ſans quelques vues d'intérêt particulier: ils
112 5423 3021 5604 jugent toujours des autres par eux-mêmes.
193 5581 3017 5750 C'eſt pourquoi elle prit ſa fille ſous ſa di-
87 5745 3017 5923 rection, & choiſit ſa ſœur pour la ſecon-
94 5913 3017 6085 der dans cet emploi. Marguerite eut mille
94 6075 3013 6258 mortifications à eſſuyer: on la gardoit de
98 6226 3013 6427 ſi près, qu'il nous étoit impoſſible d'avoir
299 7510 1508 7611 ..
