4266 7838
1270 746 3680 955 LALV EIETT LS AVVETURES
1332 1340 3761 1614 HAPITRv.
1265 1752 4214 1929 Il revient à Paris. On propoſe un mariage
1317 1919 4217 2090 à Thompſon. Conduite d'Eſtampe dans
1440 2086 4158 2253 cette occaſion. Il lui demande une grace.
1436 2253 4217 2420 Incendie terrible dans la maiſon de M.
1321 2416 4217 2584 Dupleſſis. Il va trouver Serene. Voie
1429 2580 4154 2751 chez elle la ſur d'Eſtampe. Reconnoiſ-
1291 2747 4181 2916 ſance tendre. Joie de Sharpley & de toute
1433 2917 2436 3082 la compagnie.
1284 3222 4221 3424 Uelques jours après que les nôces du
1297 3403 4177 3586 Marquis furent célébrées, nous prî-
1280 3582 4214 3752 mes congé de ce couple heureux, qui nous
1284 3747 4154 3924 vit partir avec regret; & nous retournâ-
1280 3909 4232 4085 mes à Paris, où j'envoyai auſſi-tôt Eſtampe
1284 4080 4229 4252 avertir Sharpley de notre arrivée. Il le trouva
1261 4239 4210 4392 chez Serene. Mon ami vint auſſi-tôt, ou
1273 4407 4162 4579 plutôt accourut dans mes bras, & me mar-
1280 4566 4162 4739 qua toute la joie que ſon cœur reſſentoit.
1280 4733 4232 4910 De mon côté, je fus également charmé de
1273 4897 4225 5078 revoir ce digne ami, & de la nouvelle qu'il
1280 5064 4221 5246 m'apprit, que la mere de Serene conſentoit
1280 5227 4221 5412 enfin à couronner ſes vœux & ceux de ſa
1276 5398 4210 5566 fille; qu'elle retourneroit en Angleterre, &
1280 5558 4218 5699 combleroit le bonheur de ces deux amans.
1287 5725 4225 5908 C'eſt pourquoi Sharpley me preſſa avec
1280 5896 4143 6075 inſtance d'abréger notre ſéjour en France,
1284 6052 4221 6243 autant qu'il me ſeroit poſſible. Je l'aſſurai
1284 6225 4210 6410 que j'aurois bientôt pris ma réſolution;
1273 6378 4195 6590 mais que quelques deſirs que j'euſſe de re-
