4266 7767
1194 667 3715 872 LAviEEtLEsAVEtures
1190 868 4050 1029 m'exaltoit perpétuellement le mérite de la
1201 1028 4032 1196 Comteſſe, & ne ceſſoit de me repreſenter
1190 1194 4031 1374 doucement que mes larmes & mes regrets
1186 1362 4042 1698 eos puique ce maae uoi nnt remeee
1187 1689 4042 1860 que j'étois dans la fleur de ma jeuneſſe;
1183 1854 4024 2022 que je me devois à-mes amis & à ma Pa-
1183 2015 4038 2188 trie, & que ma réſolution & ma façon de
1176 2180 4028 2353 vivre tendoient à me mettre hors d'état de
1172 2345 4035 2516 remplir ces devoirs. Il ſe jetta à mes pieds,
1172 2502 4020 2676 & me demanda comme par grace, d'ou-
1168 2664 4020 2841 blier mes chagrins, & de prêter l'oreille
1168 2836 4031 3004 aux idées flatteuſes de la fortune qui s'of-
1161 2997 4024 3167 froit à moi. Je me levai en fureur, & le
1161 3159 4028 3332 repouſſant rudement, je lui criai: êtes vous
1157 3324 4016 3494 donc ſi peu inſtruit de mes réſolutions, que
1161 3485 4160 3661 d'oſer me tenir de ſemblables diſcours,
1154 3650 4013 3823 vous qui êtes l'image de mon adorable Loui-
1154 3815 4016 3985 ſe, & que j'ai choiſi par cette raiſon pour
1146 3976 4016 4150 mon compagnon & mon ami? Sortez de
1150 4145 4013 4312 ma preſence, & que je ne vous revoie ja-
1150 4305 4009 4469 mais.. Non, continuai-je, en répandant un
1150 4466 4013 4627 torrent de larmes, jamais je ne violerai les
1146 4621 3998 4798 vœux de conſtance & de fidélité éternelle
1150 4786 4024 4953 que j'ai faits à ma chere Louiſe; la mort
1146 4953 3998 5123 même & le tombeau n'auront pas le pou-
1143 5112 3994 5286 voir de les rompre. Je les ai faits à la face
1142 5277 3995 5450 du ciel; je les renouvellerai dans le Ciel,
831 5442 3987 5605 & ma chere Louiſe ſera toujours à moi.
1143 5603 3998 5781 Cette bague, ce gage ſacré de l'amour de
1135 5765 3991 5941 ma chere Louiſe; ce portrait frapant, qui
1139 5922 4028 6107 ſemble ſourire & aprouver ma conſtance,
1135 6091 3987 6263 je le porterai toujours ſur mon cœur; &
1135 6255 4035 6425 quand les ombres de la mort obſcurciront
