4266 7902
-50 84 142 165 L
416 654 3094 881 DE JosEph Thomso.
-45 845 3635 1050 mes yeux, ma derniere priere ſera qu'on
-44 1024 3255 1227 puiſſe enterrer avec moi ces marques de
-43 1193 3049 1377 mon amour. Le pauvre garçon reſta tout
-42 1362 3041 1549 tremblant & fondoit en larmes, lorſque je
-41 1528 3041 1717 faiſois ces exclamations. Il me ſembloit
-40 1697 3045 1895 pourtant voir en même-tems dans ſes yeux
-38 1866 3041 2050 une eſpece de ſatisfaction que je ne pouvois
-37 2030 3184 2219 expliquer. Il ſe jettoit à mes genoux qu'il
-36 2196 3319 2386 embraſſoit; me demandoit pardon d'une
-35 2361 3049 2551 témérité qui ne venoit que de ſon affection,
-34 2530 3041 2719 & de l'eſpérance de me voir guéri d'un
-33 2699 3372 2883 chagrin qui prenoit tant ſur moi. Mais,
-32 2863 3240 3052 Monſieur, continua-t-il, je ne riſquerai
-31 3036 3319 3229 plus, comme j'ai fait, d'encourir votre in-
-30 3199 3319 3385 dignation; le reſſouvenir ſeul m'en fait trem-
-29 3366 3053 3557 bler. Je le relevai, & lui dis que je lui par-
-28 3536 3342 3719 donnois; mais que ſi le plus cher ami que
-27 3698 3049 3900 j'euſſe dans le monde, entreprenoit de
-25 3867 3053 4047 changer la réſolution que j'avois priſe de
-24 4032 3060 4213 vivre & mourir toujours le même, je ceſ-
-23 4202 3056 4383 ſerois de le voir & de lui parler de mes
-22 4371 3053 4552 jours. Eſtampe leva les yeux vers le Ciel;
-21 4528 3056 4717 ſon cœur étoit ſi rempli, qu'il fut obligé de
-20 4704 3053 4885 ſortir de l'apartement pour donner un libre
-19 4870 3056 5053 cours à ſes ſentimens. Je lui déclarai après
-18 5035 3056 5214 cela que je n'aurois plus tant d'égards pour
-17 5201 3049 5384 Serene & ſa mere que j'en avois eu juſques-
-16 5370 3068 5554 là, & que je n'irois plus chez elles. Je leur
-15 5534 3060 5717 en fis faire mes excuſes, en les aſſurant que
-13 5708 3068 5884 ce n'étoit ni faute d'affection pour mon
-12 5877 2523 6076 ami, ni défaut d'égards pour elles.
-11 6042 3068 6222 Un jour que j'étois occupé à contempler
-11 6152 3071 6389 les traits de ma chere Louiſe, dans le por-
-9 6380 3102 6586 trait fidéle que je portois toujours ſur moi,
0 7697 1161 7889 L
