4266 7902
965 7 4060 99 -
1174 720 3823 904 LAVvTLESEENTuRaS
1190 889 4108 1070 rene, qui venoient me rendre viſite. Je les
1186 1062 4228 1233 reçus du même air que j'avois coutume.
1190 1231 4093 1406 Après quelques momens de converſation,
1186 1392 4100 1575 Serene me dit qu'elle me prioit en grace
1186 1561 4093 1744 de venir le lendemain dîner avec eux; je
945 1723 4093 1911 leur promis, à condition qu'il n'y auroit
844 1899 4101 2245 tiee devooaa aauſemene qu'u'deet,e
979 2241 4097 2411 trouver une Angloiſe, dont elle vouloit
1182 2406 4100 2580 me procurer la connoiſſance, qui avoit été
1186 2568 4093 2746 auſſi malheureuſe que moi en amour, &
1186 2737 4108 2912 qui, comme moi, avoit formé la réſolution
1190 2902 4100 3071 de ne plus penſer au mariage. Monſieur
1182 3067 4101 3248 Thompſon, ajouta-t-elle, cette Dame ne
942 3240 4101 3414 vous paroîtra point deſagréable, & ne vous
1182 3402 4116 3575 fera point parler plus que vous ne voudrez,
1182 3567 4108 3748 comme nos femmelettes. Allons, Monſieur,
1182 3740 4093 3910 me dit-elle, en me paſſant un bras ſur l'é-
1187 3911 4102 4071 paule, vous ne me refuſerez point cette
1186 4074 4101 4254 grace; je vous aſſure que ce ſera la ſeule
1190 4239 4104 4416 de cette eſpece que j'exigerai de vous, à
1186 4408 4101 4583 moins que vous ne me le permettiez. Mon
1190 4562 4108 4743 ami joignit ſes inſtances à celles de ſa chere
1190 4731 4112 4907 Serene, & il ne me fut pas poſſible de
1186 4900 4104 5080 réſiſter davantage. Quand ils furent partis,
1190 5069 4119 5251 Eſtampe me dit qu'il étoit charmé que j'euſſe
1193 5238 4116 5416 donné ma parole, & qu'il étoit certain
1193 5406 4168 5586 que cela diſſiperoit ma mélancolie, parce
1197 5574 4115 5752 que depuis quelque tems je ne m'étois point
1193 5734 4127 5911 trouvé en compagnie. Monſieur, ajouta-
1193 5903 4176 6085 t-il, cette Dame Angloiſe dont Miſſ Serene
1201 6072 4115 6255 vous a parlé, eſt cette même ſœur que je
1201 6237 4172 6420 vous avois propoſée de voir; c'eſt pour
1126 6406 4191 6583 badiner qu'ils lui ont donné ce titre; mais
