4266 7776
657 737 2991 921 De JosePh ThOoPson.
10 899 2983 1089 il eſt vrai qu'elle a été auſſi malheureuſe
10 1072 3218 1252 que vous. Je l'arrêtai à cet endroit. Quel-
10 1237 2983 1410 que fâché que je fuſſe, il n'étoit plus tems
17 1399 2994 1580 de m'en dédire. J'apercevois dans cette
127 1568 3079 1743 aventure une eſpece de complot dont je
36 1726 3020 1904 ne pouvois deviner le but. Je ne ſçais ſi je
36 1892 3023 2070 me ſerois acquitté de ma parole en faiſant
54 2057 3038 2226 cette viſite. La nuit ſuivante, le feu qui
161 2219 3016 2396 prit ſubitement à la maiſon de M. Dupleſ-
124 2384 3038 2560 ſis, fit un ravage épouvantable. Paris n'eſt
73 2546 3024 2722 point pourvu, comme Londres, d'aqué-
54 2707 3060 2882 ducs propres dans de pareils accidens; auſſi
54 2869 3009 3047 le feu ne laiſſa pas que de faire du progrès
43 3038 3303 3212 avant qu'on pût venir à bout de l'éteindre.
54 3196 3016 3377 Mes équipages étoient ſi peu conſidéra-
161 3362 3020 3540 bles, qu'on les eut bientôt mis en ſûreté;
164 3523 3240 3695 mais le pauvre M. Dupleſſis perdit beau-
161 3685 3046 3862 coup. Sharpley & moi en fûmes au déſeſ-
168 3847 3270 4012 poir, & nous prîmes la réſolution de l'aider
58 4005 3020 4190 en quelque ſorte à réparer ſa perte. Le feu
58 4175 3031 4355 avoit commencé entre onze heures & mi-
116 4332 3031 4512 nuit; tout le monde étoit couché, & j'é-
105 4501 3031 4672 tois moi-même enſéveli dans un profond
69 4662 3031 4839 ſommeil, quand les flammes gagnerent l'eſ-
73 4824 3035 4990 calier qui conduiſoit à mon apartement, à
84 4989 3031 5161 celui d'Eſtampe & de quelques autres. Ce
84 5151 3027 5330 fut Eſtampe lui-même qui vint m'en don-
72 5317 3031 5494 ner la premiere nouvelle. Il accourut en
84 5478 3020 5653 tremblant auprès de mon lit, & me pria
109 5640 3016 5816 pour l'amour de Dieu, de m'éveiller & de
190 5802 3013 5977 me lever, ſi je ne voulois être brûlé dans
84 5967 3012 6141 mon lit. Il avoit eu le tems lui-même de
84 6132 3013 6317 s'habiller; ainſi il travailla à ſerrer tout ce
80 6298 3215 6482 que nous avions. A peine avois-je eu le
149 6468 1080 6614 I. Partie.
703 7604 1320 7769 L
