4266 7716
1422 743 4125 947 LAVviETtles AventuRes
1433 936 4240 1092 un caroſſe à la porte. Madame Rich ſe leva
1244 1092 4241 1265 pour aller recevoir cette Dame, car on ſu
1441 1263 4240 1606 u doumant la muin oteietleeauo
1132 1589 4219 1764 qu'elle ſalua la compagnie, j'aperçus, quoi
1437 1749 4164 1921 que je jettaſſe à peine les yeux ſur elle
1433 1913 4186 2085 qu'elle étoit extrêmement jolie, & d
1433 2076 4178 2243 moyenne taille. Elle ſe plaignit d'un gran
1430 2234 4204 2413 mal de dents; & ſous ce prétexte, ell
1426 2395 4215 2572 tenoit un mouchoir, dont elle ſe cachoi
1426 2562 4168 2728 tout le bas du viſage; mais le peu que j'e
1317 2719 4200 2879 vis, après l'avoir examinée plus attentive
1422 2886 4015 3050 ment, me la fit trouver charmante,
1422 3045 4168 3205 ſuffiſoit déjà pour me rapeller l'idée de m
1422 3205 4177 3384 chere Louiſe. On parla quelque tems d
1419 3368 4186 3538 choſes indifférentes; & la Dame vis-à-vi
1415 3528 4157 3700 de qui j'étois aſſis, ayant laiſſé tomber ſo
1092 3692 4193 3864 éventail, je courus le ramaſſer, & le lu
1415 3859 4153 4024 preſentant, je vis alors pleinement tout ſo
1411 4019 4160 4182 viſage. J'en fus frapé comme d'un coup d
1408 4182 4175 4353 foudre; ſa vue me rapella toutes les beau
1404 4337 4099 4510 tés de ma chere Louiſe. Elle reçut ſon éve
1400 4498 4175 4662 tail en ſouriant, & me ſalua d'un mouve
1408 4658 4168 4838 ment de tête. Je ne pus m'empêcher d
1400 4817 4099 4998 jetter un cri, & à l'inſtant je tombai év
1404 4985 4146 5158 noui à ſes pieds. On fut long-tems à m
1401 5148 4164 5321 rapeller à moi-même; & quand je ſort
1397 5304 4102 5480 de cet évanouiſſement, je tenois des di
1313 5463 4139 5646 cours ſi ridicules & ſi peu ſuivis, que l'o
1397 5627 4088 5810 apréhenda que ma tête n'en fût totaleme
1400 5795 4124 5966 dérangée. On me mit au lit, où il me pr
1397 5958 4128 6124 une fievre violente avec un tranſport a
1390 6117 4135 6298 cerveau. J'apellois perpétuellement ma cher
1386 6277 4124 6496 Louiſe, & je la voyois à côté de mo
