<PcGts xmlns="http://schema.primaresearch.org/PAGE/gts/pagecontent/2017-07-15" xmlns:xsi="http://www.w3.org/2001/XMLSchema-instance" xsi:schemaLocation="http://schema.primaresearch.org/PAGE/gts/pagecontent/2017-07-15 http://schema.primaresearch.org/PAGE/gts/pagecontent/2017-07-15/pagecontent.xsd"><Metadata><Creator>User123</Creator><Created>2020-10-12T18:31:06</Created><LastChange>2020-10-12T18:31:06</LastChange></Metadata><Page imageFilename="0086.png" imageHeight="7902" imageWidth="4266"><TextRegion id="r0" type="paragraph" orientation="0.25"><Coords points="1,1 4264,1 4264,7900 1,7900"/><TextLine id="r0_l001"><Coords points="10,7 314,5 315,115 11,117"/><TextEquiv index="1"><Unicode></Unicode></TextEquiv></TextLine><TextLine id="r0_l002"><Coords points="1961,835 1960,834 1960,798 1960,798 764,803 761,800 761,799 761,799 635,800 634,799 497,799 495,798 495,792 495,791 470,791 468,790 468,707 469,705 471,705 472,705 472,703 473,701 745,700 748,697 757,697 758,696 758,668 758,668 759,668 760,667 794,667 795,666 795,649 795,649 797,649 799,647 799,645 799,645 1828,640 1829,640 1828,618 1829,617 1839,617 1839,618 1839,626 1840,626 2923,622 2925,624 2926,705 2926,706 2927,705 2929,707 2929,708 2927,709 2925,710 2925,710 2925,714 2923,716 2922,716 2921,717 2903,717 2902,718 2902,719 2901,720 2891,720 2891,720 2891,722 2889,724 2888,724 2887,725 2887,726 2885,728 2869,728 2868,729 2868,730 2867,731 2866,731 2865,732 2865,737 2863,739 2862,739 2861,740 2861,741 2861,742 2860,742 2857,744 2857,749 2857,750 2856,750 2850,755 2850,759 2850,760 2284,762 2283,763 2283,775 2281,777 2280,777 2279,778 2279,779 2278,780 2277,780 2275,782 2275,783 2274,784 2273,784 2272,785 2271,786 2271,787 2270,788 2167,789 2166,789 2166,790 2166,791 2165,791 2164,792 2100,792 2098,794 2098,795 2098,795 1979,796 1978,796 1978,834 1978,835"/><TextEquiv index="1"><Unicode>DJosEPp TToopso.</Unicode></TextEquiv></TextLine><TextLine id="r0_l003"><Coords points="74,916 73,915 72,803 72,803 54,803 53,803 54,802 74,802 74,802 74,821 75,822 100,822 101,823 101,824 102,825 103,825 104,826 104,830 105,831 2412,821 2413,822 2414,822 2414,822 2414,823 2416,825 2417,825 2418,826 2418,837 2419,838 2780,836 2781,837 2782,837 2782,838 2782,839 2785,841 2786,841 2786,842 2787,874 2787,874 2863,874 2865,875 2865,876 2866,878 2878,878 2880,879 2880,880 2881,882 2890,882 2891,882 2891,906 2889,908 2888,908 2887,909 2887,914 2886,915 2885,915 2884,916 2880,916 2880,916 2880,936 2878,938 2877,938 2876,939 2876,944 2875,945 2874,945 2872,947 2872,948 2871,949 2866,949 2865,950 2865,951 2863,953 2598,954 2598,954 2598,955 2596,957 2083,959 2081,961 2042,961 2042,962 2042,1003 2042,1003 77,1012 76,1012"/><TextEquiv index="1"><Unicode>fondante en larmes. Je m'écriai alors: le</Unicode></TextEquiv></TextLine><TextLine id="r0_l004"><Coords points="1021,1175 1021,1174 1021,1173 1020,1173 247,1176 247,1176 247,1175 246,1174 10,1175 10,1175 10,1169 11,1167 12,1167 14,1166 14,1161 14,1160 75,1160 76,1159 122,1159 123,1158 123,1096 123,1096 124,1096 128,1092 130,1092 131,1091 130,1060 137,1054 149,1054 149,1053 149,1052 151,1051 152,1051 153,1050 190,1049 190,1049 190,1023 193,1020 194,1020 194,1020 194,1015 196,1013 197,1013 198,1012 198,1011 200,1009 1697,1003 1698,1002 2415,999 2416,998 2417,998 2418,996 2418,995 2420,994 2422,996 2422,997 2423,998 2432,998 2433,999 2560,998 2561,1000 2561,1001 2563,1002 2567,1002 2568,1004 2568,1005 2569,1005 2570,1005 2571,1006 2575,1006 2576,1008 2576,1009 2577,1009 2578,1009 2579,1011 2579,1015 2580,1015 2973,1013 2974,1015 2974,1016 2973,1017 2972,1017 2970,1019 2970,1020 2969,1021 2584,1023 2583,1024 2583,1031 2585,1032 2586,1032 2587,1033 2587,1035 2588,1036 2897,1035 2899,1037 2897,1040 2892,1040 2891,1040 2891,1045 2890,1047 2885,1047 2884,1047 2884,1048 2883,1049 2883,1076 2883,1077 2882,1077 2880,1078 2881,1086 2880,1087 2880,1090 2878,1092 2877,1092 2876,1093 2876,1094 2874,1096 2801,1096 2801,1097 2801,1114 2799,1115 2748,1115 2748,1116 2748,1122 2747,1122 2210,1125 2209,1126 2050,1126 2050,1127 2050,1139 2046,1143 2046,1151 2044,1152 2039,1152 2039,1153 2039,1154 2036,1156 1836,1157 1836,1158 1836,1170 1835,1170 1043,1174 1042,1175"/><TextEquiv index="1"><Unicode>alheur me pourſuivra-t-il toujours? Pour-</Unicode></TextEquiv></TextLine><TextLine id="r0_l005"><Coords points="1723,1342 1723,1341 1723,1329 1722,1329 1706,1329 1700,1322 1699,1295 1699,1295 1516,1296 1515,1296 1516,1327 1514,1329 1404,1329 1404,1330 1404,1332 1403,1332 1400,1332 1400,1332 1400,1331 1399,1330 1398,1329 1397,1329 1396,1328 1395,1296 1395,1295 1331,1295 1330,1294 1252,1295 1250,1293 1250,1291 1250,1291 1124,1291 1122,1293 1122,1294 1121,1295 1052,1296 1051,1296 1051,1315 1049,1318 1047,1318 1047,1318 1047,1319 1045,1321 1044,1321 1043,1322 1043,1327 1041,1329 1036,1329 1036,1329 1036,1330 1034,1332 1033,1332 1032,1333 1032,1334 1030,1336 1018,1336 1017,1334 1016,1295 1016,1295 853,1296 850,1299 814,1299 813,1299 814,1327 813,1328 812,1328 810,1330 810,1331 809,1332 793,1332 792,1333 792,1334 790,1336 788,1336 788,1335 788,1334 785,1332 763,1332 763,1332 763,1343 762,1344 756,1344 756,1343 756,1332 755,1332 668,1332 667,1331 667,1330 666,1329 661,1329 660,1328 660,1327 658,1325 657,1325 656,1324 655,1300 655,1299 635,1300 634,1299 477,1299 476,1300 476,1301 475,1302 462,1302 461,1302 461,1300 461,1299 411,1299 410,1298 390,1299 389,1299 390,1345 389,1346 371,1346 371,1345 370,1299 370,1299 303,1299 302,1299 303,1335 302,1336 300,1336 299,1334 299,1333 298,1333 286,1333 285,1332 274,1332 273,1331 273,1330 272,1329 271,1329 269,1327 268,1300 268,1299 182,1299 179,1297 179,1296 179,1295 97,1296 96,1296 97,1338 95,1340 94,1340 93,1341 93,1341 93,1342 91,1344 29,1344 29,1345 29,1346 28,1346 10,1346 10,1346 9,1319 10,1318 10,1176 10,1175 14,1175 15,1176 15,1182 15,1182 16,1182 18,1184 18,1201 18,1201 28,1201 29,1202 29,1216 30,1216 134,1216 134,1216 134,1220 135,1221 202,1220 202,1220 202,1206 204,1204 209,1204 209,1204 209,1184 210,1182 246,1182 247,1182 247,1177 247,1176 359,1176 360,1175 361,1175 362,1174 375,1174 376,1175 377,1175 378,1175 378,1176 379,1178 383,1178 384,1179 385,1179 386,1179 386,1222 387,1223 405,1223 406,1224 532,1223 532,1222 532,1221 534,1220 535,1220 536,1218 536,1217 538,1216 539,1216 540,1214 540,1213 542,1212 543,1212 543,1211 543,1210 546,1208 548,1210 626,1210 626,1209 626,1187 627,1186 628,1186 630,1184 630,1183 631,1182 632,1182 635,1179 688,1178 690,1180 690,1223 691,1223 832,1223 833,1221 833,1220 834,1220 881,1219 882,1218 882,1217 883,1216 1021,1216 1021,1215 1021,1175 1021,1175 1042,1175 1043,1175 1043,1215 1044,1216 1050,1216 1051,1217 1201,1216 1201,1216 1201,1206 1202,1205 1203,1205 1205,1203 1205,1199 1206,1197 1207,1197 1208,1197 1208,1188 1209,1186 1214,1186 1216,1184 1216,1179 1217,1178 1226,1178 1227,1177 1227,1176 1227,1176 1228,1175 1229,1175 1230,1174 1339,1173 1340,1172 1343,1172 1344,1173 1344,1174 1345,1175 1350,1175 1351,1176 1351,1216 1352,1216 1407,1216 1407,1217 1407,1218 1410,1220 1591,1219 1592,1218 1592,1217 1593,1216 1711,1216 1711,1215 1711,1214 1712,1213 1712,1212 1713,1212 1715,1212 1715,1212 1715,1213 1716,1214 1716,1215 1717,1216 1806,1215 1806,1215 1806,1202 1807,1201 1808,1201 1813,1196 1813,1192 1815,1189 1816,1189 1817,1189 1817,1176 1817,1175 1818,1175 1821,1173 1821,1172 1821,1171 1822,1171 1823,1170 1836,1170 1837,1171 1838,1171 1839,1172 1839,1205 1840,1205 1877,1205 1877,1206 1877,1212 1878,1212 2054,1211 2054,1211 2054,1180 2055,1178 2056,1178 2057,1178 2057,1177 2058,1175 2059,1175 2060,1174 2110,1174 2111,1175 2112,1175 2114,1177 2114,1216 2115,1216 2290,1215 2290,1215 2290,1214 2292,1212 2428,1212 2429,1210 2429,1209 2431,1208 2447,1208 2448,1206 2448,1205 2449,1205 2500,1204 2501,1203 2501,1202 2502,1201 2586,1201 2587,1202 2587,1211 2588,1212 2661,1212 2662,1213 2800,1212 2801,1211 2801,1210 2803,1208 2829,1208 2830,1209 2831,1209 2831,1209 2831,1211 2832,1212 2887,1212 2887,1212 2887,1214 2888,1215 2888,1226 2889,1227 2890,1227 2891,1228 2891,1229 2892,1230 2893,1231 2894,1231 2895,1232 2895,1251 2893,1254 2892,1254 2891,1254 2891,1255 2890,1256 2891,1323 2889,1325 2888,1325 2887,1326 2883,1326 2883,1325 2882,1261 2882,1261 2879,1263 2879,1264 2879,1265 2817,1265 2816,1265 2816,1278 2815,1280 2814,1280 2812,1282 2812,1283 2812,1283 2764,1283 2763,1284 2763,1287 2763,1287 2758,1287 2756,1289 2756,1290 2755,1291 2750,1291 2749,1290 2510,1291 2509,1290 2277,1291 2275,1293 2275,1294 2275,1294 2274,1295 2273,1295 2272,1294 2078,1295 2076,1294 2076,1293 2075,1291 2010,1292 2009,1291 1886,1291 1885,1292 1885,1293 1883,1295 1875,1295 1873,1294 1873,1293 1872,1291 1739,1292 1738,1292 1738,1293 1736,1295 1737,1340 1736,1341 1729,1341 1728,1342"/><TextEquiv index="1"><Unicode>quoi faut-il que je ſois perpétuellement tour-</Unicode></TextEquiv></TextLine><TextLine id="r0_l006"><Coords points="2073,1507 2072,1506 2062,1506 2061,1505 1750,1507 1749,1506 1749,1498 1749,1498 469,1503 468,1504 468,1505 468,1505 89,1507 88,1507 88,1509 88,1510 72,1510 71,1509 11,1509 10,1509 10,1347 10,1346 1215,1341 1216,1340 1225,1340 1227,1338 1227,1337 1228,1336 1240,1336 1242,1337 1242,1338 1243,1340 2556,1334 2558,1332 2563,1332 2564,1332 2564,1331 2565,1329 2882,1328 2883,1327 2883,1326 2883,1326 2887,1326 2888,1326 2888,1335 2888,1336 2893,1336 2895,1337 2895,1341 2887,1349 2887,1350 2886,1351 2883,1351 2883,1351 2883,1384 2882,1385 2881,1385 2880,1386 2880,1415 2880,1416 2961,1415 2962,1416 2962,1417 2963,1418 2963,1432 2962,1433 2962,1434 2962,1434 2881,1435 2880,1435 2880,1447 2880,1448 2879,1448 2876,1450 2876,1451 2876,1452 2875,1452 2874,1453 2776,1453 2775,1454 2775,1455 2774,1456 2706,1456 2702,1460 2671,1461 2670,1461 2670,1477 2669,1479 2667,1479 2666,1479 2666,1481 2665,1483 2656,1483 2655,1483 2655,1484 2654,1486 2653,1486 2651,1487 2651,1488 2650,1490 2314,1491 2312,1493 2312,1494 2312,1494 2077,1495 2076,1496 2076,1507 2076,1507"/><TextEquiv index="1"><Unicode>menté par l'image de ce qui n'exiſte plus? Cet</Unicode></TextEquiv></TextLine><TextLine id="r0_l007"><Coords points="1318,1680 1317,1679 1317,1633 1316,1633 1201,1633 1201,1634 1201,1662 1200,1663 1199,1663 1197,1665 1197,1666 1197,1666 1196,1666 1193,1669 1193,1670 1193,1670 1180,1670 1178,1669 1178,1668 1178,1667 1173,1667 1171,1666 1171,1665 1170,1663 1169,1663 1167,1662 1167,1661 1165,1659 1164,1659 1163,1658 1163,1633 1162,1632 1055,1633 1055,1633 1055,1634 1052,1637 1051,1636 998,1636 998,1635 998,1634 996,1633 848,1634 845,1637 831,1637 830,1636 655,1636 654,1637 650,1637 649,1636 469,1637 469,1638 469,1661 468,1662 468,1663 468,1663 463,1663 461,1662 461,1638 460,1637 405,1638 404,1637 218,1637 217,1636 217,1635 215,1633 146,1634 146,1634 146,1680 146,1681 127,1681 126,1680 126,1634 125,1634 119,1634 119,1634 119,1661 118,1663 117,1663 116,1663 116,1664 114,1667 111,1664 111,1633 110,1633 49,1633 45,1637 15,1637 14,1639 14,1647 12,1648 11,1648 10,1647 10,1552 11,1551 10,1510 11,1509 22,1509 23,1510 89,1510 89,1510 89,1514 91,1516 156,1516 157,1517 158,1553 158,1554 261,1553 262,1553 262,1552 263,1550 271,1550 273,1549 272,1548 273,1547 275,1547 276,1546 307,1546 307,1545 307,1513 308,1513 333,1513 334,1514 416,1513 416,1514 416,1523 418,1524 419,1524 420,1526 421,1558 421,1558 557,1558 558,1557 558,1549 559,1548 559,1547 559,1547 560,1547 561,1546 562,1546 562,1545 562,1544 564,1543 565,1543 566,1541 566,1536 568,1535 569,1535 570,1533 570,1528 571,1528 572,1528 585,1514 585,1513 586,1513 595,1513 596,1511 596,1510 598,1509 607,1509 607,1509 607,1510 610,1513 611,1513 611,1513 611,1514 614,1517 615,1517 615,1517 616,1557 616,1558 715,1557 716,1557 716,1556 717,1554 759,1554 763,1550 806,1550 807,1549 807,1547 807,1547 808,1547 809,1546 810,1546 810,1545 810,1544 812,1543 813,1543 814,1541 814,1517 816,1516 825,1516 825,1515 825,1510 827,1509 828,1509 828,1508 829,1507 829,1506 831,1505 839,1505 841,1507 841,1508 842,1509 847,1509 848,1510 848,1518 854,1524 855,1524 855,1524 855,1529 858,1532 859,1532 859,1532 859,1537 861,1539 862,1539 863,1540 864,1554 864,1555 993,1554 994,1554 994,1557 994,1558 1072,1558 1073,1559 1115,1558 1116,1558 1115,1518 1120,1513 1122,1513 1122,1514 1123,1558 1123,1558 1202,1558 1205,1556 1205,1555 1205,1554 1300,1554 1301,1555 1419,1554 1420,1554 1419,1510 1420,1509 1512,1509 1513,1510 1514,1549 1514,1550 1533,1550 1534,1551 1608,1550 1611,1553 1611,1554 1611,1554 1725,1554 1726,1553 1726,1552 1728,1550 1737,1550 1738,1549 1738,1547 1738,1547 1739,1547 1740,1546 1741,1546 1742,1544 1742,1539 1743,1539 1749,1539 1749,1538 1749,1507 1750,1507 1753,1507 1755,1509 1756,1509 1757,1510 1757,1538 1758,1539 1847,1538 1847,1538 1847,1529 1848,1528 1849,1528 1851,1526 1851,1525 1852,1524 1853,1524 1854,1523 1854,1519 1857,1516 1858,1516 1858,1516 1858,1515 1860,1513 1864,1513 1870,1507 1870,1506 1871,1505 1887,1505 1888,1507 1888,1508 1889,1508 1890,1509 1891,1509 1892,1511 1892,1512 1893,1512 1894,1512 1896,1515 1897,1550 1897,1550 1997,1550 1998,1549 1997,1536 1999,1535 2000,1535 2001,1536 2001,1537 2003,1539 2004,1539 2005,1540 2006,1554 2006,1555 2057,1554 2058,1554 2057,1511 2059,1509 2060,1509 2060,1509 2061,1508 2061,1507 2062,1506 2072,1506 2073,1507 2076,1507 2078,1509 2079,1509 2080,1511 2081,1554 2081,1554 2123,1554 2125,1553 2125,1552 2126,1550 2289,1549 2290,1549 2290,1548 2290,1547 2291,1547 2292,1546 2478,1545 2479,1545 2478,1533 2479,1532 2480,1532 2482,1530 2482,1522 2484,1520 2485,1520 2485,1520 2485,1515 2487,1513 2488,1513 2489,1512 2489,1511 2491,1509 2492,1509 2492,1509 2493,1508 2493,1507 2495,1505 2496,1505 2497,1504 2497,1503 2498,1502 2499,1501 2500,1501 2500,1501 2500,1500 2502,1498 2503,1498 2504,1497 2509,1497 2510,1498 2511,1498 2512,1500 2512,1501 2513,1501 2522,1501 2523,1503 2524,1546 2524,1546 2596,1546 2598,1547 2598,1548 2599,1550 2703,1549 2704,1549 2703,1507 2705,1505 2718,1505 2718,1505 2718,1504 2721,1501 2724,1501 2725,1502 2726,1502 2726,1503 2726,1512 2728,1513 2729,1513 2730,1515 2730,1539 2731,1539 2868,1539 2868,1539 2868,1540 2871,1543 2875,1543 2877,1544 2877,1545 2877,1546 2881,1546 2884,1548 2884,1576 2884,1577 2960,1576 2962,1578 2962,1614 2962,1614 2965,1614 2966,1615 2966,1625 2965,1625 2964,1625 2959,1631 2959,1632 2957,1633 2956,1633 2955,1632 2955,1622 2954,1621 2827,1622 2827,1622 2827,1671 2827,1672 2732,1672 2731,1671 2716,1671 2715,1671 2715,1669 2714,1668 2714,1623 2713,1622 2606,1623 2604,1625 2557,1625 2557,1625 2557,1624 2555,1622 2525,1622 2524,1621 2523,1621 2523,1621 2523,1620 2521,1618 2380,1619 2380,1619 2380,1620 2379,1621 2378,1621 2377,1622 2376,1623 2376,1624 2375,1625 2295,1625 2294,1627 2294,1628 2292,1629 2246,1629 2245,1628 2080,1629 2080,1630 2080,1654 2077,1656 2076,1656 2076,1657 2076,1658 2075,1659 2074,1659 2073,1660 2072,1661 2072,1662 2071,1663 2063,1663 2061,1662 2061,1629 2060,1628 1761,1630 1758,1633 1754,1633 1753,1631 1753,1630 1751,1629 1742,1629 1742,1629 1742,1669 1742,1670 1739,1670 1738,1669 1738,1668 1737,1667 1736,1667 1734,1665 1734,1663 1734,1663 1732,1663 1730,1661 1730,1629 1729,1629 1509,1630 1509,1630 1509,1631 1507,1633 1335,1633 1335,1634 1335,1679 1335,1679"/><TextEquiv index="1"><Unicode>imable fantôme penchant ſes joues ſur les</Unicode></TextEquiv></TextLine><TextLine id="r0_l008"><Coords points="139,1847 138,1846 104,1846 104,1845 104,1844 103,1844 102,1843 101,1843 100,1841 100,1802 99,1802 82,1802 82,1802 82,1826 80,1828 14,1828 14,1829 14,1839 13,1839 10,1839 10,1839 9,1777 10,1776 10,1717 11,1716 12,1716 13,1715 18,1715 18,1715 18,1694 19,1693 123,1693 123,1692 123,1682 124,1682 125,1682 126,1681 147,1681 148,1682 149,1682 149,1682 149,1727 150,1728 291,1727 292,1726 292,1725 294,1723 295,1723 296,1724 296,1725 298,1727 385,1727 386,1728 412,1727 412,1727 412,1702 414,1700 415,1700 416,1702 416,1703 418,1704 419,1704 420,1706 420,1727 421,1727 529,1727 530,1726 531,1727 532,1727 532,1727 532,1767 533,1768 641,1767 641,1767 641,1759 643,1757 644,1757 645,1756 645,1751 647,1749 648,1749 649,1748 649,1706 651,1704 652,1704 652,1704 652,1696 653,1695 653,1694 654,1693 655,1693 657,1691 657,1690 658,1689 663,1689 664,1688 664,1687 666,1685 671,1685 671,1685 671,1684 673,1682 697,1682 698,1684 698,1685 699,1685 806,1685 807,1683 807,1682 808,1682 825,1682 825,1682 825,1723 826,1724 896,1723 897,1725 897,1726 899,1727 994,1727 994,1726 994,1712 995,1712 998,1712 998,1712 998,1713 1000,1715 1001,1715 1002,1716 1002,1726 1003,1727 1103,1726 1103,1726 1103,1725 1105,1723 1314,1723 1314,1722 1314,1686 1316,1685 1317,1685 1317,1684 1317,1680 1318,1680 1408,1679 1409,1678 1418,1678 1419,1680 1419,1681 1421,1682 1479,1682 1479,1682 1479,1722 1480,1723 1606,1722 1606,1722 1606,1718 1609,1715 1610,1715 1610,1715 1610,1714 1612,1712 1613,1712 1614,1711 1614,1710 1616,1708 1617,1708 1618,1710 1618,1711 1620,1712 1621,1712 1621,1713 1622,1714 1622,1715 1623,1715 1624,1715 1625,1717 1625,1719 1626,1719 1734,1719 1734,1718 1734,1675 1736,1674 1745,1674 1745,1673 1745,1672 1748,1670 1752,1670 1753,1671 1753,1672 1755,1674 1756,1674 1756,1674 1757,1675 1757,1676 1759,1678 1760,1678 1760,1678 1760,1679 1761,1680 1761,1719 1762,1720 1903,1719 1903,1718 1903,1717 1906,1715 1907,1715 1907,1714 1907,1705 1909,1704 1910,1704 1911,1702 1911,1697 1912,1697 1913,1697 1914,1695 1914,1687 1917,1685 1918,1685 1918,1684 1918,1683 1921,1681 1922,1681 1922,1680 1922,1679 1924,1678 1925,1678 1926,1677 1926,1676 1926,1675 1928,1674 1929,1674 1929,1673 1929,1672 1932,1670 1951,1670 1952,1671 1952,1672 1954,1674 1955,1674 1956,1675 1956,1680 1957,1681 1958,1681 1960,1683 1960,1718 1961,1719 1988,1719 1989,1720 2114,1719 2114,1719 2114,1683 2116,1681 2117,1681 2117,1681 2117,1680 2119,1678 2120,1678 2120,1678 2121,1677 2121,1676 2123,1674 2131,1674 2133,1676 2133,1677 2134,1678 2135,1678 2136,1679 2136,1717 2138,1719 2290,1718 2290,1718 2290,1717 2291,1716 2318,1716 2319,1715 2432,1715 2433,1713 2433,1712 2434,1712 2439,1712 2440,1710 2440,1709 2442,1708 2455,1708 2455,1708 2455,1709 2459,1713 2519,1712 2519,1713 2519,1714 2522,1716 2523,1716 2523,1717 2523,1722 2525,1723 2526,1723 2527,1725 2527,1734 2528,1734 2537,1734 2538,1736 2538,1753 2539,1753 2662,1753 2662,1752 2662,1727 2663,1727 2664,1727 2666,1724 2666,1720 2668,1719 2673,1719 2673,1718 2673,1717 2676,1715 2680,1715 2681,1713 2681,1712 2682,1712 2711,1711 2711,1711 2711,1679 2712,1678 2713,1678 2715,1676 2715,1672 2716,1671 2731,1671 2732,1672 2827,1672 2827,1672 2827,1725 2828,1726 2829,1726 2829,1726 2831,1728 2831,1729 2832,1730 2893,1730 2902,1739 2902,1748 2902,1749 2901,1749 2899,1750 2899,1758 2897,1761 2892,1761 2891,1761 2891,1762 2890,1764 2828,1764 2827,1764 2828,1773 2826,1775 2825,1775 2823,1777 2823,1778 2822,1779 2821,1779 2820,1780 2820,1781 2818,1783 2818,1832 2817,1833 2801,1833 2801,1833 2801,1788 2800,1787 2688,1788 2688,1788 2688,1789 2686,1791 2606,1791 2606,1791 2606,1795 2605,1796 2605,1797 2604,1798 2599,1798 2598,1799 2598,1804 2597,1805 2596,1805 2595,1806 2587,1806 2587,1806 2587,1807 2585,1809 2577,1809 2575,1812 2575,1813 2574,1813 2569,1813 2568,1812 2568,1808 2565,1805 2564,1805 2564,1805 2564,1792 2563,1791 2502,1791 2500,1789 2500,1788 2499,1787 2388,1788 2385,1791 2377,1791 2377,1791 2377,1792 2375,1794 2239,1795 2238,1794 1926,1795 1926,1795 1926,1796 1924,1798 1806,1798 1805,1797 1595,1798 1595,1799 1595,1824 1594,1824 1593,1824 1592,1825 1591,1827 1591,1828 1590,1828 1585,1828 1584,1827 1584,1799 1583,1798 1498,1799 1495,1802 1454,1802 1452,1799 1452,1798 1451,1798 1341,1798 1340,1800 1340,1801 1338,1802 1330,1802 1329,1801 1119,1802 1118,1801 1067,1802 1064,1799 957,1799 956,1801 956,1802 955,1802 894,1802 893,1801 766,1802 765,1803 765,1804 763,1806 747,1806 747,1807 747,1808 745,1809 589,1810 589,1810 589,1811 587,1813 586,1813 585,1814 585,1815 583,1817 571,1817 570,1815 570,1814 568,1813 567,1813 566,1811 566,1806 565,1806 436,1806 435,1805 435,1804 433,1802 428,1802 427,1801 203,1802 202,1804 202,1805 201,1805 200,1805 199,1806 198,1805 198,1804 196,1802 188,1802 187,1801 143,1802 143,1802 143,1846 142,1847"/><TextEquiv index="1"><Unicode>miennes, &amp; les mouillant de ſes larmes, s'é-</Unicode></TextEquiv></TextLine><TextLine id="r0_l009"><Coords points="1543,2017 1543,2016 1542,1967 1542,1967 1473,1967 1472,1967 1472,1968 1470,1971 1465,1971 1464,1971 1464,1999 1463,2001 1462,2001 1460,2002 1461,2003 1459,2005 1444,2005 1441,2002 1441,2001 1441,2001 1387,2001 1385,2000 1385,1980 1384,1978 1383,1978 1381,1977 1381,1968 1381,1967 1270,1968 1265,1972 1265,1984 1264,1986 1263,1986 1261,1987 1261,1988 1261,1989 1260,1989 1259,1990 1255,1990 1254,1990 1254,1998 1248,2005 1246,2005 1246,2005 1246,2007 1245,2008 1244,2008 1240,2012 1232,2012 1231,2010 1230,1971 1230,1971 1139,1971 1138,1970 865,1972 864,1971 700,1971 699,1970 590,1971 523,1971 521,1973 521,1974 520,1975 512,1975 510,1974 510,1973 509,1971 365,1972 362,1975 283,1975 281,1974 281,1973 280,1971 181,1971 180,1970 116,1971 115,1971 116,2010 114,2012 112,2012 112,2011 112,2010 109,2008 108,2008 108,2007 107,1971 107,1971 49,1971 48,1972 48,1997 48,1997 38,1997 36,1996 36,1987 36,1986 20,1986 18,1985 18,1984 17,1983 17,1972 17,1971 12,1971 10,1970 10,1864 11,1862 12,1862 13,1862 14,1861 14,1860 15,1858 16,1858 18,1857 18,1856 19,1854 104,1854 105,1853 105,1846 105,1846 138,1846 139,1847 144,1847 145,1847 145,1848 146,1849 146,1853 146,1854 147,1854 149,1855 149,1892 150,1893 295,1892 296,1893 296,1894 298,1896 352,1896 352,1895 352,1866 352,1866 353,1866 356,1863 356,1862 356,1862 358,1862 360,1863 360,1895 361,1896 446,1895 446,1895 446,1894 448,1892 449,1892 450,1894 450,1895 452,1896 671,1895 671,1895 671,1857 673,1854 749,1854 750,1854 750,1853 751,1851 755,1851 758,1848 758,1847 758,1847 763,1847 765,1845 765,1844 766,1843 767,1843 769,1844 769,1857 769,1858 790,1858 792,1859 792,1860 793,1862 794,1862 795,1862 795,1891 796,1892 864,1892 865,1893 885,1892 885,1893 885,1894 888,1896 994,1896 994,1895 994,1856 996,1854 997,1854 998,1853 998,1852 999,1851 1007,1851 1009,1849 1009,1848 1010,1847 1026,1847 1028,1845 1028,1844 1029,1843 1068,1843 1069,1843 1069,1844 1070,1845 1070,1846 1070,1847 1092,1847 1093,1848 1143,1847 1144,1848 1144,1849 1146,1851 1147,1851 1148,1852 1148,1888 1148,1888 1173,1888 1175,1890 1175,1891 1177,1892 1388,1891 1390,1888 1391,1888 1392,1889 1392,1890 1393,1891 1393,1892 1394,1892 1505,1892 1505,1891 1505,1885 1505,1885 1523,1885 1524,1884 1524,1870 1524,1870 1525,1870 1528,1867 1528,1866 1528,1866 1529,1866 1531,1864 1531,1860 1539,1852 1539,1851 1539,1851 1544,1851 1547,1848 1547,1847 1547,1847 1553,1847 1554,1846 1554,1845 1555,1843 1563,1843 1565,1845 1565,1846 1566,1847 1571,1847 1573,1849 1573,1850 1573,1850 1574,1851 1575,1851 1576,1852 1576,1853 1577,1854 1577,1888 1577,1888 1698,1888 1701,1890 1701,1891 1702,1892 1711,1892 1712,1893 1712,1899 1713,1900 1846,1899 1851,1894 1851,1893 1852,1892 1865,1892 1865,1892 1865,1891 1868,1888 1883,1888 1885,1891 1885,1892 1886,1892 2000,1892 2001,1890 2001,1889 2002,1888 2067,1887 2068,1887 2068,1842 2070,1839 2071,1839 2072,1839 2072,1838 2073,1836 2074,1836 2075,1835 2076,1835 2077,1836 2078,1836 2080,1838 2080,1839 2080,1839 2085,1839 2087,1841 2087,1853 2089,1855 2090,1855 2091,1856 2091,1865 2091,1865 2092,1865 2095,1868 2095,1888 2096,1888 2316,1887 2318,1884 2326,1884 2328,1883 2328,1882 2328,1881 2424,1881 2425,1880 2425,1878 2426,1877 2438,1877 2440,1875 2440,1874 2441,1873 2442,1873 2444,1874 2444,1875 2445,1877 2446,1877 2447,1878 2506,1877 2508,1879 2508,1881 2508,1881 2683,1881 2684,1882 2792,1881 2793,1881 2793,1837 2793,1836 2794,1836 2795,1835 2800,1835 2801,1835 2801,1834 2801,1833 2817,1833 2818,1832 2820,1833 2820,1838 2820,1839 2821,1839 2823,1840 2823,1872 2823,1873 2885,1873 2887,1874 2887,1875 2888,1877 2889,1877 2891,1878 2891,1898 2892,1899 2905,1899 2906,1900 2906,1932 2907,1933 2973,1932 2973,1932 2973,1921 2976,1918 2978,1921 2978,1922 2979,1922 2980,1922 2981,1924 2981,1933 2981,1933 2980,1933 2977,1936 2977,1937 2977,1937 2877,1938 2876,1938 2876,1947 2876,1948 2875,1948 2871,1952 2754,1952 2752,1954 2752,1955 2751,1956 2724,1956 2722,1955 2722,1954 2721,1953 2721,1952 2720,1952 2718,1951 2718,1950 2718,1949 2717,1948 2716,1948 2715,1947 2605,1948 2604,1949 2603,1949 2602,1949 2602,1950 2601,1952 2596,1952 2595,1952 2595,1953 2593,1956 2408,1957 2405,1960 2340,1960 2339,1961 2339,1962 2338,1963 2254,1963 2253,1964 2253,1970 2252,1971 2251,1971 2248,1969 2248,1968 2248,1967 2247,1967 2246,1966 2149,1967 2147,1965 2147,1964 2146,1963 1961,1964 1959,1965 1959,1966 1959,1967 1946,1967 1945,1967 1945,1998 1944,1999 1944,2000 1944,2001 1920,2001 1918,1999 1918,1963 1918,1963 1803,1963 1802,1964 1802,1977 1800,1979 1799,1979 1798,1980 1798,1981 1797,1982 1796,1982 1795,1983 1795,1984 1793,1986 1792,1986 1791,1987 1791,1988 1789,1990 1785,1990 1783,1992 1783,1993 1783,1994 1777,1994 1776,1994 1776,1995 1775,1997 1773,1997 1772,1996 1772,1995 1770,1993 1769,1993 1768,1992 1768,1967 1768,1967 1645,1967 1644,1968 1644,1971 1644,1971 1642,1971 1640,1970 1640,1969 1639,1967 1586,1967 1585,1966 1555,1966 1554,1967 1555,2016 1554,2017"/><TextEquiv index="1"><Unicode>ria: mon cher Thompſon, après vous avoir</Unicode></TextEquiv></TextLine><TextLine id="r0_l010"><Coords points="669,2187 668,2187 668,2137 668,2136 601,2137 600,2137 600,2138 599,2140 361,2141 358,2144 313,2144 311,2142 311,2141 310,2140 241,2140 239,2139 239,2138 239,2137 139,2138 138,2138 138,2161 138,2162 137,2162 136,2163 79,2163 78,2163 78,2183 77,2185 72,2185 71,2184 53,2184 52,2184 52,2164 52,2163 34,2163 33,2164 33,2169 32,2170 23,2170 22,2171 22,2172 20,2174 16,2174 14,2176 14,2177 14,2177 11,2177 10,2177 10,2059 11,2057 125,2057 126,2057 126,2058 128,2061 250,2060 251,2060 251,2021 251,2020 252,2020 253,2020 255,2018 255,2017 255,2016 264,2016 265,2016 265,2015 266,2014 266,2013 266,2012 268,2012 269,2013 269,2014 270,2015 270,2016 270,2016 275,2016 277,2018 277,2065 277,2065 402,2065 405,2062 406,2062 408,2060 408,2048 409,2046 410,2046 412,2045 412,2037 414,2034 415,2034 416,2034 416,2033 417,2031 418,2031 419,2031 419,2030 421,2027 422,2027 423,2027 423,2026 425,2023 426,2023 427,2023 427,2022 429,2019 430,2019 431,2019 431,2018 432,2016 436,2016 440,2012 467,2012 468,2013 468,2014 469,2015 469,2019 470,2020 531,2020 532,2020 532,2021 534,2024 535,2024 536,2024 536,2025 536,2026 537,2027 538,2027 540,2028 540,2060 540,2061 602,2061 603,2062 809,2061 810,2060 810,2054 810,2054 811,2054 812,2053 816,2053 818,2051 818,2050 818,2050 823,2050 825,2048 825,2047 826,2046 828,2046 829,2046 829,2049 829,2050 863,2050 864,2051 873,2050 874,2051 874,2052 879,2057 952,2057 953,2057 953,2021 953,2020 955,2020 956,2019 958,2019 961,2022 961,2061 961,2061 1083,2061 1084,2062 1222,2061 1223,2060 1223,2059 1225,2057 1229,2057 1231,2058 1231,2060 1231,2061 1391,2060 1393,2059 1393,2058 1393,2057 1394,2057 1397,2060 1397,2061 1397,2061 1538,2061 1539,2060 1539,2017 1540,2016 1542,2016 1543,2017 1556,2016 1558,2018 1558,2019 1558,2019 1559,2019 1561,2021 1561,2053 1561,2053 1562,2053 1563,2054 1564,2054 1565,2055 1565,2057 1565,2057 1861,2056 1862,2056 1862,2055 1862,2054 1864,2054 1866,2056 1866,2057 1866,2057 2045,2056 2046,2056 2046,2055 2046,2054 2047,2054 2048,2053 2062,2053 2063,2054 2223,2054 2224,2053 2312,2052 2313,2052 2313,2006 2313,2005 2318,2005 2319,2004 2320,2004 2321,2004 2321,2003 2322,2001 2323,2001 2325,2003 2325,2005 2325,2005 2334,2005 2335,2006 2335,2034 2335,2034 2336,2034 2339,2037 2339,2049 2339,2049 2481,2048 2482,2048 2482,2047 2482,2046 2668,2046 2669,2045 2669,2006 2670,2005 2671,2005 2672,2004 2673,2004 2674,2003 2674,2002 2675,2001 2786,2000 2786,2000 2786,1999 2788,1997 2804,1997 2804,1998 2804,1999 2805,2000 2806,2005 2806,2005 2807,2005 2808,2006 2808,2007 2809,2008 2809,2019 2810,2020 2811,2020 2812,2021 2812,2042 2812,2042 2881,2042 2895,2055 2895,2059 2896,2061 2897,2061 2898,2061 2898,2062 2899,2063 2899,2094 2899,2095 3003,2094 3004,2094 3004,2092 3004,2091 3006,2091 3008,2093 3008,2094 3009,2095 3010,2095 3011,2096 3011,2098 3009,2099 2899,2100 2899,2100 2899,2103 2898,2104 2898,2105 2897,2106 2896,2106 2895,2107 2895,2111 2894,2112 2892,2114 2888,2114 2887,2115 2887,2116 2887,2117 2882,2117 2880,2118 2880,2119 2879,2121 2678,2122 2677,2122 2677,2123 2676,2125 2563,2125 2559,2121 2408,2122 2405,2125 2397,2125 2395,2126 2395,2127 2394,2129 2227,2130 2226,2130 2226,2131 2226,2132 2224,2132 2223,2133 2222,2132 2044,2132 2043,2131 1745,2133 1744,2132 1620,2132 1618,2134 1618,2135 1617,2136 1566,2136 1565,2137 1565,2143 1564,2144 1563,2144 1562,2145 1562,2149 1561,2150 1561,2151 1561,2151 1556,2151 1554,2153 1554,2154 1554,2155 1553,2156 1551,2156 1550,2156 1550,2157 1549,2159 1541,2159 1539,2157 1539,2140 1539,2140 1330,2140 1329,2141 1329,2168 1328,2169 1328,2170 1328,2170 1327,2170 1323,2175 1322,2174 1308,2174 1306,2172 1306,2171 1305,2170 1180,2170 1179,2170 1179,2169 1179,2168 1177,2166 1176,2166 1175,2166 1175,2137 1175,2136 1094,2137 1093,2136 944,2136 942,2138 942,2139 941,2140 789,2141 788,2141 788,2149 787,2151 786,2151 784,2152 784,2160 775,2170 771,2170 769,2171 769,2172 768,2174 759,2174 758,2174 758,2175 758,2176 757,2177 756,2177 755,2178 746,2178 745,2177 744,2177 743,2177 743,2176 742,2174 734,2174 731,2172 731,2171 731,2170 730,2170 724,2165 724,2137 724,2136 672,2136 671,2137 671,2187 671,2187"/><TextEquiv index="1"><Unicode>perdu ſi long-tems, que je me veux de mal de</Unicode></TextEquiv></TextLine><TextLine id="r0_l011"><Coords points="1256,2351 1255,2350 1255,2305 1254,2305 1021,2306 1021,2306 1021,2307 1019,2309 1018,2309 1017,2307 1017,2306 1015,2305 878,2305 877,2304 619,2306 618,2307 618,2308 617,2309 436,2309 434,2307 434,2306 433,2305 288,2306 288,2307 288,2308 286,2309 263,2309 262,2308 262,2307 260,2305 184,2305 183,2304 71,2305 71,2305 71,2310 68,2313 67,2313 67,2313 67,2314 64,2317 18,2317 18,2318 18,2342 16,2343 15,2343 14,2345 14,2346 13,2346 10,2346 10,2346 9,2236 10,2235 10,2187 12,2185 14,2185 14,2186 14,2192 15,2192 52,2192 52,2192 52,2185 53,2184 62,2184 62,2185 62,2192 63,2192 66,2192 67,2193 67,2225 68,2226 126,2226 127,2224 127,2223 129,2222 132,2222 133,2223 134,2223 134,2223 134,2224 136,2226 141,2226 142,2227 235,2226 236,2228 236,2229 238,2230 291,2230 292,2232 292,2233 294,2234 434,2233 437,2230 456,2230 458,2233 458,2234 459,2234 602,2234 606,2230 618,2230 619,2231 656,2230 656,2230 656,2194 657,2193 658,2193 662,2189 666,2189 668,2187 672,2187 679,2195 679,2230 680,2230 864,2230 865,2231 949,2230 949,2230 949,2187 951,2185 967,2185 968,2187 968,2188 969,2188 970,2188 972,2191 972,2230 973,2230 1027,2230 1028,2231 1152,2230 1152,2230 1152,2187 1154,2185 1155,2185 1156,2184 1156,2183 1158,2181 1173,2181 1181,2189 1182,2189 1182,2190 1182,2226 1183,2226 1328,2225 1328,2225 1328,2214 1329,2213 1329,2212 1330,2211 1332,2211 1332,2211 1332,2202 1334,2200 1335,2200 1336,2199 1336,2198 1338,2196 1339,2196 1340,2198 1340,2226 1341,2226 1399,2226 1400,2228 1400,2229 1402,2230 1542,2230 1543,2228 1543,2227 1545,2226 1558,2225 1558,2225 1558,2224 1560,2222 1681,2222 1682,2220 1682,2219 1683,2219 1685,2219 1686,2220 1686,2221 1687,2222 1691,2222 1692,2223 1821,2222 1821,2222 1821,2209 1823,2207 1824,2207 1824,2207 1824,2199 1828,2195 1828,2187 1830,2185 1831,2185 1832,2184 1832,2179 1834,2177 1845,2177 1846,2178 1847,2178 1847,2179 1847,2222 1848,2222 1873,2222 1873,2222 1873,2217 1875,2215 2004,2215 2005,2216 2005,2221 2006,2222 2009,2222 2010,2223 2209,2222 2210,2223 2395,2222 2395,2221 2395,2220 2397,2219 2409,2219 2410,2217 2410,2216 2412,2215 2417,2215 2417,2214 2417,2213 2420,2211 2436,2211 2437,2212 2526,2211 2526,2212 2526,2213 2529,2215 2819,2214 2822,2211 2823,2211 2823,2210 2823,2209 2826,2207 2837,2207 2839,2209 2839,2210 2840,2211 2845,2211 2846,2212 2846,2213 2848,2215 2849,2215 2850,2216 2850,2218 2851,2219 2902,2219 2902,2219 2903,2236 2903,2237 2904,2237 2906,2238 2906,2241 2906,2242 2991,2241 2992,2242 2992,2243 2993,2244 2993,2247 2990,2249 2989,2249 2989,2250 2989,2278 2987,2279 2986,2279 2985,2278 2985,2277 2983,2275 2982,2275 2981,2274 2847,2275 2846,2276 2846,2277 2844,2279 2843,2279 2842,2280 2842,2285 2841,2286 2836,2286 2835,2287 2835,2288 2833,2290 2830,2290 2830,2290 2830,2335 2829,2336 2813,2336 2813,2336 2813,2291 2812,2290 2684,2291 2684,2291 2684,2319 2683,2320 2682,2320 2682,2320 2680,2322 2680,2323 2679,2324 2663,2324 2662,2325 2662,2326 2660,2328 2659,2328 2658,2326 2658,2325 2656,2324 2652,2324 2651,2322 2651,2290 2650,2290 2433,2291 2433,2291 2433,2292 2431,2294 2407,2294 2407,2294 2407,2295 2404,2298 2335,2298 2335,2299 2335,2301 2334,2301 2332,2301 2331,2300 2331,2299 2330,2298 2329,2298 2328,2297 2129,2298 2129,2298 2129,2299 2127,2301 2110,2301 2110,2301 2110,2300 2108,2298 1967,2299 1967,2299 1967,2300 1966,2301 1964,2301 1963,2302 1962,2302 1961,2301 1701,2302 1700,2303 1700,2304 1699,2305 1552,2306 1551,2305 1540,2305 1539,2303 1539,2302 1538,2302 1393,2302 1392,2304 1392,2305 1391,2305 1337,2305 1336,2304 1271,2305 1271,2305 1271,2350 1271,2351"/><TextEquiv index="1"><Unicode>vous avoir mis dans cet état en vous pre-</Unicode></TextEquiv></TextLine><TextLine id="r0_l012"><Coords points="293,2520 293,2520 293,2518 292,2517 21,2518 21,2518 21,2513 20,2512 11,2512 10,2511 9,2465 10,2464 10,2347 10,2346 53,2346 56,2349 56,2350 56,2350 64,2350 69,2354 70,2354 70,2354 70,2369 71,2370 318,2369 318,2369 318,2370 321,2373 322,2373 322,2373 322,2388 323,2389 445,2388 446,2389 972,2387 972,2387 972,2359 973,2358 974,2358 976,2356 976,2356 976,2355 977,2354 997,2354 998,2352 998,2351 1000,2350 1344,2348 1345,2346 1352,2346 1359,2353 1359,2392 1360,2392 1922,2390 1922,2389 1922,2377 1923,2377 1924,2377 1926,2374 1926,2366 1928,2365 1929,2365 1929,2364 1929,2360 1930,2359 1930,2358 1931,2358 1932,2358 1933,2356 1933,2355 1934,2354 1935,2354 1936,2354 1937,2352 1937,2351 1939,2350 1940,2350 1941,2348 1941,2347 1942,2347 1943,2347 1945,2344 1945,2343 1945,2343 1977,2343 1978,2343 1978,2344 1981,2347 1982,2347 1982,2347 1982,2388 1983,2389 2433,2387 2433,2386 2433,2385 2435,2384 2439,2384 2441,2381 2441,2380 2442,2380 2455,2380 2455,2379 2455,2337 2456,2336 2456,2335 2456,2335 2461,2335 2463,2333 2463,2332 2464,2331 2467,2331 2468,2332 2472,2331 2474,2333 2474,2334 2474,2334 2475,2335 2476,2335 2478,2337 2830,2336 2831,2336 2831,2379 2832,2380 2853,2380 2853,2380 2853,2383 2854,2384 2887,2384 2887,2384 2887,2385 2891,2389 2891,2396 2892,2397 3228,2395 3229,2397 3229,2398 3231,2399 3232,2399 3233,2401 3233,2402 3232,2403 2904,2405 2903,2405 2904,2406 2908,2406 2912,2410 2913,2410 2913,2410 2913,2411 2914,2412 2914,2425 2915,2426 2995,2425 2996,2427 2996,2429 2996,2429 2995,2429 2992,2432 2992,2433 2992,2433 2900,2434 2897,2437 2836,2437 2835,2437 2835,2442 2834,2444 2833,2444 2832,2445 2831,2445 2831,2446 2830,2448 2825,2448 2824,2448 2824,2449 2822,2452 2821,2452 2820,2452 2820,2453 2819,2455 2803,2455 2801,2457 2801,2458 2800,2459 2658,2460 2658,2460 2658,2487 2652,2493 2633,2493 2632,2491 2632,2486 2631,2486 2630,2486 2629,2485 2628,2485 2628,2484 2628,2462 2627,2462 2280,2463 2276,2467 2140,2468 2138,2470 2132,2470 2132,2470 2132,2495 2130,2497 2129,2497 2129,2498 2129,2503 2127,2504 2115,2504 2114,2506 2114,2507 2112,2508 2111,2508 2110,2507 2109,2506 2109,2505 2108,2504 2095,2504 2095,2504 2095,2470 2094,2469 1554,2472 1554,2472 1554,2473 1552,2475 1551,2474 1521,2474 1520,2472 1520,2471 1518,2470 1119,2471 1118,2473 1118,2474 1117,2474 1108,2474 1107,2473 679,2475 679,2476 679,2477 677,2478 654,2478 653,2477 306,2479 306,2479 306,2519 305,2520"/><TextEquiv index="1"><Unicode>ſentant votre Louiſe avec ſi peu de pré-</Unicode></TextEquiv></TextLine><TextLine id="r0_l013"><Coords points="1256,2685 1255,2684 1255,2639 1255,2639 1157,2639 1156,2639 1156,2638 1155,2636 1014,2637 1013,2637 1013,2638 1013,2639 917,2639 916,2640 916,2675 915,2676 915,2677 915,2677 891,2677 889,2676 889,2675 888,2673 887,2673 885,2672 885,2643 885,2642 722,2643 720,2642 720,2641 719,2639 714,2639 713,2639 713,2638 712,2636 708,2636 707,2635 706,2635 705,2635 705,2634 705,2633 582,2634 581,2634 581,2642 581,2643 576,2643 573,2645 573,2646 573,2647 557,2647 555,2645 555,2643 555,2643 368,2644 367,2644 367,2645 366,2647 260,2647 258,2646 258,2645 257,2643 178,2644 177,2643 38,2643 37,2644 37,2687 37,2687 36,2687 35,2686 34,2686 33,2686 33,2674 33,2673 12,2673 10,2672 10,2570 11,2568 20,2568 21,2568 21,2519 21,2518 50,2518 51,2519 51,2560 51,2560 126,2560 127,2559 127,2542 127,2542 129,2542 131,2543 131,2544 131,2545 132,2545 134,2546 134,2547 135,2549 136,2549 138,2550 138,2563 138,2564 250,2563 251,2563 251,2562 251,2561 252,2561 254,2560 254,2559 255,2557 287,2557 288,2557 288,2525 289,2523 290,2523 292,2522 292,2521 292,2520 306,2520 307,2520 307,2521 308,2523 313,2523 314,2523 314,2529 314,2530 434,2529 435,2529 435,2528 435,2527 554,2527 555,2526 555,2520 556,2519 561,2519 562,2518 562,2517 564,2515 567,2515 568,2516 569,2516 570,2516 570,2517 571,2519 575,2519 577,2520 577,2524 579,2527 580,2527 581,2527 581,2530 581,2531 707,2530 713,2525 713,2524 713,2523 726,2523 727,2523 727,2522 729,2519 774,2519 777,2521 777,2522 777,2523 782,2523 784,2524 784,2529 784,2530 785,2530 788,2532 788,2566 788,2567 828,2567 829,2566 829,2565 830,2564 857,2564 858,2565 1060,2564 1062,2562 1062,2561 1062,2561 1174,2560 1175,2560 1175,2517 1176,2515 1191,2515 1193,2517 1193,2518 1194,2519 1195,2519 1197,2521 1197,2560 1197,2560 1384,2559 1390,2553 1398,2553 1400,2555 1400,2556 1400,2556 1401,2557 1402,2557 1404,2559 1404,2560 1404,2560 1408,2560 1409,2561 1410,2561 1411,2562 1411,2563 1412,2564 1617,2563 1618,2563 1618,2562 1618,2561 1619,2561 1620,2560 1735,2560 1736,2561 1799,2560 1803,2564 1928,2564 1930,2562 1930,2561 1931,2560 1996,2560 1997,2559 1997,2558 1998,2557 2009,2557 2010,2558 2022,2557 2023,2558 2023,2559 2024,2560 2168,2560 2170,2558 2170,2557 2170,2557 2238,2557 2239,2558 2409,2557 2410,2556 2410,2554 2411,2553 2439,2553 2440,2552 2440,2551 2444,2547 2444,2546 2444,2546 2695,2545 2696,2544 2696,2505 2697,2504 2698,2504 2701,2501 2719,2500 2720,2501 2843,2501 2847,2497 2855,2497 2857,2495 2857,2494 2858,2493 2863,2493 2865,2494 2865,2495 2866,2497 2882,2497 2884,2498 2884,2499 2884,2500 2889,2500 2891,2501 2891,2544 2891,2545 2903,2545 2904,2546 2905,2546 2906,2546 2906,2552 2906,2553 2912,2553 2914,2554 2914,2607 2912,2610 2911,2610 2910,2610 2910,2615 2909,2617 2908,2617 2906,2618 2906,2619 2906,2620 2905,2620 2902,2622 2902,2623 2902,2624 2881,2624 2880,2623 2880,2622 2879,2621 2823,2621 2822,2621 2822,2669 2822,2670 2807,2670 2806,2670 2806,2622 2806,2621 2678,2622 2676,2624 2426,2625 2425,2625 2425,2661 2425,2662 2408,2662 2407,2662 2407,2663 2405,2666 2383,2666 2379,2662 2378,2662 2377,2661 2377,2632 2377,2632 2167,2633 2166,2633 2166,2678 2166,2679 2156,2679 2155,2678 2155,2636 2155,2636 2092,2636 2091,2637 2091,2639 2091,2639 2090,2639 2087,2642 2087,2646 2086,2647 2085,2647 2084,2648 2084,2653 2083,2654 2082,2654 2080,2656 2080,2664 2074,2670 2057,2670 2056,2669 2055,2669 2053,2668 2053,2667 2053,2666 2052,2666 2050,2665 2050,2636 2050,2635 1924,2636 1922,2634 1922,2633 1921,2632 1792,2632 1791,2633 1791,2634 1789,2636 1782,2637 1781,2636 1548,2637 1546,2639 1544,2639 1543,2638 1543,2637 1542,2636 1538,2636 1537,2635 1518,2635 1414,2635 1411,2638 1411,2639 1411,2639 1390,2639 1389,2638 1266,2639 1265,2639 1265,2682 1263,2685"/><TextEquiv index="1"><Unicode>caution! Cependant vous voyez que c'eſt</Unicode></TextEquiv></TextLine><TextLine id="r0_l014"><Coords points="849,2856 848,2855 848,2853 848,2853 11,2856 10,2856 10,2735 11,2733 16,2733 18,2732 18,2731 18,2730 19,2730 20,2729 31,2729 33,2728 33,2727 34,2726 33,2687 34,2686 90,2686 92,2684 144,2684 146,2686 2534,2675 2536,2673 2541,2673 2542,2672 2542,2671 2544,2669 2563,2669 2565,2671 2823,2670 2823,2670 2823,2671 2824,2672 2825,2710 2825,2711 2886,2711 2887,2711 2887,2712 2888,2714 2892,2714 2895,2716 2895,2717 2895,2718 2900,2718 2902,2719 2902,2723 2906,2727 2906,2766 2906,2767 2908,2767 2910,2768 2910,2769 2908,2771 2907,2771 2906,2772 2906,2780 2904,2782 2903,2782 2903,2782 2903,2783 2900,2786 2899,2786 2899,2786 2899,2787 2896,2790 2888,2790 2887,2791 2887,2792 2886,2793 2628,2794 2628,2794 2628,2796 2627,2797 2625,2797 2625,2797 2625,2798 2624,2799 2624,2800 2623,2801 2621,2801 2621,2801 2621,2802 2621,2803 3100,2801 3101,2801 3101,2803 3100,2805 3099,2805 3098,2805 3098,2806 3097,2808 3096,2808 3095,2809 1525,2816 1524,2816 1524,2841 1524,2842 860,2845 859,2845 859,2855 859,2856"/><TextEquiv index="1"><Unicode>elle; c'eſt elle-même qui n'a été conſervée</Unicode></TextEquiv></TextLine><TextLine id="r0_l015"><Coords points="1629,3011 1629,3011 1629,2975 1628,2974 1396,2975 1396,2976 1396,2977 1395,2977 1393,2977 1392,2976 1392,2975 1391,2974 1323,2975 1322,2974 1073,2975 1073,2975 1073,2976 1072,2977 1071,2977 1070,2978 799,2979 797,2981 788,2981 788,2980 788,2975 785,2973 784,2973 784,2972 784,2956 782,2955 777,2955 777,2954 777,2953 776,2952 776,2948 774,2947 773,2947 773,2946 773,2941 771,2940 770,2940 769,2938 769,2933 767,2932 762,2932 761,2930 761,2924 760,2924 611,2925 611,2925 611,2972 609,2974 608,2974 607,2975 607,2976 606,2977 605,2977 604,2978 552,2978 551,2979 551,2980 550,2981 360,2982 360,2982 360,3005 357,3008 356,3008 356,3008 356,3009 354,3011 353,3011 352,3012 352,3013 350,3015 334,3015 333,3013 333,3012 331,3011 330,3011 330,3010 330,3009 329,3008 329,2978 328,2978 127,2979 127,2979 127,3006 125,3008 56,3008 55,3010 55,3011 54,3011 52,3011 51,3010 51,3009 50,3008 46,3008 45,3007 44,3007 44,3007 44,3001 43,3000 15,3000 14,2999 14,2982 13,2981 11,2981 10,2980 9,2923 10,2922 10,2863 11,2862 11,2857 12,2856 74,2856 74,2856 74,2894 75,2895 145,2895 146,2896 212,2895 215,2898 222,2898 223,2899 224,2899 224,2900 224,2901 226,2902 435,2901 435,2901 435,2900 436,2899 437,2899 438,2898 459,2898 460,2899 461,2899 461,2900 461,2901 463,2902 617,2902 622,2907 802,2906 802,2905 802,2904 805,2902 840,2902 840,2901 840,2859 841,2858 841,2857 842,2857 847,2857 848,2856 860,2856 861,2857 864,2857 869,2862 870,2861 870,2862 870,2902 871,2902 1054,2902 1054,2901 1054,2900 1057,2898 1204,2897 1204,2897 1204,2861 1205,2860 1205,2859 1207,2857 1212,2857 1212,2857 1212,2856 1215,2853 1223,2853 1223,2852 1223,2851 1225,2850 1227,2850 1227,2850 1227,2851 1235,2859 1235,2860 1236,2861 1313,2861 1314,2862 1314,2895 1315,2896 1689,2894 1689,2893 1689,2885 1692,2883 1693,2883 1693,2882 1693,2877 1695,2876 1696,2876 1697,2874 1697,2865 1698,2865 1699,2865 1701,2862 1701,2861 1702,2861 1703,2861 1704,2859 1704,2858 1706,2857 1707,2857 1708,2855 1708,2854 1709,2854 1710,2854 1712,2851 1712,2850 1713,2850 1718,2850 1719,2848 1719,2847 1721,2846 1733,2846 1738,2851 1738,2894 1739,2895 1914,2894 1915,2892 1915,2891 1916,2891 1921,2891 1922,2892 2128,2891 2128,2891 2128,2890 2131,2887 2279,2886 2279,2886 2279,2881 2280,2880 2281,2880 2282,2879 2282,2872 2283,2871 2283,2870 2284,2869 2285,2868 2286,2868 2286,2868 2286,2860 2302,2844 2302,2843 2303,2842 2316,2842 2316,2842 2316,2841 2319,2838 2320,2840 2320,2841 2321,2841 2322,2842 2323,2842 2324,2844 2324,2845 2326,2846 2327,2846 2328,2848 2328,2887 2329,2887 2462,2887 2463,2885 2463,2884 2464,2884 2465,2884 2466,2883 2468,2883 2469,2884 2476,2883 2485,2893 2485,2898 2486,2898 2643,2898 2643,2897 2643,2892 2645,2891 2646,2891 2647,2889 2647,2888 2649,2887 2654,2887 2654,2886 2654,2885 2657,2883 2700,2883 2700,2882 2700,2847 2701,2847 2702,2847 2704,2844 2704,2843 2705,2842 2710,2842 2711,2841 2711,2840 2713,2838 2718,2838 2718,2838 2718,2837 2720,2835 2722,2835 2722,2836 2722,2837 2726,2841 2726,2880 2727,2880 2902,2880 2902,2880 2902,2881 2904,2883 2908,2883 2910,2885 2910,2886 2911,2887 2912,2887 2914,2889 2914,2900 2913,2902 2912,2902 2910,2903 2910,2904 2909,2906 2903,2906 2902,2906 2902,2912 2901,2914 2900,2914 2899,2914 2899,2915 2898,2917 2898,2954 2897,2955 2888,2955 2888,2955 2888,2956 2885,2959 2712,2959 2711,2958 2652,2959 2651,2957 2651,2956 2649,2955 2490,2955 2489,2957 2489,2958 2487,2959 2358,2960 2356,2962 2148,2963 2147,2964 2147,2965 2146,2966 1990,2967 1989,2968 1989,2969 1988,2970 1889,2970 1888,2969 1671,2970 1671,2971 1671,2987 1668,2989 1667,2989 1667,2990 1667,2991 1664,2993 1663,2993 1663,2994 1663,2995 1661,2996 1660,2996 1659,2998 1659,2999 1657,3000 1652,3000 1652,3001 1652,3002 1645,3008 1641,3008 1640,3010 1640,3011 1639,3011"/><TextEquiv index="1"><Unicode>que pour vivre heureuſe avec ſom cher</Unicode></TextEquiv></TextLine><TextLine id="r0_l016"><Coords points="1273,3189 1273,3188 1272,3143 1272,3143 1192,3143 1189,3141 1189,3140 1189,3139 1056,3140 1053,3143 1045,3143 1043,3144 1043,3145 1043,3146 1042,3146 1041,3147 1035,3147 1034,3146 1033,3146 1032,3145 1032,3144 1031,3143 819,3144 818,3144 818,3148 817,3150 816,3150 815,3151 814,3151 814,3151 814,3152 812,3154 811,3154 810,3155 810,3156 808,3158 807,3158 807,3158 807,3159 805,3161 804,3161 803,3162 799,3162 799,3162 799,3163 797,3165 793,3165 792,3166 792,3167 790,3169 781,3169 780,3167 779,3147 779,3147 601,3148 599,3150 575,3150 574,3149 574,3148 573,3147 547,3147 546,3147 547,3156 545,3158 454,3158 454,3159 454,3178 453,3179 453,3180 452,3180 447,3180 446,3182 446,3183 444,3184 443,3184 442,3183 442,3182 440,3180 428,3180 427,3179 426,3147 426,3146 389,3147 388,3146 357,3146 249,3146 248,3147 246,3147 243,3145 243,3144 243,3143 178,3144 177,3143 137,3143 133,3139 98,3139 97,3138 97,3137 97,3137 95,3135 94,3135 93,3134 93,3102 93,3102 22,3102 21,3103 22,3164 20,3165 19,3165 18,3167 18,3179 16,3180 11,3180 10,3179 10,3156 11,3155 10,3092 12,3090 17,3090 18,3089 18,3088 20,3086 25,3086 25,3086 25,3043 27,3041 127,3041 127,3040 127,3027 128,3026 129,3026 130,3025 130,3024 132,3022 137,3022 138,3021 138,3020 139,3019 145,3019 146,3018 147,3019 148,3019 149,3019 149,3063 150,3064 177,3064 178,3065 257,3064 260,3067 408,3067 410,3065 418,3064 426,3056 434,3056 435,3055 435,3054 437,3052 524,3052 528,3047 528,3040 529,3039 529,3038 531,3037 532,3037 532,3036 532,3035 533,3034 534,3034 536,3032 536,3031 537,3030 542,3030 543,3029 543,3028 545,3026 560,3026 563,3028 563,3029 563,3030 564,3030 566,3031 566,3070 567,3071 602,3071 603,3072 700,3071 702,3074 702,3075 703,3075 704,3075 705,3077 705,3101 706,3101 840,3101 840,3100 840,3099 842,3098 843,3098 844,3097 912,3096 912,3096 912,3095 913,3094 914,3094 915,3093 915,3089 918,3086 919,3086 919,3086 919,3081 921,3079 922,3079 923,3078 923,3077 925,3075 930,3075 930,3075 930,3074 933,3071 937,3071 938,3070 938,3069 939,3068 940,3068 941,3067 957,3067 957,3067 957,3028 958,3026 959,3026 960,3026 960,3025 962,3022 963,3022 964,3022 964,3021 965,3019 974,3019 975,3020 975,3021 977,3023 978,3023 979,3024 979,3025 980,3026 981,3026 983,3028 983,3067 984,3067 1107,3066 1107,3066 1107,3065 1108,3064 1178,3064 1178,3064 1178,3062 1180,3060 1185,3060 1186,3059 1186,3054 1187,3053 1189,3053 1190,3055 1190,3056 1191,3056 1196,3056 1197,3058 1197,3064 1198,3064 1366,3063 1366,3063 1366,3028 1367,3026 1368,3026 1370,3025 1370,3024 1370,3023 1371,3023 1372,3022 1427,3022 1428,3023 1429,3023 1430,3024 1430,3064 1431,3064 1497,3064 1498,3065 1498,3066 1499,3067 1503,3067 1504,3068 1640,3067 1640,3067 1640,3066 1642,3064 1647,3064 1648,3066 1648,3067 1649,3067 1761,3067 1761,3066 1761,3026 1761,3026 1762,3026 1766,3022 1770,3022 1771,3021 1772,3020 1772,3015 1772,3015 1781,3015 1782,3015 1782,3016 1784,3018 1784,3019 1784,3020 1785,3020 1787,3021 1787,3060 1788,3060 2125,3059 2125,3059 2125,3050 2126,3049 2131,3049 2132,3047 2132,3046 2134,3045 2136,3045 2136,3045 2136,3054 2138,3056 2313,3055 2313,3055 2313,3054 2314,3053 2315,3053 2316,3052 2386,3052 2388,3054 2388,3055 2389,3056 2523,3055 2523,3055 2523,3054 2524,3053 2587,3053 2587,3053 2587,3013 2588,3011 2589,3011 2590,3010 2590,3009 2592,3007 2600,3007 2602,3005 2602,3004 2602,3004 2612,3004 2613,3004 2613,3049 2614,3050 2871,3049 2872,3047 2872,3042 2873,3042 2874,3042 2876,3039 2876,3035 2879,3033 2880,3033 2880,3032 2880,3027 2881,3026 2882,3026 2883,3025 2883,3013 2885,3011 2886,3011 2887,3010 2887,3009 2889,3007 2900,3007 2902,3008 2902,3009 2903,3011 2908,3011 2910,3012 2910,3051 2911,3052 2916,3052 2917,3053 2917,3055 2917,3056 2916,3056 2913,3058 2913,3059 2913,3060 2912,3060 2910,3061 2910,3114 2908,3117 2907,3117 2906,3117 2906,3118 2905,3120 2901,3120 2893,3128 2881,3128 2880,3128 2880,3129 2879,3131 2877,3131 2876,3130 2876,3129 2875,3128 2867,3128 2865,3126 2865,3125 2864,3124 2739,3124 2737,3126 2737,3127 2736,3128 2732,3128 2731,3127 2571,3128 2570,3129 2571,3174 2570,3174 2561,3174 2561,3174 2560,3129 2560,3128 2539,3128 2538,3129 2539,3149 2537,3150 2536,3150 2532,3154 2531,3154 2531,3155 2531,3159 2530,3160 2530,3161 2529,3161 2528,3161 2527,3162 2518,3162 2517,3161 2516,3161 2515,3160 2515,3159 2514,3158 2513,3158 2512,3157 2511,3128 2511,3127 2386,3128 2383,3131 2149,3132 2147,3133 2147,3134 2147,3135 2036,3135 2035,3136 2036,3149 2035,3150 2035,3153 2033,3154 2032,3154 2031,3156 2031,3157 2030,3157 2029,3157 2027,3160 2027,3165 2026,3165 2025,3165 2023,3168 2023,3169 2022,3169 2005,3170 2005,3170 2005,3171 2003,3173 2002,3173 2001,3171 2001,3169 2000,3169 1975,3169 1975,3168 1975,3167 1974,3166 1974,3158 1973,3158 1972,3158 1971,3156 1970,3135 1970,3135 1838,3135 1836,3137 1836,3138 1834,3140 1835,3185 1834,3185 1821,3185 1821,3185 1820,3140 1820,3139 1782,3140 1781,3139 1638,3139 1637,3140 1637,3141 1635,3143 1633,3142 1633,3141 1632,3139 1624,3139 1623,3138 1499,3139 1498,3139 1498,3140 1496,3143 1324,3144 1323,3143 1287,3143 1286,3143 1287,3188 1286,3189"/><TextEquiv index="1"><Unicode>hompſon, dont elle a long-tems pleuré</Unicode></TextEquiv></TextLine><TextLine id="r0_l017"><Coords points="546,3365 545,3364 504,3364 502,3363 502,3362 502,3361 501,3361 498,3359 498,3358 498,3357 497,3357 495,3356 495,3317 495,3316 416,3316 415,3315 348,3316 347,3315 346,3315 345,3314 345,3313 344,3312 197,3312 193,3308 192,3308 191,3308 191,3229 190,3228 67,3229 67,3230 67,3325 65,3327 61,3327 59,3326 59,3230 58,3229 48,3229 48,3229 48,3215 48,3214 92,3214 93,3213 93,3192 94,3191 101,3191 102,3192 103,3192 104,3192 104,3213 104,3214 434,3212 436,3210 689,3209 690,3209 690,3208 690,3207 691,3207 698,3201 698,3197 699,3195 704,3195 705,3195 705,3194 707,3191 729,3191 730,3192 1151,3190 1153,3188 1158,3188 1159,3189 1677,3187 1678,3186 1678,3185 1679,3184 1680,3184 1681,3183 1681,3182 1683,3180 1686,3182 1686,3183 1686,3184 1691,3184 1692,3185 2263,3182 2264,3182 2264,3178 2265,3176 2266,3176 2268,3175 2268,3174 2268,3173 2510,3172 2512,3171 2512,3170 2512,3169 2514,3169 2515,3170 2515,3171 2517,3173 2525,3173 2526,3174 2571,3174 2572,3175 2572,3176 2572,3176 2573,3176 2576,3179 2576,3218 2576,3218 2653,3218 2654,3219 2923,3218 2925,3219 2925,3220 2925,3221 2926,3221 2927,3221 2927,3222 2929,3224 2929,3225 2929,3226 2930,3226 2932,3227 2932,3231 2936,3235 2936,3240 2935,3240 2934,3240 2932,3243 2932,3244 2931,3245 2914,3245 2914,3245 2914,3279 2912,3282 2911,3282 2910,3282 2910,3287 2909,3289 2908,3289 2907,3289 2906,3290 2906,3291 2905,3293 2900,3293 2899,3293 2899,3294 2897,3297 2777,3297 2776,3298 2776,3342 2775,3343 2772,3343 2770,3342 2770,3298 2770,3297 2728,3297 2727,3296 2148,3299 2147,3300 2146,3300 2145,3301 2017,3301 2016,3302 2016,3303 2015,3305 1953,3305 1952,3305 1952,3337 1952,3338 1924,3338 1922,3336 1922,3311 1922,3311 1707,3312 1706,3311 1036,3314 1035,3315 1034,3315 1033,3316 954,3316 953,3317 953,3348 952,3349 563,3351 562,3351 562,3352 562,3353 555,3353 554,3353 554,3364 554,3365"/><TextEquiv index="1"><Unicode>mort, &amp; qui lui a coûté plus de dix ans</Unicode></TextEquiv></TextLine><TextLine id="r0_l018"><Coords points="697,3530 696,3530 696,3477 695,3476 678,3476 677,3477 676,3477 675,3479 675,3480 673,3481 668,3481 668,3482 668,3483 666,3484 665,3484 664,3485 600,3486 600,3486 600,3487 599,3488 597,3488 596,3486 596,3485 595,3485 491,3485 491,3486 491,3518 491,3518 486,3518 483,3521 483,3522 483,3522 459,3522 457,3521 457,3520 456,3519 456,3518 455,3518 453,3517 453,3486 452,3485 408,3486 407,3485 317,3485 316,3484 315,3484 314,3483 314,3482 314,3481 313,3481 244,3481 243,3480 243,3479 242,3478 241,3477 240,3477 239,3476 45,3477 44,3479 44,3480 42,3481 41,3481 41,3482 41,3483 39,3484 20,3484 19,3485 18,3485 18,3486 18,3491 16,3492 15,3492 14,3491 14,3487 10,3483 10,3389 11,3388 10,3359 12,3357 42,3357 43,3356 44,3356 44,3356 44,3355 46,3353 51,3353 51,3353 51,3352 54,3349 73,3349 74,3350 74,3351 76,3353 77,3353 78,3354 79,3397 79,3398 250,3397 251,3397 251,3392 251,3391 252,3391 254,3390 254,3389 255,3387 256,3387 258,3386 257,3381 258,3380 258,3378 272,3364 273,3364 273,3364 273,3363 276,3360 284,3360 285,3359 285,3358 286,3357 303,3357 303,3357 303,3358 306,3361 307,3361 307,3361 308,3404 308,3405 390,3405 391,3406 431,3405 432,3406 433,3406 435,3408 435,3409 435,3409 536,3409 537,3408 536,3373 539,3371 540,3371 540,3370 540,3369 542,3368 543,3368 543,3367 543,3366 545,3365 555,3365 555,3365 556,3408 556,3409 659,3408 662,3405 668,3405 669,3406 670,3406 671,3407 671,3408 672,3409 677,3409 679,3411 679,3413 679,3413 787,3413 788,3412 788,3384 789,3383 790,3383 791,3382 791,3381 792,3380 793,3380 794,3379 795,3379 795,3378 795,3373 797,3372 798,3372 799,3370 799,3369 801,3368 802,3368 803,3366 803,3361 804,3361 805,3361 807,3358 807,3357 808,3357 828,3357 829,3358 829,3359 830,3360 835,3360 837,3362 889,3361 889,3362 889,3363 890,3363 891,3364 892,3364 893,3366 894,3394 894,3394 898,3394 901,3397 901,3398 901,3398 914,3398 915,3399 915,3400 916,3401 916,3409 916,3409 1030,3409 1032,3407 1032,3406 1032,3406 1033,3406 1034,3405 1051,3405 1052,3404 1051,3361 1053,3360 1054,3360 1054,3359 1054,3358 1056,3357 1064,3357 1066,3354 1066,3353 1067,3353 1069,3353 1069,3353 1069,3354 1072,3357 1080,3357 1081,3358 1082,3402 1082,3403 1257,3402 1258,3401 1257,3365 1259,3364 1264,3364 1265,3362 1265,3361 1266,3361 1267,3361 1268,3360 1272,3360 1272,3359 1272,3358 1274,3357 1279,3357 1280,3358 1280,3363 1281,3364 1283,3364 1283,3364 1284,3402 1284,3403 1533,3402 1534,3403 1680,3402 1682,3403 1682,3404 1683,3406 1684,3406 1685,3406 1685,3407 1686,3408 1686,3419 1686,3420 1843,3419 1844,3419 1843,3359 1846,3356 1847,3356 1847,3356 1847,3355 1849,3353 1861,3353 1862,3352 1862,3351 1864,3349 1910,3349 1910,3349 1910,3350 1913,3353 1914,3353 1914,3353 1914,3354 1917,3357 1921,3357 1926,3362 1926,3363 1927,3364 1928,3364 1930,3366 1930,3370 1932,3372 1933,3372 1933,3372 1934,3393 1934,3394 2071,3393 2074,3390 2150,3390 2151,3389 2151,3388 2152,3387 2161,3387 2162,3388 2282,3387 2283,3387 2282,3345 2283,3344 2283,3343 2284,3342 2285,3342 2286,3341 2286,3340 2288,3338 2301,3338 2301,3339 2301,3344 2304,3346 2305,3346 2305,3347 2305,3367 2307,3368 2308,3368 2309,3370 2310,3383 2310,3383 2356,3383 2358,3385 2358,3386 2359,3387 2416,3387 2418,3388 2418,3389 2418,3390 2560,3389 2561,3389 2561,3388 2561,3387 2570,3387 2572,3389 2572,3390 2572,3390 2699,3390 2700,3389 2700,3388 2700,3388 2760,3387 2761,3387 2760,3351 2762,3349 2763,3349 2763,3349 2763,3344 2765,3342 2778,3342 2778,3343 2778,3352 2780,3353 2781,3353 2782,3355 2783,3390 2783,3390 2875,3390 2876,3389 2876,3388 2877,3387 2881,3387 2884,3384 2884,3383 2884,3383 2900,3383 2906,3388 2906,3408 2906,3409 2919,3409 2921,3410 2921,3419 2920,3420 2919,3420 2917,3422 2917,3464 2915,3466 2914,3466 2914,3466 2914,3474 2913,3475 2913,3476 2912,3477 2911,3477 2906,3482 2906,3483 2905,3484 2904,3484 2903,3485 2899,3485 2898,3486 2898,3487 2897,3488 2892,3488 2891,3489 2891,3490 2890,3492 2874,3492 2872,3490 2872,3466 2871,3466 2776,3466 2774,3464 2774,3463 2773,3462 2609,3463 2609,3463 2609,3464 2607,3466 2603,3466 2602,3464 2602,3463 2600,3462 2463,3463 2463,3463 2463,3464 2462,3465 2461,3465 2460,3466 2427,3466 2425,3463 2425,3462 2424,3462 2283,3462 2283,3463 2283,3464 2280,3466 2273,3466 2272,3465 2110,3466 2110,3467 2110,3483 2106,3487 2106,3495 2105,3496 2104,3496 2102,3498 2102,3499 2102,3499 2101,3499 2100,3500 2096,3500 2095,3501 2095,3502 2094,3503 2089,3503 2088,3504 2088,3505 2086,3507 2059,3507 2057,3506 2057,3505 2056,3503 2051,3503 2050,3503 2050,3498 2049,3496 2048,3496 2046,3495 2046,3473 2045,3472 1847,3473 1847,3473 1847,3432 1846,3431 1731,3432 1731,3432 1731,3463 1728,3466 1727,3466 1727,3466 1727,3467 1724,3470 1723,3470 1723,3470 1723,3471 1721,3473 1671,3473 1671,3474 1671,3475 1668,3477 1607,3477 1607,3478 1607,3479 1604,3481 1589,3481 1588,3480 1588,3479 1586,3477 1581,3477 1580,3476 1441,3477 1441,3478 1441,3524 1441,3524 1424,3524 1423,3524 1423,3478 1422,3477 1304,3478 1304,3478 1304,3525 1304,3526 1194,3526 1193,3526 1193,3478 1192,3477 1138,3477 1137,3479 1137,3480 1135,3481 1131,3481 1130,3480 1033,3481 1032,3479 1032,3478 1030,3477 916,3477 915,3479 915,3480 914,3480 913,3481 912,3481 912,3482 912,3483 910,3484 909,3484 908,3485 829,3486 827,3488 822,3488 822,3487 822,3486 820,3485 805,3485 804,3484 803,3484 803,3483 803,3482 801,3481 797,3481 792,3476 711,3476 711,3477 711,3530 711,3530"/><TextEquiv index="1"><Unicode>de ſoupirs &amp; de larmes. Regardez-moi;</Unicode></TextEquiv></TextLine><TextLine id="r0_l019"><Coords points="1735,3692 1735,3691 1735,3690 1734,3690 885,3693 885,3693 885,3654 884,3653 752,3654 751,3653 474,3654 473,3653 320,3654 318,3651 318,3650 317,3650 241,3650 239,3648 239,3640 237,3638 236,3638 236,3638 236,3633 234,3631 233,3631 232,3630 232,3625 231,3624 230,3624 228,3622 228,3618 226,3616 225,3616 225,3616 225,3615 224,3614 223,3606 220,3603 220,3602 220,3601 215,3601 213,3600 213,3595 212,3593 207,3593 206,3593 206,3592 205,3591 205,3560 205,3559 24,3560 22,3559 22,3558 21,3557 21,3555 22,3554 22,3553 23,3552 641,3550 641,3549 641,3531 642,3530 643,3530 644,3529 648,3529 649,3528 649,3527 650,3526 2504,3518 2504,3518 2504,3517 2510,3511 2526,3511 2527,3513 2527,3514 2528,3514 2529,3514 2530,3516 2530,3517 2531,3518 2531,3553 2532,3553 2834,3552 2834,3552 2834,3553 2837,3556 2838,3556 2838,3556 2838,3557 2840,3559 2915,3559 2916,3560 2917,3560 2917,3560 2917,3565 2919,3567 2920,3567 2921,3568 2921,3582 2922,3583 3014,3582 3015,3584 3015,3590 3016,3590 3060,3590 3060,3590 3060,3596 3060,3597 3053,3597 3052,3597 3053,3663 3051,3665 3049,3665 3049,3665 3049,3667 3047,3669 2110,3673 2110,3674 2110,3675 2108,3676 1941,3677 1941,3677 1941,3678 1939,3680 1752,3681 1752,3681 1752,3691 1751,3692"/><TextEquiv index="1"><Unicode>vous dis la vérité; &amp; apuyant douce-</Unicode></TextEquiv></TextLine><TextLine id="r0_l020"><Coords points="1086,3853 1086,3852 1085,3836 1085,3836 14,3840 14,3841 14,3853 13,3853 10,3853 10,3853 9,3840 10,3839 10,3731 12,3729 13,3729 14,3728 40,3728 40,3728 40,3719 41,3717 65,3717 66,3717 66,3701 68,3698 73,3698 74,3697 74,3695 74,3695 76,3695 77,3694 78,3694 79,3695 80,3695 81,3696 1165,3691 1166,3692 1383,3691 1385,3693 1752,3692 1753,3692 1753,3693 1753,3694 1754,3694 1757,3696 1757,3720 1757,3721 1774,3721 1776,3722 1776,3723 1777,3724 2402,3721 2403,3722 2687,3721 2688,3722 2856,3721 2857,3722 2857,3723 2859,3725 2860,3725 2861,3726 2861,3727 2862,3728 2896,3728 2897,3729 2898,3729 2899,3730 2899,3731 2900,3732 2901,3732 2902,3733 2902,3742 2903,3743 2915,3743 2916,3744 2917,3744 2917,3744 2917,3745 2919,3747 2920,3747 2921,3748 2921,3757 2922,3758 2923,3758 2924,3759 3044,3758 3045,3760 3045,3762 3045,3762 3044,3762 3041,3765 3041,3766 3041,3766 2930,3767 2929,3767 2929,3810 2928,3812 2926,3812 2925,3812 2925,3813 2924,3815 1502,3821 1501,3821 1501,3832 1500,3834 1107,3835 1106,3836 1107,3852 1106,3852"/><TextEquiv index="1"><Unicode>ment ſes levres ſur les miennes: ne recon-</Unicode></TextEquiv></TextLine><TextLine id="r0_l021"><Coords points="2716,4015 2715,4015 2715,4014 2715,4013 2314,4015 2313,4015 2313,4008 2313,4007 1736,4010 1734,4008 1734,4007 1734,4007 1726,4007 1725,4006 1724,4006 1723,4005 1723,4004 1723,4004 933,4007 932,4006 42,4010 40,4009 40,4005 42,4003 44,4003 44,4003 44,3941 48,3937 48,3933 49,3931 92,3931 93,3930 93,3921 94,3920 95,3920 97,3918 97,3913 97,3913 98,3913 100,3911 100,3907 101,3906 101,3905 101,3905 102,3905 106,3901 110,3901 112,3899 112,3898 112,3898 117,3898 119,3896 119,3895 120,3894 182,3894 183,3893 183,3862 184,3860 185,3860 186,3860 185,3859 11,3860 10,3859 10,3854 10,3853 260,3852 263,3849 317,3849 318,3850 1473,3845 1475,3846 1475,3847 1476,3849 1488,3849 1490,3851 2731,3845 2733,3847 2733,3886 2733,3886 2847,3886 2855,3894 2908,3894 2910,3895 2910,3896 2911,3898 2912,3898 2914,3899 2914,3912 2914,3913 2923,3913 2925,3914 2925,3941 2924,3942 2923,3942 2922,3943 2918,3943 2917,3944 2917,3945 2916,3946 2915,3946 2914,3947 2895,3947 2895,3947 2895,3948 2894,3950 2862,3950 2861,3950 2861,3956 2860,3958 2859,3958 2857,3959 2857,3960 2857,3961 2856,3961 2855,3962 2851,3962 2850,3962 2850,3963 2849,3965 2844,3965 2842,3966 2842,3967 2841,3969 2733,3969 2732,3970 2732,4015 2732,4015"/><TextEquiv index="1"><Unicode>oiſſez-vous point Eſtampe dans votre che-</Unicode></TextEquiv></TextLine><TextLine id="r0_l022"><Coords points="766,4185 765,4184 765,4143 764,4143 716,4143 716,4144 716,4145 715,4145 714,4145 713,4146 703,4146 701,4144 701,4143 700,4142 699,4142 698,4141 432,4142 431,4141 101,4143 101,4143 101,4166 99,4168 98,4168 97,4169 97,4169 97,4170 95,4172 74,4172 74,4172 74,4186 74,4187 72,4187 70,4185 70,4184 68,4183 67,4183 66,4182 66,4173 65,4172 56,4172 55,4171 55,4170 53,4168 52,4168 51,4167 51,4162 50,4161 38,4161 36,4159 36,4158 35,4157 34,4157 33,4156 33,4154 33,4153 39,4153 40,4153 39,4034 39,4033 31,4033 29,4032 29,4031 31,4029 32,4029 32,4029 33,4028 33,4027 35,4025 213,4024 213,4024 213,4020 215,4018 238,4018 240,4016 240,4015 241,4014 254,4014 254,4015 254,4016 257,4018 261,4018 262,4020 262,4021 263,4021 264,4021 266,4024 266,4063 267,4063 487,4062 487,4062 487,4028 491,4024 491,4020 493,4018 705,4017 705,4017 705,4016 707,4014 708,4014 709,4013 709,4012 711,4010 719,4010 720,4011 880,4010 882,4013 882,4014 883,4014 1084,4014 1084,4014 1084,4015 1087,4018 1306,4017 1306,4016 1306,4015 1308,4014 1324,4014 1325,4015 1331,4014 1336,4020 1336,4059 1337,4059 1414,4059 1415,4060 1610,4059 1610,4060 1610,4061 1613,4063 1696,4063 1697,4064 2019,4062 2022,4059 2069,4059 2069,4059 2069,4027 2075,4021 2076,4021 2076,4021 2076,4020 2078,4018 2086,4018 2087,4017 2087,4016 2089,4014 2090,4014 2091,4016 2091,4017 2093,4018 2313,4017 2313,4017 2313,4016 2314,4015 2328,4015 2328,4016 2328,4018 2329,4018 2451,4018 2452,4019 2478,4018 2478,4019 2478,4063 2479,4063 2714,4062 2714,4062 2714,4017 2716,4015 2733,4015 2733,4016 2733,4052 2734,4052 2894,4052 2895,4053 2895,4054 2896,4055 2901,4055 2902,4056 2902,4057 2904,4059 2905,4059 2906,4060 2999,4059 3000,4061 3000,4062 3002,4063 3022,4063 3023,4064 3023,4068 3022,4069 3022,4070 3021,4070 2910,4071 2910,4071 2910,4080 2910,4081 2914,4081 2915,4082 2916,4082 2917,4082 2917,4088 2916,4089 2915,4089 2914,4090 2914,4119 2914,4120 3066,4119 3067,4119 3067,4122 3066,4123 3065,4123 3061,4127 2914,4128 2914,4128 2914,4139 2911,4142 2910,4142 2910,4142 2910,4143 2904,4149 2900,4149 2898,4151 2898,4152 2897,4153 2896,4153 2894,4155 2894,4156 2893,4157 2888,4157 2887,4158 2887,4159 2886,4160 2885,4160 2883,4162 2883,4163 2882,4164 2869,4164 2869,4163 2869,4162 2868,4161 2868,4138 2867,4138 2787,4138 2786,4137 2786,4136 2784,4134 2527,4135 2527,4136 2527,4137 2525,4138 2479,4138 2478,4137 2102,4139 2102,4140 2102,4141 2100,4142 1944,4143 1944,4143 1944,4171 1943,4172 1938,4172 1937,4173 1937,4174 1936,4175 1935,4175 1934,4176 1924,4176 1923,4175 1922,4175 1922,4174 1922,4173 1920,4172 1916,4172 1914,4169 1914,4153 1913,4153 1859,4153 1858,4152 1858,4143 1857,4142 1856,4142 1854,4140 1854,4139 1853,4138 1788,4139 1787,4138 1577,4138 1576,4137 1359,4138 1359,4139 1359,4140 1356,4142 1349,4142 1344,4137 1073,4139 976,4139 973,4142 776,4143 776,4143 776,4184 776,4185"/><TextEquiv index="1"><Unicode>e Louiſe! Ce baiſer me rapella à la vie;</Unicode></TextEquiv></TextLine><TextLine id="r0_l023"><Coords points="1929,4355 1929,4354 1929,4347 1928,4347 413,4354 413,4353 413,4344 412,4344 170,4345 169,4344 168,4344 168,4343 168,4342 162,4337 161,4337 161,4336 161,4333 160,4333 37,4333 36,4332 36,4331 35,4330 34,4330 33,4329 33,4327 33,4326 40,4326 41,4326 40,4192 42,4190 447,4188 448,4187 456,4187 457,4186 457,4185 459,4183 1383,4179 1385,4181 1385,4182 1387,4183 2470,4179 2471,4180 2480,4179 2481,4180 2732,4179 2733,4181 2733,4182 2734,4182 2735,4183 2736,4183 2737,4185 2737,4186 2738,4186 2739,4187 2740,4187 2741,4189 2741,4190 2742,4190 2860,4190 2861,4191 2861,4230 2863,4232 2909,4232 2910,4233 2910,4234 2911,4235 2912,4235 2914,4237 2914,4249 2916,4251 2928,4251 2928,4251 2928,4252 2929,4253 2929,4254 2930,4255 2931,4255 2932,4256 2932,4269 2932,4270 2931,4270 2929,4271 2929,4275 2928,4277 2927,4277 2925,4278 2925,4279 2924,4281 2876,4281 2875,4281 2876,4298 2874,4300 2869,4300 2868,4301 2868,4302 2867,4303 2583,4304 2583,4305 2583,4306 2581,4307 2102,4309 2102,4310 2102,4344 2100,4345 1941,4346 1941,4346 1941,4354 1940,4355"/><TextEquiv index="1"><Unicode>ependant il me reſtoit une eſpece d'inſen-</Unicode></TextEquiv></TextLine><TextLine id="r0_l024"><Coords points="1543,4524 1542,4523 1542,4477 1542,4477 1533,4477 1530,4480 1515,4480 1512,4477 1512,4476 1512,4476 1368,4476 1367,4475 1304,4476 1302,4474 1302,4473 1301,4472 1117,4472 1115,4474 1115,4475 1114,4476 1112,4476 1111,4475 917,4476 916,4475 639,4477 638,4477 638,4478 637,4480 557,4480 555,4478 555,4477 554,4476 553,4476 551,4474 551,4473 551,4473 425,4473 423,4475 423,4476 423,4476 418,4476 416,4478 416,4479 415,4480 409,4481 408,4480 339,4480 337,4478 337,4477 336,4476 204,4476 203,4475 121,4476 119,4474 119,4473 118,4472 113,4472 112,4472 112,4485 111,4487 110,4487 109,4488 41,4488 40,4489 40,4491 40,4491 38,4491 37,4492 37,4494 36,4495 34,4495 33,4495 33,4493 32,4491 30,4491 29,4491 29,4387 28,4386 15,4386 14,4385 14,4384 13,4383 12,4382 11,4382 10,4381 10,4380 11,4378 16,4378 18,4377 18,4372 18,4371 107,4371 108,4370 108,4356 108,4356 109,4356 113,4352 121,4352 123,4350 123,4349 124,4348 125,4348 127,4349 127,4350 131,4354 131,4356 131,4357 411,4356 412,4355 412,4354 412,4354 415,4353 416,4354 416,4355 417,4356 422,4356 423,4357 423,4360 423,4360 548,4360 549,4359 550,4359 551,4358 551,4357 552,4356 553,4356 555,4354 555,4353 556,4352 561,4352 562,4351 562,4350 564,4348 575,4348 578,4350 578,4351 578,4352 583,4352 585,4353 585,4354 586,4356 591,4356 592,4356 592,4357 593,4358 593,4362 593,4363 598,4363 600,4364 600,4389 600,4390 645,4389 646,4390 647,4390 648,4391 649,4392 649,4393 649,4393 658,4393 660,4395 660,4397 660,4397 791,4397 792,4396 792,4356 792,4356 793,4356 795,4354 795,4353 796,4352 805,4352 806,4351 806,4350 808,4348 812,4348 814,4349 814,4350 814,4351 945,4350 946,4351 949,4351 950,4352 951,4352 953,4354 953,4386 953,4386 989,4386 990,4386 990,4387 991,4388 991,4396 991,4397 1067,4397 1068,4398 1323,4397 1324,4398 1526,4397 1527,4398 1661,4397 1663,4396 1663,4395 1664,4393 1665,4393 1666,4393 1666,4392 1667,4390 1669,4390 1671,4392 1671,4393 1671,4393 1672,4393 1674,4395 1674,4400 1675,4401 1680,4401 1681,4402 1925,4401 1926,4400 1926,4356 1926,4356 1927,4356 1928,4355 1941,4355 1942,4356 1943,4356 1944,4356 1944,4357 1946,4360 1947,4360 1948,4360 1948,4400 1948,4401 2041,4400 2042,4400 2042,4399 2043,4397 2319,4396 2320,4396 2320,4392 2322,4389 2323,4389 2324,4389 2324,4384 2325,4382 2326,4382 2328,4381 2328,4372 2328,4371 2329,4371 2331,4370 2331,4366 2333,4363 2334,4363 2335,4363 2335,4362 2344,4352 2348,4352 2350,4351 2350,4350 2351,4348 2363,4348 2365,4349 2365,4350 2366,4352 2525,4351 2528,4348 2531,4351 2531,4352 2531,4352 2630,4352 2632,4353 2632,4354 2633,4356 2634,4356 2636,4357 2636,4385 2636,4386 2671,4386 2677,4391 2677,4395 2677,4396 2678,4397 2682,4397 2683,4398 2825,4397 2829,4393 2927,4393 2928,4392 2928,4378 2929,4377 2929,4376 2929,4376 2930,4376 2932,4374 2932,4373 2933,4372 2935,4371 2936,4372 2936,4381 2934,4383 2933,4383 2933,4383 2933,4405 2932,4406 2932,4408 2932,4409 2931,4409 2929,4410 2929,4474 2928,4476 2923,4476 2921,4474 2921,4473 2921,4473 2920,4473 2919,4472 2674,4473 2673,4473 2673,4474 2672,4476 2668,4476 2664,4472 2460,4473 2459,4473 2459,4474 2458,4476 2442,4476 2440,4474 2440,4473 2439,4472 2209,4473 2207,4474 2207,4475 2207,4476 2202,4476 2200,4477 2200,4478 2199,4480 2195,4480 2192,4477 2192,4476 2192,4476 2044,4476 2043,4475 1833,4476 1832,4477 1832,4509 1831,4510 1830,4510 1828,4512 1828,4513 1828,4513 1827,4513 1826,4514 1812,4514 1809,4512 1809,4511 1809,4510 1808,4510 1806,4509 1806,4508 1805,4507 1805,4481 1805,4480 1783,4481 1778,4476 1551,4477 1550,4477 1550,4523 1550,4524"/><TextEquiv index="1"><Unicode>bilité &amp; d'étonnement qui me faiſoit re-</Unicode></TextEquiv></TextLine><TextLine id="r0_l025"><Coords points="1563,4691 1562,4691 1562,4652 1562,4651 378,4657 377,4657 377,4690 377,4691 369,4691 368,4690 368,4685 368,4685 113,4686 112,4685 112,4660 112,4660 53,4660 52,4660 52,4657 53,4656 112,4656 112,4655 112,4643 109,4641 105,4641 104,4639 104,4638 103,4638 99,4638 98,4637 97,4637 97,4636 97,4631 95,4630 94,4630 93,4628 93,4627 92,4627 84,4627 83,4626 82,4626 82,4625 82,4540 81,4540 78,4540 78,4539 78,4536 78,4536 80,4536 81,4535 81,4534 82,4533 82,4532 82,4532 261,4531 262,4531 261,4527 262,4526 263,4526 268,4521 1143,4517 1145,4520 1145,4521 1146,4521 1147,4521 1148,4523 1148,4525 1149,4525 2384,4520 2384,4519 2384,4518 2386,4517 2387,4517 2388,4515 2388,4514 2389,4514 2390,4514 2391,4513 2416,4513 2418,4515 2418,4516 2419,4517 2420,4517 2422,4519 2852,4517 2854,4519 2854,4520 2855,4521 2856,4521 2858,4522 2858,4540 2858,4541 2961,4540 2962,4541 2962,4542 2964,4544 2965,4544 2966,4545 2966,4547 2965,4547 2964,4547 2963,4548 2962,4548 2962,4549 2962,4581 2961,4581 2952,4581 2951,4583 2951,4585 2950,4585 2929,4586 2929,4586 2929,4613 2927,4615 2926,4615 2925,4616 2925,4620 2917,4628 2917,4632 2915,4634 2914,4634 2914,4634 2914,4635 2912,4638 2911,4638 2910,4638 2910,4639 2909,4641 2908,4641 2906,4642 2906,4643 2905,4645 2702,4646 2699,4649 2524,4649 2523,4650 2523,4663 2522,4664 2517,4664 2516,4665 2516,4666 2514,4668 2509,4668 2508,4669 2508,4670 2507,4671 1577,4675 1576,4676 1576,4691 1576,4691"/><TextEquiv index="1"><Unicode>arder autour de moi, comme ſi j'avois</Unicode></TextEquiv></TextLine><TextLine id="r0_l026"><Coords points="2110,4857 2110,4857 2110,4815 2109,4814 1411,4817 1411,4818 1411,4858 1410,4858 1389,4858 1389,4858 1389,4854 1388,4853 536,4857 536,4856 536,4854 535,4854 17,4856 16,4855 15,4855 11,4851 10,4851 10,4851 10,4831 11,4829 12,4829 14,4828 14,4827 15,4825 25,4825 26,4825 25,4692 27,4690 488,4688 490,4686 505,4686 506,4688 506,4691 507,4691 2368,4683 2369,4682 2382,4682 2385,4685 2752,4683 2752,4684 2752,4685 2754,4686 2770,4686 2771,4688 2771,4705 2772,4705 2902,4705 2902,4705 2902,4706 2906,4710 2906,4739 2907,4740 2936,4739 2936,4740 2936,4742 2935,4744 2934,4744 2933,4744 2933,4745 2932,4747 2929,4747 2928,4747 2929,4778 2927,4780 2926,4780 2925,4781 2925,4782 2923,4784 2914,4784 2914,4784 2914,4801 2912,4803 2858,4803 2857,4804 2857,4805 2856,4806 2855,4806 2854,4807 2854,4808 2852,4810 2229,4813 2228,4814 2121,4814 2121,4815 2121,4857 2120,4857"/><TextEquiv index="1"><Unicode>outé de ma propre exiſtence. Enfin la ſer-</Unicode></TextEquiv></TextLine><TextLine id="r0_l027"><Coords points="1967,5027 1966,5026 1835,5026 1833,5024 1340,5026 1340,5026 1341,5024 1342,5024 1343,5024 1342,5023 1094,5025 1094,5024 1094,4988 1093,4988 169,4992 169,4992 169,5027 168,5028 152,5028 152,5027 152,5024 151,5024 44,5024 44,5024 44,5022 43,5021 30,5021 29,5020 29,5014 28,5013 26,5013 25,5012 25,5011 26,5009 28,5009 29,5009 29,5007 30,5005 74,5005 75,5004 74,4954 76,4953 77,4953 78,4951 78,4912 79,4912 80,4912 86,4905 86,4904 87,4904 89,4904 89,4903 89,4863 89,4863 91,4863 93,4861 93,4860 94,4859 366,4858 367,4857 367,4856 368,4855 977,4852 978,4851 983,4851 984,4852 985,4852 987,4854 987,4858 987,4858 1981,4854 1983,4852 1984,4852 1985,4851 1994,4851 1995,4852 2035,4851 2036,4852 2037,4852 2038,4853 2038,4854 2038,4854 2039,4855 2040,4855 2042,4857 2120,4857 2122,4859 2127,4859 2128,4860 2364,4859 2365,4859 2365,4887 2366,4888 2954,4885 2955,4887 2955,4892 2954,4893 2934,4894 2933,4894 2933,4920 2932,4921 2932,4922 2930,4925 2929,4925 2927,4927 2926,4927 2925,4927 2925,4970 2924,4972 2923,4972 2921,4973 2921,4974 2921,4975 2920,4975 2919,4976 2861,4976 2860,4976 2861,5022 2860,5023"/><TextEquiv index="1"><Unicode>ant dans mes bras, je la preſſai contre mon</Unicode></TextEquiv></TextLine><TextLine id="r0_l028"><Coords points="567,5196 566,5195 566,5181 566,5181 320,5182 318,5180 318,5152 318,5152 233,5152 232,5152 232,5149 232,5148 214,5148 213,5147 151,5148 149,5146 149,5141 149,5141 57,5141 55,5140 55,5139 57,5137 62,5137 63,5136 63,5131 64,5130 149,5130 149,5129 149,5029 150,5028 475,5026 477,5024 486,5024 487,5024 487,5023 488,5021 489,5021 490,5020 510,5020 511,5021 750,5020 751,5021 752,5021 755,5024 789,5024 791,5026 1105,5024 1106,5025 2698,5019 2699,5018 2702,5018 2703,5018 2703,5023 2703,5024 2860,5023 2861,5023 2861,5026 2862,5028 2863,5028 2865,5029 2865,5068 2865,5069 2919,5069 2921,5070 2921,5071 2922,5072 2922,5073 2923,5073 2925,5074 2925,5083 2925,5084 2928,5084 2929,5085 2930,5085 2932,5086 2932,5111 2933,5112 2933,5113 2932,5115 2915,5115 2914,5115 2914,5184 2914,5185 2903,5185 2902,5184 2902,5178 2902,5178 1472,5184 1471,5184 1471,5189 1471,5190 586,5194 585,5194 585,5195 585,5196"/><TextEquiv index="1"><Unicode>in, &amp; j'imprimai ſur ſes joues des bai-</Unicode></TextEquiv></TextLine><TextLine id="r0_l029"><Coords points="1670,5359 1669,5358 1418,5359 1417,5359 1417,5347 1417,5346 369,5351 367,5349 367,5348 366,5347 365,5347 363,5345 363,5335 363,5335 87,5336 85,5334 85,5332 85,5332 19,5332 18,5332 18,5331 16,5329 15,5329 14,5328 14,5322 13,5321 11,5321 10,5320 10,5315 10,5314 62,5314 63,5314 63,5232 63,5231 314,5230 315,5229 314,5202 316,5201 439,5200 439,5200 439,5198 440,5197 441,5197 445,5193 897,5191 898,5190 899,5190 901,5188 901,5187 902,5186 911,5186 913,5188 1377,5186 1378,5187 1602,5186 1603,5188 1603,5189 1604,5189 2428,5186 2429,5187 2914,5185 2914,5185 2914,5188 2915,5189 2919,5189 2920,5190 2921,5190 2921,5190 2921,5192 2921,5193 2920,5193 2919,5194 2917,5194 2916,5194 2917,5267 2916,5268 2915,5268 2914,5269 2914,5296 2911,5299 2910,5299 2910,5299 2910,5300 2908,5302 2907,5302 2906,5303 2906,5304 2904,5306 2903,5306 2902,5307 2902,5307 2902,5308 2900,5310 2802,5310 2801,5312 2801,5313 2800,5313 2241,5316 2240,5317 2239,5317 2238,5318 2163,5318 2162,5319 2162,5320 2161,5321 1676,5323 1676,5324 1676,5359 1676,5359"/><TextEquiv index="1"><Unicode>ers pleins d'attendriſſement &amp; d'amour.</Unicode></TextEquiv></TextLine><TextLine id="r0_l030"><Coords points="2479,5525 2479,5525 2479,5512 2478,5512 2051,5513 2050,5512 1893,5513 1892,5512 1892,5511 1890,5509 1885,5509 1885,5509 1885,5508 1884,5507 1884,5499 1883,5498 1803,5498 1802,5497 1802,5485 1801,5484 142,5492 142,5492 142,5529 141,5530 127,5530 127,5529 127,5524 126,5524 30,5524 29,5523 29,5510 29,5509 40,5509 41,5509 40,5357 42,5355 43,5355 44,5354 44,5353 46,5351 47,5351 48,5353 48,5356 49,5356 1166,5351 1167,5353 1167,5354 1169,5355 1174,5355 1175,5357 1175,5360 1176,5360 1516,5359 1517,5360 1685,5359 1686,5360 1798,5359 1798,5360 1798,5361 1800,5362 1898,5362 1900,5365 1900,5366 1901,5366 1906,5366 1907,5367 1907,5384 1908,5385 2901,5381 2903,5383 2903,5384 2904,5385 2905,5385 2906,5386 2906,5387 2907,5388 2908,5388 2910,5390 2910,5391 2911,5392 2923,5392 2927,5396 2929,5396 2930,5397 2931,5397 2932,5398 2932,5407 2931,5408 2932,5467 2930,5469 2929,5469 2927,5471 2926,5471 2925,5472 2925,5473 2923,5475 2655,5476 2652,5479 2492,5479 2492,5480 2492,5525 2491,5525"/><TextEquiv index="1"><Unicode>ille charmante! m'écriai-je, ce moment</Unicode></TextEquiv></TextLine><TextLine id="r0_l031"><Coords points="53,5697 53,5697 52,5664 52,5663 42,5663 40,5662 40,5544 39,5543 30,5543 29,5542 29,5540 29,5539 31,5539 33,5538 33,5536 33,5535 58,5535 59,5535 59,5533 60,5531 125,5531 126,5530 1406,5524 1407,5525 1407,5526 1407,5526 1954,5524 1956,5525 1956,5526 1957,5528 2492,5525 2493,5526 2493,5527 2494,5528 2495,5528 2497,5530 2497,5536 2497,5536 2904,5535 2906,5536 2906,5537 2907,5539 2908,5539 2910,5540 2910,5557 2911,5558 2920,5558 2925,5563 2925,5564 2926,5565 2929,5565 2930,5566 2931,5566 2933,5568 2933,5569 2934,5570 2935,5570 2936,5571 2936,5632 2935,5634 2934,5634 2932,5635 2932,5636 2931,5638 2926,5638 2924,5640 2916,5640 2913,5642 2913,5643 2913,5644 2802,5644 2801,5645 2801,5651 2800,5652 2358,5654 2357,5655 2358,5673 2358,5673 3047,5670 3049,5672 3049,5673 3047,5674 3046,5674 3046,5675 3045,5676 3045,5677 3043,5678 2356,5681 2355,5682 2325,5682 2324,5681 2324,5669 2323,5668 1796,5670 1794,5669 1794,5668 1794,5667 1793,5667 1791,5666 1791,5663 1791,5663 187,5670 186,5670 187,5680 183,5684 183,5685 182,5686 59,5686 59,5687 59,5696 57,5697"/><TextEquiv index="1"><Unicode>épare tous mes malheurs, &amp; me paie avec</Unicode></TextEquiv></TextLine><TextLine id="r0_l032"><Coords points="13,5881 10,5879 10,5729 11,5727 41,5727 42,5726 47,5726 48,5726 48,5717 49,5715 50,5715 51,5715 51,5699 52,5697 158,5697 160,5695 160,5694 161,5693 163,5693 164,5693 164,5694 166,5696 173,5704 174,5704 175,5704 175,5738 175,5739 343,5738 344,5738 344,5739 345,5741 479,5740 481,5738 497,5738 498,5738 498,5696 499,5695 499,5694 499,5693 500,5693 503,5691 503,5690 503,5689 519,5689 521,5691 521,5692 522,5693 523,5693 525,5695 525,5734 525,5734 587,5734 588,5735 842,5734 843,5735 1196,5733 1197,5733 1197,5717 1198,5715 1199,5715 1201,5714 1201,5713 1201,5712 1206,5712 1209,5710 1209,5709 1209,5708 1210,5708 1212,5707 1212,5699 1213,5697 1217,5697 1220,5694 1220,5693 1220,5693 1229,5693 1231,5691 1231,5690 1232,5689 1240,5689 1243,5691 1243,5692 1243,5693 1244,5693 1246,5694 1246,5695 1246,5696 1247,5696 1250,5698 1250,5699 1250,5700 1251,5700 1254,5702 1254,5733 1254,5734 1278,5734 1279,5735 1548,5734 1551,5736 1551,5737 1551,5738 1554,5738 1555,5739 1808,5737 1809,5737 1809,5695 1810,5693 1815,5693 1817,5692 1817,5691 1818,5689 1834,5689 1835,5690 1835,5691 1836,5692 1836,5700 1836,5700 1837,5700 1839,5702 1839,5734 1839,5734 1864,5734 1865,5735 1865,5736 1867,5738 1999,5738 2001,5739 2001,5740 2002,5742 2003,5742 2004,5742 2005,5743 2005,5744 2005,5745 2006,5745 2008,5746 2008,5747 2009,5749 2143,5748 2144,5747 2144,5746 2145,5745 2146,5745 2147,5744 2147,5743 2148,5742 2216,5742 2219,5739 2219,5738 2219,5738 2259,5737 2260,5737 2260,5736 2261,5734 2454,5734 2455,5733 2455,5732 2457,5730 2461,5730 2463,5728 2463,5727 2463,5727 2465,5727 2467,5728 2467,5729 2467,5730 2468,5730 2470,5731 2470,5734 2470,5735 2702,5734 2705,5731 2818,5730 2820,5729 2820,5725 2827,5717 2827,5716 2827,5716 2828,5716 2829,5715 2831,5716 2831,5717 2835,5721 2835,5726 2835,5727 2916,5727 2917,5727 2917,5728 2919,5731 2920,5731 2921,5731 2921,5732 2922,5734 2923,5734 2925,5735 2925,5736 2926,5738 2927,5738 2928,5738 2928,5739 2929,5740 2929,5759 2932,5762 2932,5790 2931,5792 2930,5792 2929,5792 2929,5795 2928,5796 2928,5797 2928,5798 2927,5798 2925,5799 2925,5800 2924,5802 2923,5802 2921,5803 2921,5804 2921,5805 2920,5805 2919,5806 2908,5806 2905,5809 2644,5810 2643,5810 2643,5811 2642,5813 2629,5813 2628,5813 2628,5838 2628,5839 2627,5839 2624,5841 2624,5842 2624,5843 2623,5843 2620,5845 2620,5846 2620,5847 2604,5847 2602,5845 2602,5844 2602,5844 2601,5844 2598,5841 2598,5813 2598,5813 2517,5813 2516,5812 2502,5812 2501,5813 2501,5858 2501,5858 2493,5858 2492,5858 2492,5813 2492,5812 2337,5813 2335,5815 2335,5816 2334,5817 2197,5818 2196,5818 2196,5841 2187,5851 2180,5851 2177,5848 2177,5847 2177,5847 2168,5847 2166,5845 2166,5817 2166,5817 2146,5817 2143,5814 2143,5813 2143,5813 2142,5813 2136,5807 2136,5806 2136,5806 2096,5806 2095,5807 2095,5862 2095,5862 2081,5862 2080,5862 2080,5807 2080,5806 2002,5807 2000,5809 1992,5809 1989,5811 1989,5812 1989,5813 1796,5813 1795,5814 1795,5815 1793,5817 1789,5818 1787,5816 1787,5815 1786,5814 1786,5814 1785,5814 1784,5813 1660,5813 1659,5814 1659,5860 1659,5860 1638,5860 1637,5860 1637,5814 1637,5813 1635,5813 1633,5815 1633,5816 1632,5817 1631,5817 1629,5816 1629,5815 1628,5813 1556,5814 1555,5813 1262,5814 1261,5814 1261,5815 1260,5817 1256,5817 1253,5814 1253,5813 1253,5813 1248,5813 1246,5811 1246,5810 1246,5810 1245,5810 1244,5809 1102,5810 1099,5812 1099,5813 1099,5814 1097,5814 1096,5813 887,5813 886,5812 838,5813 837,5812 837,5811 836,5810 650,5810 649,5811 649,5812 648,5813 590,5814 588,5815 588,5816 588,5817 572,5817 570,5815 570,5814 569,5813 482,5813 481,5812 477,5812 476,5813 476,5860 476,5860 470,5860 469,5860 469,5813 469,5812 343,5813 341,5814 341,5815 340,5817 98,5818 97,5818 97,5876 97,5877 20,5877 16,5881"/><TextEquiv index="1"><Unicode>uſure des maux ſans nombre que ta perte</Unicode></TextEquiv></TextLine><TextLine id="r0_l033"><Coords points="2265,6027 2264,6026 1690,6029 1689,6028 1689,6023 1689,6023 613,6028 612,6027 612,6025 612,6025 16,6027 14,6026 14,6014 12,6012 11,6012 10,6011 9,5902 10,5901 10,5890 12,5888 13,5888 14,5887 14,5886 15,5885 38,5885 39,5884 97,5884 97,5883 97,5873 98,5873 172,5873 172,5872 172,5870 173,5870 174,5870 176,5867 176,5866 177,5866 178,5866 179,5864 179,5863 180,5863 468,5861 469,5860 725,5859 726,5858 727,5858 728,5857 728,5856 730,5854 835,5854 837,5856 837,5857 838,5858 839,5858 841,5860 841,5861 842,5862 843,5862 845,5864 2049,5858 2051,5860 2503,5858 2504,5860 2504,5861 2505,5862 2506,5862 2507,5862 2508,5864 2508,5867 2509,5867 2868,5866 2869,5867 2869,5868 2870,5869 2871,5869 2873,5871 2873,5872 2874,5873 2875,5873 2876,5874 2876,5887 2877,5888 2890,5888 2891,5889 2891,5891 2892,5892 2909,5892 2910,5893 2910,5894 2912,5896 2917,5896 2917,5896 2918,5897 2919,5898 2919,5899 2919,5900 2920,5900 2921,5900 2921,5901 2922,5903 2923,5903 2925,5904 2925,5941 2925,5942 2965,5941 2966,5942 2966,5944 2964,5945 2929,5946 2929,5946 2929,5980 2927,5982 2926,5982 2925,5983 2925,5988 2924,5989 2923,5989 2922,5990 2918,5990 2917,5991 2917,5992 2916,5993 2915,5993 2913,5995 2913,5996 2912,5997 2896,5997 2895,5998 2895,5999 2893,6001 2783,6001 2783,6002 2783,6023 2783,6023 2277,6025 2276,6026 2276,6027 2276,6027"/><TextEquiv index="1"><Unicode>m'a faits. Ta mort avoit cauſé la mienne;</Unicode></TextEquiv></TextLine><TextLine id="r0_l034"><Coords points="2426,6200 2425,6199 1760,6202 1760,6201 1760,6199 1759,6199 1530,6200 1530,6199 1530,6194 1529,6194 299,6199 299,6199 299,6198 298,6197 16,6198 15,6197 14,6197 14,6197 14,6138 15,6137 14,6033 16,6031 318,6030 318,6029 318,6025 321,6023 335,6023 336,6024 337,6024 337,6024 337,6025 339,6027 340,6027 342,6029 663,6027 664,6029 664,6030 666,6031 667,6031 669,6033 2716,6024 2717,6023 2718,6023 2718,6023 2718,6022 2720,6020 2736,6020 2739,6023 2785,6023 2786,6025 2786,6027 2787,6027 2789,6027 2790,6029 2790,6035 2791,6035 2834,6035 2835,6036 2835,6037 2836,6038 2837,6038 2839,6040 2839,6045 2840,6046 2887,6046 2887,6046 2887,6051 2890,6054 2891,6054 2891,6054 2891,6055 2893,6057 2897,6057 2898,6058 2969,6057 2970,6059 2970,6115 2971,6115 3284,6114 3284,6114 3284,6120 3284,6121 2933,6123 2932,6123 2933,6127 2930,6130 2929,6130 2927,6132 2926,6132 2925,6133 2925,6134 2923,6136 2922,6136 2921,6137 2921,6138 2919,6140 2918,6140 2917,6141 2917,6142 2915,6144 2907,6144 2906,6145 2906,6146 2905,6147 2903,6147 2902,6148 2891,6148 2891,6148 2891,6165 2890,6166 2587,6167 2587,6168 2587,6169 2585,6170 2448,6171 2448,6171 2448,6194 2446,6196 2438,6196 2436,6198 2436,6199 2435,6200"/><TextEquiv index="1"><Unicode>car depuis ce moment, je ne puis pas dire</Unicode></TextEquiv></TextLine><TextLine id="r0_l035"><Coords points="2411,6378 2411,6377 2410,6331 2410,6331 2265,6331 2264,6331 2264,6330 2263,6328 2251,6329 2250,6328 2150,6328 2147,6325 2147,6324 2147,6324 2021,6325 2020,6325 2020,6353 2019,6355 2010,6355 2007,6358 2000,6358 1999,6357 1998,6357 1997,6356 1997,6355 1996,6354 1995,6354 1994,6353 1994,6352 1992,6350 1991,6350 1990,6349 1990,6348 1989,6347 1989,6324 1989,6324 1879,6324 1877,6323 1877,6322 1876,6320 1810,6320 1809,6321 1809,6331 1808,6332 1807,6332 1806,6333 1806,6334 1805,6335 1765,6336 1764,6336 1764,6353 1764,6354 1751,6354 1749,6355 1749,6356 1748,6358 1737,6358 1736,6357 1735,6357 1734,6356 1734,6324 1734,6324 1717,6324 1716,6323 1716,6322 1714,6320 1582,6320 1581,6319 1405,6320 1404,6319 1315,6320 1313,6318 1313,6317 1313,6317 1280,6317 1279,6316 1162,6316 1160,6318 1160,6319 1159,6320 1099,6321 1098,6321 1099,6363 1098,6364 1081,6364 1081,6363 1080,6320 1080,6320 887,6320 885,6319 885,6318 884,6316 876,6317 874,6315 758,6315 757,6316 579,6317 577,6318 577,6319 577,6320 501,6320 498,6323 498,6324 498,6324 493,6324 491,6323 491,6322 490,6321 490,6320 489,6320 487,6319 487,6310 487,6309 486,6309 483,6307 483,6295 483,6294 482,6294 480,6293 480,6292 479,6290 478,6290 476,6289 476,6284 476,6283 475,6283 472,6281 472,6277 471,6275 470,6275 469,6275 469,6274 469,6273 361,6274 360,6274 360,6314 358,6317 312,6317 311,6317 311,6318 310,6320 226,6320 225,6321 225,6322 224,6323 224,6324 224,6324 222,6324 220,6323 220,6320 220,6319 34,6320 33,6321 33,6323 32,6324 31,6324 29,6326 29,6331 29,6331 28,6331 22,6337 22,6352 21,6353 21,6354 21,6354 16,6354 14,6353 14,6198 14,6197 15,6197 16,6198 17,6198 18,6199 18,6200 18,6200 24,6200 25,6201 25,6207 25,6207 49,6207 52,6210 52,6222 52,6222 94,6222 100,6227 100,6240 100,6241 121,6241 122,6242 287,6241 288,6241 288,6202 289,6200 297,6200 298,6199 303,6199 304,6200 313,6200 314,6200 314,6244 314,6245 369,6245 371,6246 371,6247 373,6249 374,6249 375,6250 431,6249 431,6249 431,6209 432,6207 433,6207 435,6209 435,6211 435,6211 436,6211 440,6215 441,6215 442,6216 442,6222 442,6222 443,6222 444,6223 445,6223 446,6224 446,6249 447,6249 516,6249 517,6248 517,6247 518,6245 568,6245 570,6243 570,6242 571,6241 573,6241 574,6240 574,6223 575,6222 576,6222 577,6221 577,6217 578,6216 578,6215 578,6215 579,6215 581,6213 581,6212 582,6211 583,6211 585,6209 585,6197 585,6197 599,6197 600,6197 600,6219 600,6220 685,6219 686,6220 686,6238 686,6238 734,6238 735,6239 735,6240 736,6241 752,6241 754,6243 754,6255 756,6256 885,6255 885,6255 885,6199 886,6198 886,6197 886,6196 902,6196 904,6195 904,6194 904,6193 905,6193 906,6192 932,6192 934,6194 934,6195 935,6196 936,6196 938,6198 938,6211 938,6211 977,6211 980,6214 980,6215 980,6215 985,6215 987,6217 987,6241 987,6241 1000,6241 1001,6242 1135,6241 1137,6243 1137,6244 1139,6245 1186,6245 1186,6245 1186,6209 1187,6207 1188,6207 1190,6206 1190,6201 1190,6200 1304,6200 1306,6198 1306,6197 1306,6197 1307,6196 1308,6196 1310,6197 1310,6198 1311,6200 1316,6200 1317,6200 1317,6202 1317,6203 1433,6202 1435,6200 1439,6200 1442,6198 1442,6197 1442,6196 1450,6196 1453,6198 1453,6199 1453,6200 1545,6200 1546,6200 1546,6201 1547,6202 1547,6237 1547,6238 1589,6237 1592,6240 1592,6245 1593,6245 1594,6245 1596,6248 1596,6249 1597,6249 1760,6249 1760,6248 1760,6202 1760,6202 1763,6202 1764,6202 1764,6248 1765,6249 1774,6249 1776,6246 1776,6245 1777,6245 1784,6245 1785,6246 1895,6245 1896,6247 1896,6248 1898,6249 2013,6249 2014,6250 2169,6249 2170,6250 2170,6251 2171,6252 2228,6252 2229,6253 2382,6252 2383,6253 2384,6253 2384,6253 2384,6254 2386,6256 2462,6256 2463,6257 2533,6256 2534,6258 2534,6259 2536,6260 2665,6260 2665,6259 2665,6258 2668,6256 2778,6255 2781,6252 2906,6252 2906,6251 2906,6250 2908,6249 2916,6249 2917,6247 2917,6246 2919,6245 2920,6245 2925,6250 2925,6259 2926,6260 2928,6260 2928,6260 2928,6261 2929,6262 2929,6274 2932,6277 2932,6278 2933,6279 2933,6280 2932,6281 2932,6282 2931,6284 2930,6284 2928,6286 2927,6286 2925,6287 2925,6288 2924,6290 2903,6290 2902,6290 2902,6304 2902,6305 2853,6305 2852,6305 2853,6374 2852,6375 2838,6375 2838,6374 2837,6305 2837,6305 2832,6305 2831,6305 2831,6322 2830,6324 2829,6324 2827,6325 2827,6326 2826,6328 2779,6328 2778,6329 2778,6331 2777,6332 2776,6332 2775,6333 2775,6334 2774,6335 2681,6336 2680,6336 2681,6359 2678,6362 2677,6362 2677,6362 2677,6363 2675,6365 2674,6365 2673,6366 2673,6367 2671,6369 2659,6369 2658,6367 2658,6366 2656,6365 2655,6365 2654,6363 2653,6335 2653,6335 2525,6335 2523,6334 2523,6333 2523,6332 2522,6332 2521,6331 2431,6332 2430,6331 2425,6331 2424,6331 2425,6377 2424,6378"/><TextEquiv index="1"><Unicode>avoir vécu. Je n'ai fait que promener par-</Unicode></TextEquiv></TextLine><TextLine id="r0_l036"><Coords points="390,6566 389,6565 389,6548 389,6548 42,6549 40,6548 40,6540 42,6538 51,6538 51,6538 51,6537 52,6536 52,6535 53,6534 59,6534 59,6534 59,6532 61,6530 161,6530 161,6529 161,6463 161,6463 171,6463 172,6462 172,6407 172,6407 173,6407 174,6406 261,6405 262,6405 262,6397 263,6395 779,6393 780,6392 780,6366 781,6365 782,6365 783,6364 784,6363 784,6362 784,6362 785,6362 786,6361 790,6361 793,6358 806,6358 806,6358 807,6363 807,6364 1386,6361 1389,6364 1389,6365 1389,6365 1398,6365 1400,6367 1980,6365 1982,6366 1982,6367 1983,6369 1984,6369 1985,6370 2134,6369 2136,6371 2136,6372 2136,6372 2137,6372 2140,6374 2140,6375 2140,6376 2242,6376 2243,6376 2243,6377 2243,6378 2853,6375 2855,6377 2856,6377 2857,6377 2857,6378 2858,6380 2859,6380 2861,6381 2861,6402 2861,6403 2919,6403 2922,6406 2926,6406 2928,6408 2954,6407 2955,6408 2955,6418 2955,6418 2972,6418 2974,6420 2974,6436 2972,6437 2970,6437 2970,6438 2970,6439 2967,6441 2951,6441 2951,6442 2951,6444 2950,6444 2940,6444 2940,6445 2940,6514 2936,6518 2936,6519 2936,6520 2576,6521 2575,6522 2575,6523 2575,6523 2574,6523 2573,6524 2568,6529 2568,6530 2568,6530 2567,6530 2564,6533 2564,6534 2564,6534 2559,6534 2557,6536 2557,6537 2556,6538 1420,6543 1419,6544 1419,6548 1418,6549 398,6554 397,6554 397,6563 397,6564 396,6564 394,6566"/><TextEquiv index="1"><Unicode>ut mes chagrins &amp; mon déſeſpoir; mais</Unicode></TextEquiv></TextLine><TextLine id="r0_l037"><Coords points="2128,6543 2395,6541 2396,6714 2129,6716"/><TextEquiv index="1"><Unicode>LG</Unicode></TextEquiv></TextLine><TextLine id="r0_l038"><Coords points="10,7673 232,7672 233,7880 11,7881"/><TextEquiv index="1"><Unicode></Unicode></TextEquiv></TextLine></TextRegion></Page></PcGts>