4266 7902
675 596 3428 802 DE JosEpn ThOMSON.
-15 755 3154 971 tre attachement pour votre ami; nous avons
-15 954 3147 1140 bien ſenti que vous ne pourriez pas lui en
-14 1133 3180 1308 faire un myſtere; c'eſt pourquoi nous avons
-14 1284 3150 1476 réſolu de vous le cacher à vous-même. Il
-13 1460 3154 1648 s'avança vers Miſſ Louiſe, & la ſaluant
-13 1633 3139 1814 avec la politeſſe & ce reſpect qu'inſpire tou-
-13 1794 3169 1993 jours ſa preſence, il lui dit que s'il l'eût con-
-12 1962 3169 2152 nue plutôt, il eût recommandé Miſſ Rich
-12 2140 3139 2318 à ſon ami, ſur un tout autre pied que ce-
-12 2291 3394 2485 lui de Page. A quoi elle repliqua qu'elle
-11 2467 3176 2649 ſeroit toujours charmée de le ſervir dans
-11 2641 3150 2820 cette qualité, & dans toute autre qui pour-
-10 2801 3173 2987 roit lui faire plus de plaiſir. Je lui répondis
-10 2970 3169 3156 qu'elle pourroit toujours me commander,
-10 3136 3176 3322 & que j'avois été trop long-tems livré à
-9 3304 3184 3494 moi-même, pour ne pas ſentir le beſoin
-9 3477 3180 3655 que j'avois d'être gouverné. Eh bien, ma
-9 3646 3165 3818 niece, dit ſa tante, vous êtes sûre mainte-
-8 3811 3188 3988 nant de la conſtance de votre amant; vous
-8 3957 3154 4155 l'avez aſſez éprouvé; & je crois que lui-
-8 4141 3188 4321 même n'eſt point fâché d'avoir vu la ſœur
-7 4296 3184 4485 d'Eſtampe. Cette bonne Dame, dont j'ad-
-7 4482 3184 4652 mirois le ſens exquis & le bon naturel,
-6 4649 3150 4821 ainſi que ſon aimable fille, nous firent mille
-6 4814 3180 4993 careſſes, & nous paſſâmes le reſte de la
-6 4979 3158 5175 journée dans la joie. Pour moi, ſi j'ai quel-
-5 5148 3180 5328 qu'idée de la félicité que l'on goûte dans
-5 5302 3477 5495 le Ciel, elle ne me vient que de la véri-
-5 5482 3490 5662 table ſatisfaction que je ſentis en recouvrant
-4 5636 3192 5826 la ſociété charmante de mon Ange, qui
-4 5813 3184 6007 paroiſſoit auſſi contente que moi-même.
-4 5986 3173 6166 La bienſéance nous obligeant de partir, je
-3 6159 3169 6343 pris congé de ces Dames avec le plus grand
-3 6324 3184 6519 regret, & je me rendis avec Sharpley chez
-3 6469 480 6688 lui
