4266 7902
1186 632 3598 896 o La vie etles aventures
1633 1264 3706 1475 HAPITRE LVIII.
1527 1649 3802 1843 Aventure de Miſſ Louiſe Rich.
1171 2005 4302 2211 E lendemain nous nous levâmes mon
1197 2191 4300 2373 ami & moi dès le point du jour. Les
1205 2358 4299 2536 amans ne dorment pas trop. Nous avions
1201 2515 4298 2705 aſſez de tendreſſe & d'amour pour nous
852 2692 4297 2875 occuper la plus grande partie de la nuit à
1201 2853 4296 3047 parler enſemble de notre bonheur. La pen-
1197 3015 4295 3215 ſée que nous allions devenir proche parens,
1201 3188 4294 3371 nous fit un plaiſir qui ne peut être ſenti
1197 3364 4293 3556 que par ceux qui connoiſſent & qui ont
1197 3522 4292 3709 éprouvé toutes les délicateſſes de l'amitié.
1197 3680 4291 3879 Nous nous embraſſions l'un l'autre; nous
1190 3856 4290 4031 nous félicitions, & nous faiſions récipro-
1186 4021 4289 4205 quement l'éloge de nos Maîtreſſes. Pour
1190 4186 4287 4374 moi, je ne ſentis plus cette triſteſſe & cette
1174 4355 4286 4563 mélancolie profonde qui affligeoit mon ame
1186 4521 4285 4723 tous les matins; mais j'étois alors le gai,
1182 4682 4284 4870 le ſatisfait Thompſon, tel que j'avois ac-
1193 4858 4283 5036 coutumé de l'être avant mes malheurs. Ban-
1193 5016 4282 5206 niſſons, m'écriai-je, chaſſons toute idée de
1193 5182 4281 5375 triſteſſe & de déſeſpoir, puiſque ma chere
927 5347 4280 5648 ouſe vit encore, & qu'elle doit enfin être
1103 5685 4278 5884 Les Dames n'étoient point encore levées,
1144 5847 4276 6030 lorſque nous arrivâmes. Nous allâmes nous
1197 6017 4276 6198 promener dans le jardin, en attendant qu'il
1190 6185 4274 6377 fût jour chez elles. Elles y vinrent bientôt
1159 6350 4273 6563 elles-mêmes, & nous emmenerent déjeu-
