4266 7902
513 626 3139 861 E JosEPh ThOMpson.
10 818 3135 1024 ner. Leur preſence nous cauſoit à tous les
10 1009 3297 1195 deux les tranſports les plus vifs. Alors, pour
14 1186 3139 1354 encourager ma chere Louiſe à nous racon-
18 1351 3131 1521 ter la maniere miraculeuſe (car c'eſt ainſi
14 1513 3132 1693 que je m'exprimois) dont elle ſortit d'An-
14 1682 3132 1861 gleterre, je lui fis moi-même le recit de
10 1851 3135 2027 tout ce qui m'étoit arrivé depuis l'inſtant
25 2008 3154 2194 fatal de notre ſéparation juſqu'alors. Les
25 2177 3135 2355 actions indignes de l'Ecuyer leur tirerent
10 2343 3135 2528 des larmes, & elles ne purent s'empêcher
160 2508 3176 2692 de ſouhaiter qu'il reçut la punition de tous
220 2681 3135 2860 ſes crimes. Mon aimable Maîtreſſe rougiſ-
18 2846 3132 3029 ſoit & pâliſſoit tour à tour, au recit des
213 3011 3360 3199 différens accidens qui m'étoient arrivés;
25 3184 3139 3364 fouvent elle fut ſur le point de s'évanouir,
25 3357 3139 3532 en aprenant les maux cruels que j'avois ſouf-
25 3518 3139 3700 ferts. L'hiſtoire de mes chagrins & de mon
21 3683 3139 3864 déſeſpoir continuel, occaſionnés par la per-
21 3852 3413 4029 te que j'avois faite, arracha des larmes à
25 4014 3146 4196 tous ceux qui m'entendoient, & ils prirent
21 4175 3144 4369 part ſincérement à mes peines. La preſen-
29 4344 3135 4534 ce du cher objet qui avoit été la principale
25 4513 3135 4698 cauſe de toutes ces aventures, donna tant
10 4679 3133 4870 de vivacité à mon diſcours, qu'il ſembloit
10 4848 3158 5037 que je fuſſe inſpiré. Je peignis tout ce que
22 5013 3124 5203 je leur diſois avec des couleurs ſi fortes,
22 5186 3120 5369 que je ne pus moi-même m'empêcher de
22 5349 3124 5534 pleurer, en faiſant ce recit. Je m'écriai, ſi-
10 5509 3120 5701 tôt que j'eus fini: ô vous qui êtes la joie
25 5685 3117 5868 de mon cœur, vos aventures doivent être
21 5840 3132 6032 auſſi extraordinaires que les miennes, obli-
10 6012 3117 6210 gez-moi de m'en faire le détail: aprenez-
10 6185 3113 6351 moi comment vous avez pu vous réſoudre
10 6346 3161 6546 à paſſer pour morte, & les motifs de tout
