4266 7902
1175 656 3635 855 S L VI ET LES AVENTURES
1171 793 4279 1022 ce que vous avez fait depuis. Elle conſen-
1193 1013 4278 1230 tit à ce que je deſirois, & commença ſon
1167 1178 3263 1357 hiſtoire de la maniere ſuivante.
1377 1334 4278 1530 Vous m'excuſerez ſi je ne m'exprime pas
1171 1516 4277 1709 d'une maniere auſſi pathétique que l'a fait
1175 1689 4277 1860 mon cher Thompſon. Quoique nous au-
1197 1854 4277 2033 tres femmes ayons l'ame beaucoup plus
1175 2020 4276 2201 ſenſible que les hommes, nous n'avons pas
1171 2192 4276 2368 comme eux ce feu & cette éloquence ner-
1171 2363 4275 2534 veuſe qui regne dans leurs deſcriptions:
1197 2519 4275 2704 nous ſentons plus peut-être, mais ſans pou-
878 2692 4275 2871 voir rendre ſi-bien ce qui ſe paſſe dans nos
1178 2861 4274 3047 cœurs. Notre ſexe moins familiariſé avec
927 3030 4274 3206 les accidens, en eſt tellement anéanti, lorſ-
1200 3199 4274 3376 qu'ils arrivent, qu'il ne lui reſte plus de
1216 3368 4273 3541 termes pour les bien exprimer. Je ſuis donc
1216 3529 4273 3708 d'autant plus excuſable, que j'ai même de
1216 3698 4273 3878 la peine à me rapeller dans cet inſtant tout
1223 3867 4272 4046 ce que j'ai ſouffert de maux. La preſence
1223 4029 4272 4210 de mon cher Thompſon a porté tant de
1220 4198 4271 4545 la eaiaſeeioun que jai de le voie poiete
1174 4532 4271 4746 preſque tous les accidens qui ont fait couler
1171 4697 3849 4876 mes larmes pendant tant d'années.
1182 4853 4270 5053 On auroit peine à croire combien je fus
1186 5032 4270 5230 ſenſible à la perte de Fidelle ma confidente,
1178 5201 4269 5541 eue meut e a rmaener,eli leiſpe ii en-
1182 5539 4269 5723 trer dans ma chambre mon pere, écumant
1186 5704 4268 5884 de rage, qui, après les plus ſanglans repro-
1171 5869 4268 6044 ches, eut peine à s'empêcher de me fra-
1193 6039 4267 6219 per, & de me punir comme je le méritois,
1201 6204 4267 6384 diſoit-il, pour ma déſobéiſſance, & l'amour
1189 6369 4267 6577 auquel j'avois eu la hardieſſe de me livrer
