4266 7902
626 641 3304 844 De Joseph ThoMpso.
36 821 3286 1006 ſans ſon conſentement. Il m'enferma dans
389 1009 3601 1191 ma chambre, en prit la clef, & me dit en
386 1182 3312 1356 partant, qu'il alloit bientôt m'éloigner pour
28 1350 3312 1518 toujours du malheureux objet en qui j'avois
32 1513 3301 1691 placé ma tendreſſe. En effet, il fit préparer
40 1685 3312 1864 un caroſſe à ſix chevaux; & accompagné
25 1856 3312 2030 par ſes gens bien armés, il vint me tirer
22 2020 3300 2193 quelque tems après de ma priſon, & me
48 2181 3406 2366 fit monter avec lui & mon indigne couſin,
18 2350 3349 2523 ou plutôt ils me traînerent dans ce caroſſe.
21 2508 3304 2701 Je n'eus que le tems de charger un des do-
356 2688 3274 2868 meſtiques qui m'étoit attaché, de vous por-
15 2853 3312 3030 ter le petit billet dont vous avez parlé dans
18 3026 3267 3204 votre hiſtoire. Je ne vous l'écrivis que pour
18 3195 3267 3371 empêcher ces écarts que je ſentois bien que
348 3357 3301 3541 la colere vous feroit faire, ſi vous ignoriez
33 3525 3289 3699 ce que je ſerois devenue. Je voulois en
341 3695 3361 3868 même-tems vous aſſurer de ma conſtance.
-7 3836 3409 4037 Je ne ſçus que par quelques mots que mon
-4 4025 3267 4202 couſin avoit dit à mon pere en ma preſen-
-7 4194 3274 4368 ce, ſans y penſer, le lieu où on m'alloit
-7 4360 3263 4538 mener. J'étois ſeule dans le caroſſe, &
-4 4529 3271 4706 n'étois occupée que des idées déſeſpérantes
10 4694 3282 4871 qui accabloient mon cœur. Cependant on
-6 4863 3274 5039 me fit voyager fort vîte, de crainte que
25 5028 3252 5206 vous n'euſſiez quelque connoiſſance du che-
-5 5193 3259 5373 min que nous avions pris, & que vous ne
-3 5366 3237 5562 puſſiez nous ſuivre. Mon pere diſoit ſou-
359 5535 3286 5707 vent à l'Ecuyer: le drôle eſt brave; ce jeune
-4 5657 3556 5877 Diaper ſon ami & lui, mettront tout en
-4 5866 3267 6069 uſage pour s'obliger l'un l'autre; & comme
63 6031 3259 6214 je ne me ſoucie point de riſquer une affaire
10 6208 3361 6384 fâcheuſe, il faut, autant que nous pourrons,
-3 6326 3267 6559 les dépayſer, & tenir notre route ſecrette;
