4266 7828
863 636 3272 886 De Joseph Thompson.
43 863 3231 1054 néceſſité y a-t-il de me renfermer? Ma ſin-
32 1041 3223 1219 cérité vous eſt aſſez connue, puiſque je ne
381 1212 3223 1383 vous ai point caché mon affection pour lui:
377 1372 3227 1551 je vous ai promis, & vous ſçavez que mes
36 1539 3227 1713 promeſſes ſont ſacrées pour moi; je vous
385 1702 3238 1869 ai promis, dis-je, de ne jamais le regarder
36 1876 3234 2047 autrement que comme un ami & une con-
42 2036 3527 2214 noiſſance, à moins que vous ne me le per-
385 2203 3227 2376 mettiez: pourquoi donc, Monſieur, va-t-on
47 2366 3231 2543 m'éloigner de vous, & mettre une diſtance
388 2529 3576 2709 ſi longue entre moi & un pere dont j'avois
370 2696 3242 2867 coutume d'être la ſeule conſolation, uni-
392 2860 3238 3035 quement pour avoir marqué du goût pour
385 3026 3234 3203 un homme qu'il a tant eſtimé lui-même,
396 3190 3234 3373 & dont je n'aurois jamais fait la connoiſſance
44 3353 3227 3532 ſans lui? Ne m'avez - vous pas dit, Mon-
44 3517 3234 3696 ſieur, que c'eût été le ſeul homme ſur qui
385 3687 3271 3864 vous euſſiez porté vos vues, s'il eût eu une
385 3850 3234 4025 fortune ſuffiſante, & que vous euſſiez dé-
37 4006 3234 4358 ubee; d u onioie, o eou ua ue
377 4340 3231 4526 ſa maiſon eſt preſque auſſi-ancienne que la
392 4507 3245 4682 nôtre; d'ailleurs, en ſupoſant même qu'il
50 4677 3231 4845 manquât de ce côté, permettez-moi de vous
58 4841 3309 5012 répéter un paſſage que vous m'avez ſou-
62 4996 3316 5167 vent fait lite, & qui étoit ſi fort de votre
52 5176 724 5335 goût.
379 5330 3231 5539 „Examinons les reſſorts ſecrets, & re-
66 5507 3223 5676 „montons juſqu'aux principes des choſes,
58 5675 3342 5872 „nous trouverons qu'au commencement
62 5828 3235 6005 „du monde les hommes furent tous com-
48 6002 3331 6187 „poſés de la même matiere; le même
59 6169 3231 6344 „ſang circuloit dans leurs veines. Le Créa-
54 6332 3231 6533 „teur donnant la vie à cette matiere, a
