4266 7819
991 735 3637 929 La ViETLEesAaventures
1017 917 3899 1094 „formé les ames de la même trempe; l'en-
991 1087 3881 1259 „tendement & la volonté leur furent ac-
1006 1253 3888 1426 „cordés à toutes, & elles eurent en par-
1002 1416 3888 1591 „tage une égale liberté de choiſir entre
1005 1583 3911 1753 „le bien & le mal. Ainſi nés tous égaux,
983 1749 3885 1920 „la vertu ſeule établit des différences entre
991 1919 3885 2087 „un homme & un autre. On ne reclamoit
1002 2082 3885 2257 „point alors la nobleſſe du ſang; mais ce
1017 2249 3888 2417 „qui rendoit un homme bon, lui donnoit
1017 2408 3881 2584 „auſſi la nobleſſe. Echauffé par un plus
1002 2574 4066 2750 „grand nombre de particules de la flamme
1013 2737 4070 2911 „céleſte, celui-ci prenoit ſon eſſor & s'ac-
994 2907 3877 3076 „quéroit un nom, tandis que les autres
1013 3070 3881 3272 „demeuroient au - deſſous & confondus
991 3237 2238 3407 „dans la foule.
1187 3381 3877 3573 Dites-moi donc, mon cher pere, com-
998 3570 3885 3738 ment ai-je pu vous offenſer en prenant les
994 3736 3877 3905 mêmes ſentimens que vous, & en recon-
1009 3896 3874 4068 noiſſant le mérite que vous m'avez apris
998 4062 3870 4235 vous - même à diſtinguer & à admirer?
998 4225 3877 4398 D'ailleurs, Monſieur, vous dites, & vous
998 4391 4196 4564 ne ceſſez pas de me le répéter, qu'un ingrat
1002 4550 3877 4722 eſt un monſtre: or je vous le demande à
1002 4716 3899 4889 vous-même; cet aimable jeune homme ne
976 4880 3870 5056 m'a-t-il pas ſauvé la vie, en me ſecourant
983 5043 3870 5219 dans les dangers les plus preſſans? Puis-je
994 5209 4047 5372 donc me refufer à la reconnoiſſance pour
994 5379 3859 5555 mon libérateur? Ici mon pere s'attendrit,
828 5546 3862 5719 & après un court ſilence: que venez-vous
979 5709 3859 5884 me chanter, dit-il, un galimathias de mé-
987 5877 3859 6046 rite, de gratitude auxquels ni moi ni per-
991 6038 3873 6220 ſonne ne peut tien entendre? Eh bien oui,
976 6201 3851 6383 je vous ai dit qu'il étoit bon d'être recon-
972 6371 3859 6556 noiſſant; mais ai-je pu penſer que vous duſ-
