4266 7902
1220 686 3695 890 O Lavvitles avetures
1212 878 4266 1059 de répéter tout ce que je lui dis alors. Qu'il
1220 1047 4266 1227 vous ſuffiſe de ſçavoir, qu'avec le ſecours
878 1208 4266 1392 de Miſſ Serene, je parvins ſi bien à me la
1160 1385 4267 1560 rendre favorable, que dès le lendemain
1238 1554 4267 1729 elle engagea mon pere à me laiſſer vivre
1235 1723 4268 1899 chez elle en liberté, & lui répondit de ma
1216 1888 4268 2070 conduite. Je fus obligée d'eſſuyer pendant
1062 2054 4268 2235 tout ce tems les viſites déſagréables de l'E-
1231 2221 4269 2406 cuyer, qui me fit régulierement ſa cour avec
1205 2391 4269 2561 ſa mauvaiſe grace ordinaire; il ne tira de moi
1204 2553 4269 2735 d'autre réponſe que par un profond ſilence.
1200 2729 4270 2905 Un jour pourtant laſſée de ſes importuni-
1201 2890 4270 3071 tés, je lui jurai que j'aimerois mieux me
1201 3060 4270 3242 percer le cœur d'un poignard, que de ſon-
1137 3222 4271 3406 ger jamais à épouſer un monſtre de ven-
1227 3394 4271 3580 geance & de cruauté tel que lui. Il me
1193 3563 4271 3746 quitta bruſquement, & me diſpenſa pen-
1242 3718 4272 3905 dant quelques jours de ſes viſites. Il étoit
1235 3897 4272 4082 alors avec mon pere chez Sir Villiam Care-
1182 4056 4273 4247 leſs, dans une Terre à deux milles de celle
878 4235 4273 4420 de ma tante. Dans cet intervalle on en-
1178 4399 4273 4584 voya en York, pour quelques affaires, un
1167 4566 4274 4755 domeſtique dont-je pouvois diſpoſer. Je
1159 4725 4274 4930 le chargeai de vous rendre une lettre, &
1231 4900 4274 5085 j'ai été bien aiſe d'aprendre que vous l'ayez
1227 5066 4275 5265 reçue. Ah! Monſieur Thompſon, j'apré-
1163 5230 4275 5432 hendois alors bien plus pour vous que pour
1190 5408 4276 5598 moi; je connoiſſois votre tempérament;
1163 5582 4276 5768 & l'idée du déſeſpoir que ma perte vous
1077 5742 4276 5937 alloit cauſer, me tourmentoit extrêmement.
1159 5907 4277 6110 Je ſçavois que la nobleſſe de votre cœur
1160 6068 4277 6277 ne vous permettroit jamais de ſouffrir une
1231 6216 4277 6433 injure avec cette modération qui eſt auſſi
1227 6408 4278 6609 louable qu'elle eſt néceſſaire; & je ne vous
