4266 7902
2294 13 3012 93 .
878 716 3793 911 LLViEET es avnEtures
1096 881 4279 1106 pas malheureuſe même, ſi je ne prends
1107 1069 4278 1260 pas la réſolution de la traîner à l'Egliſe,
1118 1235 4278 1418 & de la marier par force à mon neveu. Ces
1107 1396 4278 1581 Dames connoiſſoient auſſi bien que moi
1081 1569 4277 1748 l'obſtination de mon pere, ces derniers traits
1073 1739 4277 1917 m'irriterent au point, que,quoique je lui
1115 1903 4276 2087 euſſe promis-de ne jamais me marier que de
1039 2072 4276 2253 ſon conſentement, je crois que ſi vous euſ-
1107 2234 4276 2421 ſiez été ſur les lieux, je me fuſſe jettée entre
1107 2406 4275 2579 vos bras; oui, j'euſſe tout fait pour m'af-
1062 2551 4275 2756 franchir de cette tyrannie. Parmi le grand
1107 2737 4275 2916 nombre de gens qui venoient rendre viſi-
1092 2907 4274 3107 te à ma tante, il y avoit un Gentilhomme
1084 3071 4274 3263 fort riche, nommé le Colonel Villiam,
1115 3244 4274 3422 qui prit d'abord du goût pour moi, & de-
1111 3409 4273 3583 manda permiſſion à ma tante de m'adreſ-
1111 3577 4273 3753 ſer ſes vœux. Il étoit auſſi généreux que
799 3743 4272 3931 riche, & ma tante ne lui eut pas plutôt
1114 3909 4272 4092 parlé de mes premiers engagemens, qu'il
1122 4074 4272 4258 ceſſa ſes pourſuites; mais quand il aprit
1062 4243 4271 4419 tout ce que j'avois à ſouffrir de la part de
1065 4408 4271 4594 l'Ecuyer, que toute la nobleſſe du voiſinage
1062 4574 4271 4752 regardoit comme un pauvre ſujet, il ſe pro-
1118 4735 4270 4915 poſa, de mon aveu, de ſe donner publi-
769 4904 4270 5251 ennvenme à quelque adion ahe e &at
1118 5246 4269 5424 digne, & d'engager par ce moyen mon pere
1122 5402 4269 5611 à changer de réſolution. J'y conſentis; il
822 5573 4268 5772 nous procura des parties de plaiſir,
1122 5745 4268 5926 annonça tout haut ſes prétentions, & pouſ-
1122 5911 4268 6092 ſa même la choſe juſqu'à me demander à
1122 6076 4267 6253 mon pere qui le refuſa poliment, mais
1047 6241 4267 6419 ſentit cependant ſa vanité trop flattée de
1047 6410 4267 6632 voir ſa fille ainſi recherchée, pour lui
