4266 7902
1092 758 3590 933 6 L ViETtlesAventures
1103 921 4243 1090 étoient viſiblement contre lui. Il accompa-
1050 1084 4070 1263 gna ces proteſtations d'innocences de tant
1107 1257 4025 1432 de ſoupirs & de larmes, que mon pere,
844 1426 4074 1597 qui l'aimoit juſqu'à l'aveuglement, crut tout
1111 1584 4033 1768 ce qu'il diſoit, & n'exigea de lui d'autres
1107 1753 4044 1929 preuves de ſon innocence, que d'aller atta-
1111 1921 4048 2101 quer le Colonel en brave; mais auſſi, lui
1088 2094 4101 2269 dit-il, ſi tu ne prends pas ce parti, tu peux
859 2252 4040 2426 compter que jamais tu n'auras ma Louiſe.
1111 2433 4040 2599 Il le ramena enſuite chez ma tante, en nous
848 2583 4048 2757 débitant cette hiſtoire faite à plaiſir; au-
1013 2757 4055 2928 cune de nous ne voulut la- croire; cepen-
1111 2917 4056 3102 dant nous ſouffrîmes ſes viſites, bien per-
1114 3086 4104 3269 ſuadées que ſa poltronnerie ſeule le perdroit
1114 3259 4052 3433 dans l'eſprit de mon pere, & qu'il entre-
1114 3421 4055 3604 prendroit auſſi-tôt de faire face à une ar-
1115 3586 4104 3755 mée de dix- mille hommes, que d'aller at-
1122 3759 4115 3932 taquer le Colonel. Mais le Colonel ayant
1115 3924 4108 4102 eu ordre le lendemain de ſe rendre à Lon-
1122 4088 4119 4269 dres pour ſon ſervice, vint prendre congé
1118 4262 4123 4440 de nous, & nous promit de revenir en
765 4427 4127 4627 moins de quinze jours, & de mettre à l'é-
1107 4575 4134 4775 preuve le courage de l'Ecuyer Rich. Ce
1122 4741 4134 4939 départ conſerva à l'Ecuyer tout ſon crédit
1122 4921 4127 5106 dans l'eſprit de mon pere; mais cette ter-
1122 5088 4086 5277 rible quinzaine me cauſa des tourmens inex-
1129 5246 4138 5445 primables, & fut l'origine de la réſolution
1130 5416 4142 5601 qui m'a attirée en France, & j'oſe le dire,
1133 5588 4251 5777 de tout le bonheur que j'ai à eſpérer daus
1126 5772 1543 5904 la vie.
1306 5884 4155 6106 Après le départ du Colonel, l'Ecuyer ſe
1141 6084 4157 6260 fit tout blanc de ſon épée, & enſuite il
1036 6256 4157 6446 diſparut tout-d'un-coup, & fit répandre
1050 6421 4157 6647 le bruit que puiſqu'une de ſes victimes lui
3789 6588 4153 6767 étoit
