4266 7625
481 753 2833 935 DE JosEPh ThoMpson.
74 925 2840 1097 paix & votre tranquillité, ſi vous n'aviez
35 1085 3044 1262 aſſez de raiſon pour le ſuporter. A ces mots,
59 1246 2833 1420 ſaiſie de frayeur, & ſans ſçavoir encore à
103 1407 2833 1577 quoi tendoit ce diſcours: Madame, m'é-
45 1564 2976 1733 criai-je, qu'eſt-il donc arrivé? Mon pe-
95 1721 2840 1896 re .... a-t-il été tué? eſt-il mort? Hélas!
60 1882 2865 2053 que vais-je devenir? que je ſuis au déſeſ-
60 2039 2868 2213 poir de lui avoir déſobéi! Non, ma chere,
103 2204 2854 2372 me répondit ma tante, calmez-vous, votre
70 2361 2872 2534 pere eſt vivant & ſe porte bien, peut-être
74 2522 2865 2676 même ne mérite-t-il pas tant le vif intérêt
106 2675 2876 2842 que vous prenez en lui. Non, ce n'eſt pas
110 2841 2886 3001 ſa mort que vous avez maintenant à pleu-
117 2993 2897 3166 rer, mais .... Ici un torrent de larmes l'em-
99 3154 3197 3327 pêcha de pourſuivre; elle me ſerroit dans
102 3315 2904 3479 ſes bras; ſa fille & moi mêlions nos lar-
124 3476 2894 3645 mes aux ſiennes, ſans en ſçavoir la cauſe.
128 3633 2904 3800 Elle revint à elle, & continua ainſi: Le
120 3780 2901 3951 plus aimable jeune homme, ma chere nie-
128 3940 2897 4112 e, celui dont vous nous avez fait un ſi
131 4101 2904 4271 el éloge, votre cher Thompſon ... n'eſt
145 4258 2912 4436 plus; un malheureux l'a aſſaſſiné. Ah Dieu!
167 4419 2908 4590 'écriai-je; & à l'inſtant je tombai en foi-
138 4565 2915 4746 bleſſe, dans un état de ſtupidité & d'anéan-
203 4737 2904 4903 iſſement, & je me donnai un violent coup
174 4898 2912 5066 la tête, dont j'ai toujours porté des mar-
174 5051 2908 5218 ues depuis. Ces Dames furent alarmées
160 5213 2915 5383 e cet accident, & n'étoient guere en meil-
167 5377 2915 5545 eur état que moi; elles avoient pour moi
170 5530 2911 5696 utant d'amitié & de tendreſſe, que j'en
163 5695 2911 5856 conſerverai toujours pour elles. Elles me
166 5849 2919 6019 releverent, & me donnerent tous les ſe-
171 6013 2929 6181 cours poſſibles; mais j'étois ſans mouve-
174 6167 2922 6374 ment, & je reſtai plus d'une heure dans
2129 6338 2483 6523 2
