4266 7902
1107 588 3597 816 O LLvv eT Ls Avenrures
983 776 4310 1159 u e is eeeem v vo s aaee ſani doulé iue
1111 1133 4307 1326 d'elle. Si l'original vous eſt auſſi cher que
844 1306 4306 1487 cette foible copie, je m'eſtimerai la plus
1126 1467 4305 1668 heureuſe des femmes. En un mot, on fit
1126 1636 4304 1822 mes funérailles comme nous en étions con-
1126 1816 4303 2001 venus: ma tante écrivit à mon pere une
1122 1967 4302 2151 lettre terrible à cette occaſion; & ſans at-
1118 2136 4301 2326 tendre ſa réponſe, nous nous embarquâmes
1115 2309 4300 2659 omne ane , al lal un lraiea ta peu diſeit
1111 2626 4298 2827 le. Ma tante a arrangé ſes affaires de maniere
690 2816 4296 2997 que tous les trois mois ſon économe lui fait
1114 2973 4295 3161 toucher le revenu de ſon bien; & comme
1118 3135 4294 3328 il eſt fort conſidérable, cette bonne parente
1099 3305 4293 3495 tient en France un Equipage plus ſomptueux
1110 3481 4292 3658 encore qu'elle ne faiſoit à Sommerſet. Il y
1111 3646 4291 3828 a maintenant près de huit ans que nous
1103 3800 4290 4001 ſommes dans cette maiſon; nous y voyons
1103 3969 4289 4175 peu de monde; la douceur de notre ſitua-
1107 4140 4288 4339 tion ne nous eſt venue que de nous-mêmes,
1114 4299 4286 4493 & nous tâchons à force de ſervices de con-
1107 4467 4285 4655 tribuer au bonheur des autres. Les ouvrages
1114 4634 4284 4822 de femmes, des livres, & de tems en tems
1114 4810 4283 4991 quelques parties de promenades, ont été
1118 4979 4282 5179 nos principaux amuſemens, ou du moins
1114 5141 4281 5329 ceux de ma tante & de ma chere Serene;
743 5305 4280 5487 car pour moi je n'ai pas joui d'un inſtant de
1110 5475 4279 5677 tranquillité; j'avois toujours devant les yeux
1114 5640 4278 5823 mon cher Thompſon. Jamais mes termes,
1111 5806 4277 5985 ni même votre éloquence, ne pourroient
916 5977 4276 6170 exprimer parfaitement les tourmens de
912 6134 4275 6326 mon ame, & les agitations de mon cœur.
1122 6294 4273 6522 J'ai toujours refuſé opiniâtrement d'en-
