4266 7902
709 591 3406 803 oe Josepu ThOMPSo.To
-15 777 3225 984 tendre parler de mon pere & de l'Angle-
-14 974 3394 1154 terre; & ma chere tante s'eſt ſi bien prêtée
-14 1141 3147 1324 à mon humeur, qu'elle ne m'a jamais dit
-14 1314 3508 1493 un mot des nouvelles qu'elle en a reçues
-13 1479 3252 1662 en différens tems. Je vous avoue que depuis
-13 1648 3462 1827 que vous m'avez parlé de ſon repentir, je
-13 1803 3462 1995 brûle d'aller me jetter à ſes pieds, & de
-12 1982 3147 2162 mettre fin aux tourmens que ſon ame endu-
-12 2155 3206 2330 re; & puiſque. j'ai retrouvé mon cher
-11 2316 3161 2494 T'hompſon, le pays d'York ſera deſormais
-11 2477 3173 2664 le ſeul endroit du monde qui pourra me
-11 2638 3206 2823 plaire. Je deſire fort de revoir auſſi M. &
-10 2816 3195 2999 Madame Thompſon, & ma pauvre Fidelle,
-10 2984 3376 3164 de marquer ma reconnoiſſance à M. & Ma-
-10 3154 3222 3323 dame Goodvill, & à tous nos autres amis,
-9 3311 3462 3515 & enfin de mener encore une fois une vie
-9 3478 2192 3699 heureuſe au milieu d'eux.
401 3650 3161 3820 Nous étions allés à Verſailles, ma cou-
-8 3759 3481 3996 ſine & moi, rendre viſite à une Dame
-8 3976 3188 4155 de la Cour, lorſque je vous vis paſſer dans
-8 4145 3154 4318 une allée, & que j'entendis votre voix. La
-7 4311 3150 4490 ſurpriſe que j'en eus (car je vous pris pour
-7 4476 3470 4657 un fantôme) me fit tomber en foibleſſe;
-6 4641 3342 4820 vous en ſçavez la ſuite. M. Sharpley doit
-6 4814 3180 5012 auſſi s'en bien reſſouvenir, continua ma
-6 4979 3492 5163 Louiſe, avec un ſourire divin; car c'eſt dans
-5 5148 3169 5318 ce moment qu'il vit Miſſ Serene, & que
-5 5310 3248 5488 ſon cœur fut pris; mais ſi je connois bien
-5 5470 3162 5659 le langage des yeux, je crois qu'il fut payé
-4 5640 3147 5820 de retour. Quand nous eumes engagé M.
-4 5801 3154 5991 Sharpley à paſſer la ſoirée au logis, nous
-4 5971 3158 6155 tachâmes d'aprendre de lui votre nom, &
-3 6136 3162 6323 ſi vous étiez réellement Monſieur Thomp-
-3 6316 3169 6526 ſon. Le recit qu'il nous fit de vos aventu-
