4266 7902
770 664 3267 867 De Josepn ThoMpSoo. o
-15 796 3255 1043 ée, en réglant déſormais toutes mes ac-
10 1028 3259 1205 tions & mes mouvemens, de maniere à
-14 1193 3379 1416 plaire à celui que je choiſis pour mon ami
-12 1362 1612 1534 & mon époux.
521 1520 3267 1703 Miſſ Louiſe finit ainſi ſon hiſtoire; je
11 1693 3586 1872 reſtai quelque tems ravi d'admiration, &
-5 1863 3263 2037 ſans pouvoir prononcer une ſyllabe; mais
25 2027 3270 2221 je la regardai fixement, & dévorai des
40 2196 3458 2374 yeux toutes ſes perfections & ſes charmes;
-2 2361 3469 2540 enfin je me livrai à des tranſports ſi vifs,
40 2530 3465 2707 que je crus en perdre la vie. Ma chere
-11 2654 3274 2876 Louiſe, fille divine, il m'eſt impoſſible
-10 2861 3278 3039 d'exprimer les ſentimens que m'inſpirent
341 3026 3616 3205 tes vertus incomparables! Quand j'aurois
-6 3178 3282 3373 les accens & la douceur de Catule, la
-9 3360 3297 3546 force d'Horace, l'art enchanteur de Valler,
21 3522 3597 3710 pourrois-je jamais rendre juſtice à ton mé-
18 3691 3413 3865 rite! Oui, retournons en Angleterre dans
-8 3826 3567 4033 les bras de nos amis; & livrons-nous au
43 4018 3357 4197 plaiſir de revoir notre famille. Je brûle, je
-5 4187 3289 4363 ſoupire, je me meurs d'impatience, juſqu'à
-2 4359 3011 4531 ce que tu ſois à moi pour toujours.
525 4510 3526 4698 Sa tante, Serene & M. Sharpley prirent
0 4656 3297 4857 beaucoup de plaiſir à la maniere dont elle
-3 4855 3289 5027 nous avoit raconté ſes aventures; & cha-
-6 5020 3285 5189 cun la remercia à ſon tour dans les termes
14 5182 3289 5358 les plus affectueux, des complimens qu'elle
-5 5331 3293 5525 leur avoit adreſſés. Mais, dit Sharpley,
36 5516 3612 5689 eſt-il vrai que j'aie gagné le cœur de ma
44 5678 3297 5855 chere Serene? Heureuſe découverte! Eſt-
10 5847 3575 6021 il bien vrai, mon ange? Demandez-le à
10 6012 3301 6191 ma couſine, repliqua cette aimable fille,
40 6181 3293 6357 & raportez-vous-en à elle; elle dit toujours
-1 6334 3297 6564 la vérité. Il ſe leva, courut l'embraſſer, &
