4266 7838
1172 779 3672 955 LA vvetlEs aventures
1161 929 4279 1138 nous avions deſſein de nous embarquer
1157 1113 4278 1301 pour l'Angleterre. Louiſe, Serene & ſa
1150 1282 4278 1466 mere ſoutinrent à merveille les fatigues de
1150 1451 4277 1632 cette longue route, quoique les auberges
1154 1614 4277 1816 ſoient ſi mauvaiſes dans preſque toute la
1143 1778 4277 1968 Flandre, que les plus petites gens d'Angle-
1150 1941 4276 2120 terre murmureroient d'être forcés de s'y ar-
1143 2099 4276 2292 rêter. En effet, on peut dire à l'honneur
1146 2275 4276 2466 de l'Angleterre, qu'il n'y a point de pays
1139 2442 4275 2611 dans le monde où l'on trouve tant de com-
1132 2606 4275 2792 modités dans les auberges & ſur les grands
1135 2769 4274 2960 chemins. La France & la Hollande ſont à
1124 2932 4274 3105 peu près ſur le même pied; mais pour l'Eſ-
1128 3096 4274 3274 pagne, l'ltalie, l'Allemagne, & tous les
1135 3267 4273 3438 autres pays de l'Europe, les auberges y ſont
1132 3422 4273 3605 mauvaiſes, les nourritures groſſieres & mal
1135 3597 4273 3791 accommodées, & l'on n'y trouve point les
1135 3761 4272 3942 commodités du voyage. J'étois alors gai,
1131 3925 4272 4105 content & ſatisfait; je voyois tout ſous un
1128 4087 4272 4265 jour favorable; je n'avois point de reſſen-
1131 4250 4271 4431 timens dans le cœur, & je pardonnois au
1128 4414 4271 4592 genre humain toutes ſes ſottiſes & ſes ab-
1132 4574 4271 4757 ſurdités. Hélas! que l'infortune ſçait bien
1120 4748 4270 4924 empoiſonner le goût que nous avons pour
1128 4908 4270 5104 la vie. Un infortuné trouve mauvais tout
1128 5071 4269 5252 ce qui choque ſon humeur ou ſa fantaiſie.
1124 5238 4269 5421 Laſſé de la vie, tourmenté continuellement
1124 5398 4269 5583 par ſes inquiétudes ou ſa ſituation malheu-
1117 5562 4268 5750 reuſe, il regarde tous les hommes comme
1117 5732 4268 5914 ſes ennemis, & aperçoit dans leur con-
1109 5907 4268 6081 duite des fautes qui, dans un autre tems,
1117 6059 4267 6248 ne lui paroîtroient que des bagatelles aux-
1102 6230 3516 6411 quelles il ne prendroit pas garde.
1273 6368 4267 6582 Nous fûmes embarraſſés de pouvoir, dans
3853 6555 4267 6756 le
