4266 7841
665 717 3209 915 De Josnoh Joson.115
10 853 3239 1071 ſui pris la main, & lui dis avec effuſion de
10 1068 3239 1237 cœur: quoi, M. Brisk mon ancien ami,
10 1237 3228 1427 comment avez-vous pu reconnoître un hom-
367 1398 3228 1570 ne ſi changé depuis que vous l'avez vu à
330 1565 3232 1739 a flotte? Monſieur, me repliqua-t-il, j'ai
10 1735 3354 1905 été long-tems ſans vous remettre; mais à
18 1896 3239 2069 la fin je me ſuis rapellé M. Thompſon,
10 2064 3228 2238 l'ami de mon Maître, que je n'ai quitté
10 2227 3228 2404 qu'hier; & comme il m'a dit que vous de-
196 2395 3250 2566 viez arriver de France de jour en jour, cela
10 2554 3247 2730 a aidé à ma mémoire. Je lui demandai
10 2722 3250 2892 quelle affaire l'avoit amené à Harwich. Il
10 2886 3235 3060 me répondit que ſon Maître lui avoit pro-
10 3049 3254 3222 curé l'emploi de Sécretaire du Commiſſaire
25 3217 3243 3380 Anglois en Plandre, & qu'il alloit s'em-
341 3380 3250 3555 barquer dans le paquebot pour Helvœtſluis,
40 3540 3425 3715 & que précédemment il avoit fait quelques
36 3708 3254 3875 affaires à Colcheſter pour M. Prig. Je fus
40 3864 3258 4048 charmé de voir ce jeune homme, dont
40 4031 3265 4226 j'avois oublié de reconnoître les ſervices
40 4198 3261 4380 qu'il m'avoit rendus dans mes malheurs. Je
47 4359 3258 4542 le retins à dîner; & après l'avoir bien ré-
51 4526 3258 4716 galé, je le tirai à l'écart, & lui dis que
32 4690 3261 4873 j'étois fâché d'avoir quitté l'Angleterre ſans
51 4857 3265 5036 m'être acquitté des obligations que je lui
51 5021 3269 5192 avois. Je le priai de m'excuſer, & de re-
40 5192 3258 5368 cevoir maintenant les marques de ma re-
55 5352 3261 5522 connoiſſance: en même-tems je lui mis
140 5515 3500 5688 dans la main un billet de banque de 1oo l.
47 5668 3548 5862 ſterlings. Il rougit, & vouloit refuſer ce
36 5847 3269 6200 lii romii qu ſ n le oe en aneelere
70 6178 3273 6362 je tâcherois de le rétablir dans ſon ancienne
36 6345 3284 6528 profeſſion, où j'étois ſûr qu'à l'exemple de
3813 7592 4230 7715 e
