4266 7902
11 7 562 116 -
1024 735 3455 916 I6 LAvieerlesaventures
1032 896 3995 1090 M. Prig, il trouveroit moyen de réuſſir &
1032 1077 3928 1247 de ſe faire aimer. Il me remercia mille fois
1028 1242 3965 1418 de cette marque de bonté; mais le paque-
1028 1411 4101 1579 bot étant prêt à mettre à la voile, il fallut
1032 1579 3935 1753 finir notre converſation, & il me quitta.
1201 1745 3943 1923 Le lendemain nous louâmes un caroſſe
1043 1907 3943 2092 & des chevaux, & nous prîmes avec joie
1035 2080 3950 2256 le chemin de Londres. Nous nous voyions
1028 2249 3947 2426 alors dans notre patrie, & nous nous preſ-
1024 2410 4250 2602 ſions d'arriver chez nos amis, qui ſans doute
765 2586 3939 2759 étoient impatiens de me revoir, & atten-
1028 2752 3950 2922 doient depuis long-tems mon arrivée; mais
1028 2917 3939 3090 pour le Capitaine Sharpley & les Dames,
1028 3086 4007 3263 on ne les attendoit en aucune façon. Quel
1032 3251 3950 3427 plaiſir ne reſſentîmes - nous pas à meſure
1028 3420 3943 3595 que nous aprochions du lieu de notre naiſ-
878 3593 3943 3762 ſance, où nous comptions terminer nos
1020 3759 3939 3929 aventures par une union heureuſe & promp-
912 3920 3935 4096 te! Arrivés à Colcheſter, nous étions à
912 4085 3932 4261 peine deſcendus à l'auberge, que je me
1017 4254 3939 4428 ſentis embraſſé par un homme en bottes,
1020 4419 3958 4592 qui me ſerra dans ſes bras avec tant de
807 4581 3958 4759 promptitude & de vivacité, que je n'eus
1002 4750 3954 5096 enlenlamt réeétee dde vern en tenie mmon
1017 5085 3946 5254 cher Maître, quoi vous voilà, mon ami,
1028 5246 3958 5422 mon fils, tout ce que j'ai de cher! Je le
1017 5415 3950 5599 reconnus alors pour mon fidele Truman;
1009 5588 3965 5759 je lui rendis ſes careſſes avec un épanche-
1017 5753 3950 5915 ment de cœur & une ſatisfaction inexpri-
1020 5899 3939 6100 mable. Nous répandîmes des larmes; &
1017 6083 3954 6264 toute la compagnie m'entendant répéter,
1028 6253 3996 6436 cher Truman, comprit aiſément que c'é-
1024 6422 3958 6636 toit ce digne domeſtique dont je leur avois
