4266 7841
1163 732 3589 907 1I La VieETlLs ventures
1193 892 4113 1085 avoit même obtenu déjà un paſſeport pour
1186 1063 4106 1247 m'aller trouver à Paris. Monſieur, ajouta-
1186 1228 4087 1411 t-il, votre pere a déjà été deux fois à Lon-
1189 1386 4102 1577 dres depuis vos dernieres lettres; il eſt
1182 1561 4095 1740 maintenant retourné en York, où il eſpére
1185 1721 4106 1904 bientôt vous voir. Il ne ſe reſſouvenoit plus
1186 1888 4106 2061 du tout de Sharpley, qui ſe fit connoître à
1182 2052 4091 2238 lui. Pour lors il l'embraſſa de tout ſon cœur,
1186 2220 4109 2396 & le félicita ſur ſon heureuſe arrivée en
1178 2387 4106 2563 Angleterre, en lui diſant que ſon pere &
1182 2554 4113 2726 toute ſa famille étoient en bonne ſanté.
1182 2714 4102 2889 Mais, Monſieur, continua-t-il, eſt-il à
1182 2882 4098 3055 propos que ma chere Maîtreſſe ſe faſſe con-
1182 3045 4111 3225 noître tout-d'un-coup? S'il m'eſt permis de
1040 3209 4106 3390 dire ce que je penſe, je voudrois qu'elle ſe
1178 3373 4106 3552 déguiſât, afin de pouvoir voir Sir Walter
1171 3540 4109 3715 ſans en être connue, & qu'il la remette
1171 3704 4095 3886 lui même entre vos bras, ſans ſçavoir que
1173 3868 4113 4048 c'eſt cette fille dont il ſe reproche tous les
1171 4039 4087 4214 jours la perte, ainſi que les maux qu'il vous
1174 4202 4114 4373 a cauſés. Nous conſentîmes avec plaiſir à
1174 4366 4113 4540 cette propoſition; nous réſolûmes de ſuivre
1171 4530 4098 4701 ſon avis, & de cacher à tout le monde l'e-
1174 4693 4117 4866 xiſtence de Miſſ Louiſe, juſqu'à ce que
1186 4857 4113 5033 notre mariage fut accompli. Madame Rich
1178 5024 4098 5188 me pria d'envoyer Truman louer une mai-
1182 5188 4117 5362 ſon convenable pour nos Dames dans le
1178 5355 4109 5529 plus beau quartier de la Ville, juſqu'à ce
1182 5519 4117 5694 que j'euſſe arrangé mes affaires à Londres,
1189 5683 4117 5857 & que je puſſe les conduire dans le Pays
1186 5836 4109 6018 d'York. Pour lui donner tout le tems né-
1189 6010 4122 6185 ceſſaire, nous reſtâmes quelques jours à
1189 6178 4113 6357 Colcheſter, & nous allâmes à Londres à
1189 6338 4117 6542 petites journées, que nous n'y arrivâmes
