4266 7841
1074 676 3503 865 12O La ViE T LESAVENTuRes
1074 847 3983 1192 His, elun ue e l yr uot, ooieut,
1074 1178 3965 1365 quand j'en ſuis parti. Je vais prendre le pa-
1074 1342 3946 1521 quebot, & j'irai voir ce cher ami, quoi-
1074 1509 3975 1695 qu'il en puiſſe arriver. Il prononça ces mots
1066 1677 3957 1859 d'un air ſi touchant, que je n'y pus tenir
1070 1837 3957 2012 davantage, & je m'écriai en me retour-
1066 2011 3958 2183 nant: non, mon cher Monſieur, vous ne
1066 2171 3972 2359 ferez point un voyage ſi fatiguant. Voyez
1059 2346 4214 2519 votre ami Thompſon qui eſt à vous plus
1059 2514 3946 2674 que jamais. Il ſe leva précipitamment de
1059 2670 3953 2853 ſon ſiege, & accourant dans mes bras, il
1066 2837 3962 3014 me dévora preſque de careſſes que je lui
1059 3001 3950 3184 rendis d'auſſi bon cœur; nous fûmes quel-
1055 3172 3946 3348 que tems ſans pouvoir parler; Sharpley fut
1055 3336 3946 3515 obligé de nous rapeller à nous-mêmes. Je
1052 3503 3950 3681 lui apris alors qui étoit ce Gentilhomme:
1026 3663 3979 3827 il fut charmé de le voir; & le recit de nos
1055 3838 3946 4008 aventures redoubla encore ſa ſatisfaction.
1052 3998 3950 4169 Monſieur, dit-il, je rends grace à la Pro-
1052 4162 3946 4340 vidence de votre heureux retour; vous allez
1048 4329 4080 4499 porter la joie dans le cœur de tous vos
1044 4492 3949 4669 amis, auſſi-bien que dans le mien. Votre
1041 4659 3942 4832 ami Diaper & tous les autres qui ſont à
706 4824 3935 4999 Londres, ne deſirent tien tant que de vous
1040 4987 3938 5167 voir. Mon ami & M. Goodvill ont fait un
1048 5151 3942 5326 long ſéjour dans cette Ville dans cette eſpé-
1037 5322 3946 5498 rance. Mais que penſerez-vous? Prim & ſa
1040 5486 3953 5661 famille ſont venus en Angleterre. Je ſuis
1037 5653 3957 5831 maintenant ſur le point de faire expédier
1040 5821 3950 5996 le contrat d'une Terre qu'il a achetée au-
1044 5984 3950 6169 près de Cheshunt en Hertford. Ma ſatisfac-
1044 6151 3938 6333 tion étoit la plus grande du monde; & quel-
910 6319 3987 6494 que réſolution que j'euſſe fait, je ne pus
3147 6477 3968 6653 m'empêcher
