4266 7776
785 730 3145 916 DE JOsEPE THOmPso.2
36 907 3127 1087 m'empêcher de déclarer à Prig que j'avois
21 1072 3141 1241 retrouvé Miſſ Louiſe, après l'avoir penrdue
28 1234 3138 1414 ſi long-tems. Il en fut dans la plus grande
21 1399 3141 1572 ſurpriſe, & admira la bonté de la Provi-
24 1564 3141 1736 dence, & les voies merveilleuſes dont elle
36 1733 3149 1892 ſe ſert tous les jours pour rendre les hom-
25 1906 1410 2070 mes heureux.
260 2061 3163 2238 Prig étoit toujours le même que je l'a-
47 2208 3149 2403 vois laiſſé, il n'étoit point encore marié;
76 2395 3145 2561 mais, au moyen des bontés extraordinaires
39 2557 3141 2722 de Meſſieurs Goodvill & Bellair, & avec
54 2718 3137 2873 les recommandations de M. Diaper & de
46 2884 3138 3058 mon pere, il avoit eu dans ſa profeſſion
43 3049 3134 3220 des ſuccès ſi favorables, qu'il ſe trouvoit
91 3211 3148 3386 déjà au-deſſus de ſes affaires, & maître d'une
50 3380 1491 3550 aſſez jolie fortune.
252 3538 3149 3714 Je le priai de ne rien dire de mon ar-
65 3689 3130 3875 rivée à nos autres amis, parce que j'avois
69 3861 3145 4042 deſſein d'aller chez M. Diapeer, & d'y
76 4027 3134 4209 cauſer à tout le monde une ſurpiriſe agréa-
58 4188 3138 4361 ble par ma preſence. Je le conjurrai ſur-tout
260 4354 3126 4544 de me garder un ſecret inviolable ſur le
263 4519 3130 4692 ſort de Miſſ Louiſe, dont je n'avois parlé
65 4681 3119 4863 qu'à lui. Nous le menâmes enſuite avec
72 4850 3119 5017 nous ſouper chez les trois Dames; il fut ſi
87 5012 3119 5190 frapé d'admiration à la vue de ma char-
83 5173 3123 5357 mante Maîtreſſe, & de ſa converſation,
264 5339 3116 5513 qu'il répéta pluſieurs fois en nous en re-
252 5504 3174 5696 tournant; c'eſt la plus aimable Dame du
91 5669 3104 5836 monde, je n'ai jamais vu de beauté ſi
80 5836 793 6041 parfaite.
124 5996 3108 6209 M. Sharpley & moi avions parcouru
76 6158 3112 6342 toute la Ville avec Prig. J'y avois acheté
80 6330 3104 6515 un beau collier de diamans, & lui des
441 6490 1191 6659 I. Partie.
