4266 7706
619 731 2963 972 DE JosEPh Thomoson.
122 964 2963 1139 parâmes pour nous rendre au logement que
159 1130 3105 1293 Truman nous avoit préparé dans le voiſi-
57 1287 2963 1465 nage de ces Dames. Le lendemain j'or-
53 1450 2960 1599 donnai à Truman de me chercher des
42 1610 2960 1784 billets du banque pour la valeur de 1oo0
61 1776 2971 1953 liv. ſterlings; j'en convertis un en guinées,
43 1937 2978 2109 que je mis dans une riche bourſe dont
43 2103 2963 2271 j'avois fait l'emplette tout exprès. Alors
57 2259 2989 2448 j'allai chez nos Dames, & prenant Miſſ
50 2422 2974 2587 Louiſe en particulier, je lui tins ce diſ-
53 2586 2978 2746 cours. J'eſpere, ma chere Louiſe, que
68 2745 2974 2909 vous me regarderez maintenant comme
61 2905 2985 3075 un homme qui vous apartient; ainſi il eſt
75 3068 3079 3236 juſte que vous partagiez avec moi la for-
137 3224 2989 3402 tune que la Providence a fait paſſer dans
79 3391 2971 3561 mes mains. Quand même il ſeroit poſſible
90 3553 2985 3714 que Sir Walter nous refusât ſon conſente-
115 3709 2978 3863 ment, ou qu'il voulût nous priver de ſon
133 3863 2978 4042 bien, elle eſt aſſez conſidérable pour nous
97 4026 2974 4211 rendre heureux. Je ne puis ſouffrir que
101 4193 3292 4375 vous ſoyez plus long-tems à charge à
122 4356 3297 4524 Madame Rich pour tout ce qui vous
122 4516 2978 4688 eſt néceſſaire, à quoi je puis aiſément ſu-
93 4672 2978 4854 pléer. Acceptez cette bourſe, elle ſuffira pour
122 4835 2974 5012 ſupléer aux dépenſes qui vous reſtent à faire
140 5001 2974 5181 juſqu'à notre mariage; ayez ſoin d'acheter
115 5162 2981 5329 tout ce dont vous avez beſoin, ou ce qui
148 5318 2989 5500 pourra vous faire plaiſir, avant que nous par-
133 5481 2978 5644 tions pour le pays d'York. Tandis que je
129 5641 2985 5819 lui parlois, cette belle fille me regardoit
122 5807 2985 5989 tendrement, & me répondit en ces termes:
118 5966 2985 6152 Mon cher Thompſon, j'accepte ce géné-
141 6132 2981 6325 reux preſent, & je l'économiſerai avec la
126 6296 2981 6486 même prudence, que je tâcherai toujours
2125 6461 2386 6590 La
