4266 7902
536 619 2974 818 DE JosEph Thon.15
10 784 3019 986 ces, où nous n'aurons plus de traverſes à
10 979 596 1152 eſſuyer.
491 1648 2534 1813 APITRE L.
10 1986 2996 2165 Il arrive chez M. Diaper. Joie qu'y cauſe
10 2158 2974 2361 ſon arrivée. Il les mene chez Miſſ Louiſe.
18 2328 3011 2499 Il reçoit des Lettres de M. Saris. Géné-
10 2493 3222 2666 roſité de ce Gentilhomme. Bonté exceſſive
10 2662 3026 2837 de M. Goodvill. Il va voir M. Prim.
14 2830 3267 3008 Acheve d'arranger ſes affaires, après quoi
52 2992 2501 3194 ils partent pour le Comté d'York.
141 3330 3019 3507 Uand nous eûmes paſſé plus d'une
146 3499 2981 3675 ſemaine à parcourir toutes les raretés
21 3653 3015 3843 de Londres & des environs, dont Miſſ
10 3814 3041 4010 Louiſe & Miſſ Serene ſa couſine n'avoient
10 3999 2996 4178 eu juſqu'alors aucune idée, puiſqu'elles
10 4160 3210 4346 n'étoient jamais venues dans cette Capita-
10 4326 3098 4512 le, je ne pus réſiſter plus long-tems à l'im-
10 4498 2989 4686 patience de voir mon cher ami, & le reſte
10 4667 2978 4848 de la ſociété aimable, qui, comme je l'a-
10 4829 3023 5013 vois apris de Prig, étoit toujours à la cam-
10 5002 2985 5185 pagne chez mon ancien Maître; & je m'y
10 5167 2981 5344 rendis avec Prig, le Capitaine Sharpley &
10 5317 3188 5521 Truman. A meſure que nous aprochions
10 5505 2989 5689 de cette demeure, je me rapellois dans la
10 5674 2974 5855 mémoire mille aventures qui m'y étoient
10 5840 3041 6026 arrivées; mais tout cela ne ſervoit plus
10 6008 3124 6195 qu'à accroître ma ſatisfaction preſente qui
10 6177 2981 6364 étoit ſans bornes. Nous arrivâmes; en en-
10 6343 2989 6542 trant dans la ſalle où ils étoient à dîner, ils
2171 6528 2393 6697 L
