4266 7902
1141 664 3672 854 i6 LAvietLls aventures
1220 833 4266 1020 me reconnurent à l'inſtant, & s'empreſ-
994 1010 4266 1189 ſerent à me féliciter ſur mon heureux re-
1220 1156 4266 1358 tour. M. Diaper, M. Goodvill & M. Bel-
1220 1343 4267 1514 lair ne ſe laſſoient point de me ſerrer dans
1212 1514 4267 1694 leurs bras: les Dames me regardoient avec
1216 1682 4267 1860 une amitié pleine de tendreſſe, & pleure-
1212 1848 4268 2022 rent de joie. Je répondis de mon mieux à
1212 2015 4268 2195 leurs careſſes, & ne pus m'empêcher de
1208 2183 4269 2363 répandre des larmes à mon tour. Mais pour
1212 2354 4269 2530 mon ami & moi, nous goûtâmes un plai-
1212 2513 4269 2694 ſir & des tranſports inconcevables: nous
1216 2677 4270 3027 e demoe
1220 3015 4270 3208 cœurs pouvoit nous inſpirer. Quand nos
930 3184 4271 3528 l ecmnverlaſue uu nneore t oueéhne
1212 3518 4271 3692 Nous ne finiſſions point de nous queſtion-
1212 3684 4272 3868 ner l'un l'autre ſur notre ſanté, ſur l'état
1208 3856 4272 4036 de nos affaires, & ſur les accidens qui nous
904 4021 4273 4199 étoient arrivés. M. Diaper le fils les avoit
1212 4193 4273 4371 inſtruits d'une partie de ce qui me regar-
1208 4347 4273 4529 doit; mais pour ce qui s'étoit paſſé depuis
1205 4517 4274 4707 notre départ du Cap de Bonne-Eſpérance,
1205 4682 4274 5040 ee pus uu siideneren qu' me ur peliles
953 5020 4275 5205 & malgré mes réſolutions, je leur apris
1208 5186 4275 5371 par quel heureux hazard j'avois recouvré
1205 5347 4275 5534 ma chere louiſe: en effet, ce n'étoit qu'à
1205 5516 4276 5696 Sir Walter que j'étois intéreſſé à en faire
1009 5687 4276 5866 myſtere. Ils furent tous très étonnés en en-
1205 5851 4277 6043 tendant cette nouvelle, & admirerent le
1205 6016 4277 6212 ſoin que le Ciel prenoit de mon bonheur.
1205 6178 4277 6370 Enſuite ils s'épuiſerent en félicitations, &
1212 6343 4278 6553 me propoſerent d'aller le lendemain rendre
