<PcGts xmlns="http://schema.primaresearch.org/PAGE/gts/pagecontent/2017-07-15" xmlns:xsi="http://www.w3.org/2001/XMLSchema-instance" xsi:schemaLocation="http://schema.primaresearch.org/PAGE/gts/pagecontent/2017-07-15 http://schema.primaresearch.org/PAGE/gts/pagecontent/2017-07-15/pagecontent.xsd"><Metadata><Creator>User123</Creator><Created>2020-10-12T18:31:05</Created><LastChange>2020-10-12T18:31:05</LastChange></Metadata><Page imageFilename="0142.png" imageHeight="7838" imageWidth="4266"><TextRegion id="r0" type="paragraph" orientation="0.125"><Coords points="1,1 4264,1 4264,7836 1,7836"/><TextLine id="r0_l001"><Coords points="3304,899 3303,898 3302,898 3300,897 3300,883 3300,882 3254,883 3252,881 3252,877 3252,877 1650,880 1649,880 1649,852 1649,851 914,853 913,852 913,850 915,849 1649,847 1649,847 1649,842 1649,841 1018,842 1017,842 1017,841 1017,840 1015,838 1014,838 1013,838 1013,791 1013,790 1011,790 1009,789 1009,784 1010,783 1013,783 1013,783 1013,754 1014,753 1142,753 1142,753 1142,752 1145,749 1269,749 1269,748 1269,731 1270,731 1271,731 1273,728 1273,720 1275,719 1276,719 1276,718 1276,717 1278,716 1279,716 1280,714 1280,713 1282,712 1309,712 1310,710 1310,709 1311,708 1877,707 1878,706 1878,702 1883,697 1898,697 1899,697 1995,697 1997,699 1997,700 1998,701 1999,701 2000,702 2000,728 2001,728 2783,727 2784,728 2784,753 2785,754 3177,753 3178,754 3359,753 3360,755 3360,756 3361,756 3365,756 3366,757 3367,757 3367,758 3367,759 3373,764 3374,764 3374,765 3374,766 3377,768 3378,768 3378,769 3378,774 3380,775 3381,775 3382,777 3382,852 3381,853 3380,853 3378,855 3378,860 3378,860 3377,860 3375,862 3375,866 3374,867 3374,868 3374,868 3369,868 3367,870 3367,871 3367,871 3366,871 3363,874 3363,875 3363,875 3362,875 3359,878 3359,879 3359,879 3358,879 3356,881 3356,882 3355,883 3313,883 3312,884 3312,895 3311,896 3311,897 3310,898 3309,898 3308,899"/><TextEquiv index="1"><Unicode>DE JosEPh Thompson.</Unicode></TextEquiv></TextLine><TextLine id="r0_l002"><Coords points="467,1060 467,1059 467,1043 468,1042 469,1042 470,1041 470,1040 471,1039 496,1039 497,1038 497,943 498,942 502,942 505,939 506,939 507,937 508,936 508,935 509,935 510,935 511,933 511,922 512,921 512,920 513,920 514,920 515,918 515,898 516,898 517,898 518,897 534,896 540,890 667,890 667,890 667,889 670,886 678,886 679,885 679,884 680,883 704,883 704,884 704,885 706,886 710,886 711,887 712,887 712,888 712,889 715,891 718,894 719,894 719,895 719,907 723,911 723,923 724,923 725,923 726,924 1016,923 1016,923 1016,915 1019,912 1020,912 1020,912 1020,907 1022,905 1023,905 1024,904 1024,899 1025,898 1026,898 1028,896 1028,895 1029,894 1034,894 1035,893 1035,892 1037,890 1049,890 1050,889 1050,888 1051,887 1052,887 1053,886 1059,886 1060,887 1061,887 1061,888 1061,889 1064,891 1065,891 1065,892 1065,931 1066,931 1258,931 1258,930 1258,883 1259,883 1260,883 1264,879 1268,879 1269,880 1269,881 1271,883 1280,883 1280,883 1280,894 1281,895 1437,895 1438,894 1439,894 1440,893 1440,892 1440,891 1441,891 1443,890 1443,890 1443,889 1446,886 1447,886 1447,886 1447,885 1449,883 1465,883 1466,882 1466,881 1468,879 1476,879 1477,881 1477,882 1479,883 1646,883 1649,880 1655,880 1655,881 1655,882 1657,883 1658,883 1659,885 1659,920 1660,920 1803,920 1803,919 1803,918 1806,916 1934,915 1934,915 1934,906 1935,905 1936,905 1937,904 1937,889 1940,886 1941,886 1941,886 1941,885 1943,883 1944,883 1945,882 1945,881 1947,879 1951,879 1955,875 1959,875 1960,874 1960,873 1961,872 1970,872 1971,874 1971,875 1972,875 1973,875 1975,878 1975,879 1976,879 1985,879 1985,880 1985,881 1986,881 1988,883 1989,883 1989,884 1989,909 1990,909 2048,909 2049,911 2049,912 2050,912 2051,912 2053,915 2053,916 2054,916 2190,916 2190,915 2190,876 2192,875 2193,875 2194,873 2194,872 2195,872 2201,872 2201,872 2201,878 2202,879 2204,879 2205,880 2205,915 2206,916 2260,916 2260,916 2260,917 2261,918 2261,919 2262,920 2271,920 2272,921 2523,920 2524,919 2524,918 2526,916 2527,916 2528,918 2528,919 2530,920 2910,919 2910,919 2910,918 2912,916 2958,916 2958,916 2958,912 2959,911 2959,910 2960,909 2999,909 2999,909 2999,878 3001,876 3021,876 3022,878 3022,912 3023,912 3027,912 3028,913 3029,913 3029,914 3029,924 3030,924 3192,924 3192,923 3192,888 3195,886 3205,886 3206,887 3207,887 3207,887 3207,888 3209,890 3243,890 3247,894 3248,894 3248,894 3248,899 3249,900 3308,899 3308,900 3308,931 3309,931 3392,931 3393,933 3392,934 3393,953 3392,953 3378,953 3378,954 3378,1005 3377,1005 3330,1005 3330,1006 3330,1034 3328,1035 3327,1035 3326,1034 3326,1033 3325,1032 3324,1032 3322,1030 3322,1006 3321,1005 3244,1006 3243,1005 3156,1005 3155,1003 3155,1002 3154,1002 3064,1002 3062,999 3062,998 3061,998 2956,998 2955,997 2955,995 2954,994 2769,995 2769,995 2769,1026 2767,1028 2766,1028 2766,1028 2766,1029 2764,1031 2749,1031 2749,1031 2749,1042 2748,1043 2741,1043 2741,1042 2741,994 2740,994 2365,994 2364,993 2149,994 2149,994 2149,1040 2148,1041 2134,1041 2134,1040 2134,994 2133,994 2046,994 2045,996 2045,997 2043,998 1975,998 1975,999 1975,1000 1972,1002 1830,1003 1828,1005 1827,1005 1826,1006 1826,1011 1824,1013 1819,1013 1819,1013 1819,1014 1816,1017 1815,1017 1815,1017 1815,1018 1813,1020 1812,1020 1811,1021 1811,1022 1809,1024 1797,1024 1796,1022 1796,1021 1794,1020 1793,1020 1793,1019 1793,997 1792,997 1658,997 1657,998 1478,998 1477,1000 1477,1001 1476,1001 1475,1001 1474,1002 1470,1002 1469,1004 1469,1005 1468,1005 1459,1005 1458,1004 1458,1003 1457,1002 1442,1002 1441,1002 1102,1002 1102,1003 1102,1004 1100,1005 1092,1005 1091,1007 1091,1008 1089,1009 1010,1009 1009,1008 843,1009 843,1009 843,1056 842,1057 836,1057 835,1058 827,1058 827,1057 827,1009 826,1009 672,1009 671,1011 671,1012 669,1013 526,1013 526,1014 526,1059 525,1059"/><TextEquiv index="1"><Unicode>fectueuſe de Saris; &amp; en mon particulier</Unicode></TextEquiv></TextLine><TextLine id="r0_l003"><Coords points="1303,1216 1302,1215 1302,1169 1302,1169 1129,1169 1128,1170 1128,1171 1126,1173 984,1173 982,1176 973,1176 972,1176 972,1200 970,1203 969,1203 968,1203 968,1208 967,1210 944,1210 942,1208 942,1176 942,1176 535,1176 534,1177 534,1179 533,1180 532,1180 530,1182 530,1201 529,1202 528,1202 527,1203 527,1204 526,1205 524,1206 523,1206 523,1207 521,1210 520,1210 519,1210 519,1211 518,1213 510,1213 508,1214 508,1215 507,1217 506,1217 504,1215 504,1214 503,1213 502,1213 500,1211 500,1065 499,1065 471,1065 471,1064 471,1063 470,1062 470,1061 469,1061 467,1061 467,1060 467,1060 525,1059 526,1060 526,1102 526,1102 696,1102 697,1102 697,1063 698,1061 703,1061 704,1061 704,1060 706,1057 843,1057 846,1059 846,1101 846,1102 1097,1101 1098,1101 1098,1100 1099,1098 1178,1098 1180,1097 1180,1096 1180,1095 1181,1095 1182,1094 1298,1094 1299,1093 1299,1050 1299,1050 1308,1050 1310,1051 1310,1052 1311,1054 1316,1054 1317,1054 1317,1093 1317,1094 1480,1093 1481,1093 1481,1092 1481,1091 1491,1091 1492,1091 1492,1051 1492,1050 1493,1050 1497,1046 1531,1046 1533,1045 1533,1044 1534,1042 1545,1042 1548,1045 1548,1046 1548,1046 1557,1046 1558,1047 1558,1048 1559,1049 1559,1087 1559,1087 1742,1087 1744,1085 1744,1081 1746,1079 1747,1079 1748,1078 1748,1077 1749,1076 1754,1076 1755,1076 1755,1077 1756,1078 1756,1082 1756,1083 1925,1082 1928,1079 1929,1079 1930,1079 1930,1078 1931,1076 1936,1076 1937,1077 1937,1078 1938,1079 2130,1079 2131,1078 2131,1046 2131,1046 2132,1046 2134,1044 2134,1041 2134,1041 2149,1041 2153,1044 2153,1086 2153,1087 2322,1087 2323,1086 2323,1085 2325,1083 2326,1084 2612,1083 2613,1082 2613,1051 2614,1050 2615,1050 2616,1049 2617,1048 2617,1047 2618,1046 2619,1046 2621,1044 2621,1043 2622,1042 2629,1042 2630,1043 2749,1043 2751,1044 2751,1045 2751,1046 2752,1046 2754,1047 2754,1083 2754,1084 2856,1083 2859,1086 2859,1087 2859,1087 2860,1087 2862,1089 2862,1090 2863,1091 3079,1091 3081,1089 3081,1088 3082,1087 3094,1087 3096,1088 3096,1089 3097,1091 3217,1091 3219,1092 3219,1093 3219,1094 3257,1094 3258,1095 3301,1094 3302,1095 3303,1095 3304,1096 3304,1097 3309,1102 3310,1102 3311,1103 3311,1120 3311,1120 3346,1120 3349,1123 3349,1124 3349,1124 3384,1124 3385,1125 3385,1126 3387,1128 3388,1128 3389,1129 3389,1134 3390,1135 3391,1135 3393,1137 3393,1149 3391,1150 3390,1150 3390,1151 3390,1152 3387,1154 3345,1154 3345,1155 3345,1186 3344,1187 3339,1187 3337,1186 3337,1155 3336,1154 3319,1154 3319,1155 3319,1168 3318,1169 3309,1169 3308,1170 3308,1171 3307,1172 3306,1172 3305,1173 3300,1173 3299,1172 3298,1172 3297,1172 3296,1171 3296,1170 3296,1169 3291,1169 3290,1168 3143,1169 3140,1166 3140,1165 3139,1165 2896,1165 2896,1165 2896,1164 2893,1161 2855,1161 2854,1160 2473,1161 2472,1160 2302,1161 2301,1159 2301,1158 2300,1158 2001,1158 2000,1160 2000,1161 1999,1161 1990,1161 1989,1160 1989,1159 1988,1158 1928,1158 1927,1157 1708,1158 1707,1159 1707,1160 1706,1161 1675,1161 1674,1162 1615,1162 1612,1165 1489,1165 1489,1166 1489,1214 1489,1214 1415,1215 1414,1216"/><TextEquiv index="1"><Unicode>je lui promis d'entretenir avec lui un com-</Unicode></TextEquiv></TextLine><TextLine id="r0_l004"><Coords points="1214,1385 1213,1384 1213,1371 1213,1371 480,1373 478,1371 478,1362 479,1362 1213,1360 1213,1359 1213,1342 1213,1342 526,1343 525,1343 524,1343 523,1342 523,1341 522,1340 518,1340 517,1339 516,1339 515,1338 515,1288 515,1288 514,1288 511,1285 511,1274 513,1273 514,1273 515,1271 515,1270 517,1269 522,1269 522,1268 522,1267 525,1265 1016,1263 1016,1263 1016,1223 1019,1220 1020,1220 1020,1220 1020,1219 1022,1217 1302,1217 1303,1216 1485,1215 1486,1214 1489,1214 1490,1213 1684,1213 1685,1211 1685,1210 1686,1210 1687,1210 1688,1209 1885,1209 1885,1208 1885,1204 1886,1203 1886,1202 1887,1202 1900,1202 1901,1202 1907,1202 1908,1204 1908,1206 1909,1206 2330,1206 2331,1207 2713,1206 2714,1207 2714,1208 2716,1210 2945,1209 2946,1210 2947,1210 2947,1211 2947,1212 2949,1213 3195,1213 3196,1214 3336,1213 3337,1215 3337,1216 3338,1217 3338,1276 3339,1276 3388,1276 3390,1279 3390,1280 3391,1280 3392,1280 3393,1282 3393,1283 3395,1284 3396,1284 3397,1286 3397,1301 3396,1302 3383,1302 3382,1303 3342,1303 3341,1304 3341,1343 3341,1343 2882,1344 2881,1345 2881,1364 2879,1366 1901,1368 1900,1369 1900,1373 1900,1374 1234,1375 1233,1375 1233,1383 1233,1384 1218,1384 1217,1385"/><TextEquiv index="1"><Unicode>merce d'amitié, &amp; de lui écrire le plus ſou-</Unicode></TextEquiv></TextLine><TextLine id="r0_l005"><Coords points="906,1544 905,1542 905,1514 904,1514 546,1514 545,1513 545,1509 542,1506 541,1506 541,1506 541,1501 539,1499 531,1499 530,1498 530,1497 529,1496 528,1496 526,1494 526,1492 525,1491 516,1492 515,1490 515,1489 514,1489 513,1488 512,1488 511,1486 511,1470 510,1470 506,1470 505,1469 504,1469 504,1468 504,1463 505,1462 507,1462 508,1461 508,1437 509,1436 629,1435 632,1432 770,1432 771,1431 771,1430 772,1429 773,1429 775,1427 775,1426 776,1425 1213,1424 1214,1423 1213,1385 1214,1385 1217,1385 1218,1384 1885,1383 1885,1382 1885,1374 1886,1374 1903,1373 1904,1375 1905,1417 1905,1417 1964,1417 1965,1418 1966,1418 1967,1419 1967,1420 1968,1421 1969,1421 1971,1423 1971,1424 1972,1425 1972,1425 1973,1425 1974,1426 1974,1427 1975,1428 1975,1466 1975,1466 2014,1466 2015,1467 2015,1472 2016,1473 2017,1473 2019,1475 2019,1484 2018,1484 2017,1484 2015,1487 2015,1491 2013,1492 2005,1492 2004,1494 2004,1495 2003,1495 1559,1496 1559,1497 1559,1498 1557,1499 1471,1499 1469,1502 1469,1503 1468,1503 1458,1503 1458,1504 1458,1532 1457,1533 1457,1533 2253,1532 2254,1533 2255,1533 2257,1534 2256,1535 1225,1537 1224,1538 1224,1539 1223,1540 931,1541 931,1541 931,1542 929,1544"/><TextEquiv index="1"><Unicode>vent que je pourrois.</Unicode></TextEquiv></TextLine><TextLine id="r0_l006"><Coords points="3203,1704 3202,1703 3201,1703 3200,1702 3200,1700 3200,1700 3039,1700 3036,1698 3036,1697 3036,1696 3035,1696 3033,1695 3033,1664 3033,1663 2913,1663 2912,1662 2575,1663 2572,1661 2572,1660 2572,1659 2411,1659 2410,1658 2084,1659 2082,1658 2082,1657 2081,1655 1910,1655 1907,1658 1907,1659 1907,1659 1890,1660 1889,1660 1889,1691 1889,1692 1880,1692 1878,1693 1878,1694 1877,1696 1869,1696 1867,1694 1867,1693 1866,1692 1861,1692 1859,1690 1859,1659 1859,1659 1664,1659 1663,1660 1663,1661 1661,1663 1552,1663 1551,1664 1551,1666 1551,1666 1464,1666 1462,1665 1462,1664 1462,1663 1457,1663 1456,1662 1285,1663 1284,1663 1284,1664 1283,1666 1275,1666 1273,1667 1273,1668 1272,1670 992,1670 991,1671 991,1672 989,1674 986,1674 985,1673 677,1674 675,1673 675,1672 674,1671 674,1670 673,1670 671,1669 671,1668 673,1666 674,1666 675,1665 675,1560 675,1559 676,1559 679,1557 679,1556 679,1555 747,1555 753,1561 753,1599 753,1599 974,1599 976,1597 976,1596 976,1596 984,1595 985,1596 1256,1596 1258,1594 1258,1593 1259,1592 1524,1591 1525,1591 1525,1579 1526,1577 1527,1577 1529,1576 1529,1572 1533,1568 1533,1564 1534,1562 1535,1562 1536,1562 1536,1557 1537,1555 1538,1555 1540,1554 1540,1553 1541,1551 1542,1551 1544,1550 1544,1549 1544,1548 1545,1548 1548,1546 1548,1545 1548,1544 1568,1544 1569,1544 1569,1543 1570,1542 1570,1541 1570,1540 1713,1540 1715,1541 1715,1542 1716,1544 1720,1544 1722,1545 1722,1549 1723,1551 1724,1551 1726,1552 1726,1576 1726,1577 1765,1577 1766,1577 1766,1578 1767,1579 1767,1583 1768,1585 1769,1585 1770,1585 1770,1586 1771,1588 1940,1587 1941,1587 1941,1542 1942,1540 1947,1540 1948,1540 1948,1539 1950,1536 1957,1536 1961,1540 2021,1540 2023,1542 2023,1543 2024,1544 2025,1544 2027,1546 2027,1581 2027,1581 2241,1581 2242,1580 2242,1541 2243,1540 2244,1540 2245,1539 2245,1538 2247,1536 2248,1536 2249,1535 2256,1535 2257,1536 2266,1536 2268,1537 2268,1576 2268,1577 2329,1577 2331,1578 2331,1579 2332,1581 2337,1581 2338,1582 2542,1581 2543,1581 2543,1538 2544,1536 2555,1536 2558,1539 2558,1540 2558,1540 2723,1540 2725,1538 2725,1537 2726,1536 2730,1536 2732,1537 2732,1538 2733,1540 2812,1540 2814,1541 2814,1542 2815,1543 2815,1544 2816,1544 2817,1544 2817,1545 2818,1546 2818,1585 2818,1585 2942,1585 2944,1587 2944,1588 2944,1588 2949,1588 2951,1590 2951,1591 2952,1592 2953,1592 2955,1594 2955,1603 2955,1603 2956,1603 2959,1606 2959,1636 2960,1636 3166,1636 3166,1635 3166,1620 3167,1619 3167,1618 3167,1618 3168,1618 3170,1616 3170,1612 3172,1610 3173,1610 3174,1609 3174,1604 3175,1603 3176,1603 3177,1602 3178,1601 3178,1600 3179,1599 3180,1599 3181,1598 3181,1597 3182,1596 3190,1596 3193,1593 3193,1592 3193,1592 3247,1592 3248,1591 3248,1589 3249,1588 3250,1588 3251,1589 3287,1588 3289,1590 3289,1591 3290,1592 3376,1592 3378,1594 3378,1595 3379,1596 3384,1596 3386,1598 3386,1599 3386,1599 3387,1599 3389,1601 3389,1602 3389,1602 3390,1603 3391,1603 3393,1605 3393,1606 3393,1606 3394,1607 3395,1607 3397,1609 3397,1658 3396,1659 3395,1659 3393,1661 3393,1662 3393,1662 3392,1662 3389,1665 3389,1666 3389,1666 3384,1666 3382,1668 3382,1669 3381,1670 3376,1670 3375,1671 3375,1672 3373,1674 3234,1675 3233,1675 3233,1699 3233,1700 3224,1700 3222,1701 3222,1702 3222,1703 3221,1703 3220,1704"/><TextEquiv index="1"><Unicode>Il ne me reſtoit plus rien à faire, que</Unicode></TextEquiv></TextLine><TextLine id="r0_l007"><Coords points="3036,1878 3036,1878 3035,1827 3035,1826 2923,1826 2922,1827 2922,1828 2920,1830 2901,1830 2899,1829 2899,1828 2898,1826 2894,1826 2893,1825 2805,1826 2804,1826 2805,1874 2804,1875 2793,1875 2793,1874 2792,1826 2792,1826 2392,1826 2391,1827 2391,1840 2390,1841 2388,1841 2387,1841 2387,1840 2386,1839 2386,1838 2386,1837 2362,1837 2361,1837 2361,1836 2360,1835 2360,1834 2359,1832 2358,1833 2357,1832 2357,1826 2357,1826 2340,1826 2339,1825 2339,1824 2337,1822 2055,1822 2052,1825 2052,1826 2052,1826 1905,1826 1904,1827 1904,1852 1903,1853 1903,1855 1902,1856 1900,1857 1900,1857 1900,1858 1899,1859 1891,1859 1890,1860 1889,1860 1889,1860 1889,1861 1887,1863 1879,1863 1878,1861 1877,1826 1877,1826 1631,1826 1629,1828 1629,1829 1628,1830 1471,1830 1470,1831 1470,1832 1469,1833 1468,1833 1467,1834 1458,1834 1457,1833 1092,1834 1091,1835 1091,1836 1090,1837 1089,1837 1087,1839 1087,1840 1086,1841 1032,1841 1031,1842 1031,1854 1029,1856 1028,1856 1028,1857 1028,1862 1026,1863 1025,1863 1025,1864 1024,1865 1024,1866 1022,1867 1021,1867 1020,1869 1020,1870 1019,1870 1018,1870 1016,1873 1016,1874 1015,1874 1010,1874 1009,1876 1009,1877 1007,1878 986,1878 985,1877 980,1878 980,1877 980,1876 977,1874 976,1874 976,1873 976,1872 973,1870 972,1870 972,1869 971,1841 971,1841 528,1841 527,1841 527,1840 526,1839 526,1838 525,1837 524,1837 523,1836 523,1835 521,1833 520,1833 519,1832 519,1831 518,1830 514,1830 511,1827 511,1823 510,1822 509,1822 508,1821 508,1820 507,1819 503,1819 500,1816 500,1809 503,1807 504,1807 504,1806 504,1793 505,1793 506,1793 508,1790 508,1782 510,1781 511,1781 511,1780 511,1779 513,1778 514,1778 515,1776 515,1775 517,1774 518,1774 519,1772 519,1771 521,1770 526,1769 528,1767 529,1767 530,1766 541,1766 541,1766 541,1724 543,1722 544,1722 545,1721 545,1720 547,1718 614,1718 616,1721 616,1722 617,1722 618,1722 619,1724 619,1732 621,1733 622,1733 623,1735 623,1766 624,1766 991,1765 991,1765 991,1764 992,1763 1090,1763 1091,1765 1091,1766 1092,1766 1257,1766 1258,1764 1258,1763 1259,1763 1279,1763 1280,1761 1280,1760 1282,1759 1395,1759 1395,1758 1395,1757 1398,1755 1401,1755 1403,1757 1403,1758 1404,1759 1405,1759 1410,1764 1602,1763 1603,1762 1603,1761 1605,1759 1606,1759 1607,1758 1607,1757 1608,1756 1609,1756 1610,1755 1621,1755 1622,1754 1622,1753 1623,1752 1978,1751 1978,1751 1978,1743 1980,1741 1981,1741 1982,1740 1987,1740 1988,1741 1989,1741 1989,1742 1989,1748 1990,1748 2271,1748 2272,1749 2606,1748 2606,1747 2606,1715 2608,1714 2609,1714 2610,1712 2610,1711 2611,1711 2616,1711 2617,1709 2617,1708 2619,1707 2716,1707 2717,1708 2717,1709 2719,1711 2724,1711 2725,1712 2725,1713 2726,1714 2727,1714 2728,1715 2728,1775 2729,1776 2878,1775 2879,1774 2880,1774 2880,1774 2880,1773 2883,1770 2884,1770 2884,1770 2884,1765 2886,1763 2891,1763 2891,1763 2891,1762 2894,1759 2895,1759 2895,1759 2895,1758 2898,1755 2906,1755 2907,1754 2907,1753 2908,1752 2917,1752 2918,1754 2918,1755 2919,1755 3020,1755 3022,1758 3022,1759 3023,1759 3215,1759 3215,1758 3215,1723 3217,1722 3218,1722 3218,1721 3218,1720 3221,1718 3236,1718 3237,1719 3237,1755 3238,1756 3302,1755 3303,1756 3304,1756 3304,1757 3304,1758 3306,1759 3310,1759 3312,1762 3312,1763 3313,1763 3314,1763 3315,1765 3315,1785 3316,1785 3377,1785 3379,1788 3379,1789 3380,1789 3392,1789 3393,1791 3393,1792 3394,1792 3395,1792 3397,1795 3397,1802 3393,1806 3393,1810 3392,1811 3320,1811 3319,1812 3319,1832 3318,1833 3317,1833 3316,1834 3159,1835 3158,1835 3159,1862 3158,1863 3153,1863 3151,1865 3151,1866 3150,1867 3138,1867 3137,1865 3137,1864 3135,1863 3134,1863 3133,1861 3132,1826 3132,1826 3063,1826 3062,1826 3063,1877 3062,1878"/><TextEquiv index="1"><Unicode>d'arranger mes comptes avec M. ou plu-</Unicode></TextEquiv></TextLine><TextLine id="r0_l008"><Coords points="1136,2050 1136,2050 1136,2004 1135,2003 1057,2003 1057,2004 1057,2045 1056,2045 1050,2045 1050,2045 1050,2005 1049,2004 1021,2004 1020,2003 676,2004 675,2006 675,2007 673,2008 527,2008 526,2007 516,2008 515,2006 515,1997 514,1997 513,1997 511,1994 511,1952 510,1952 508,1952 508,1951 508,1950 507,1950 505,1948 504,1948 504,1947 504,1942 505,1941 506,1941 508,1939 508,1934 508,1934 509,1934 510,1933 512,1931 512,1930 512,1930 517,1930 519,1928 519,1927 520,1926 521,1926 523,1924 523,1923 523,1923 524,1923 525,1922 570,1921 571,1921 571,1920 571,1919 572,1919 576,1915 577,1915 578,1915 578,1906 579,1904 580,1904 582,1903 582,1898 582,1897 583,1897 586,1895 586,1891 587,1889 588,1889 589,1889 589,1884 590,1882 599,1882 601,1884 601,1885 601,1885 602,1885 604,1887 604,1892 605,1893 606,1893 608,1895 608,1899 613,1904 614,1904 615,1905 615,1906 616,1907 616,1911 616,1911 617,1911 619,1913 619,1918 620,1919 621,1919 623,1921 623,1923 623,1923 666,1923 668,1925 668,1926 668,1926 669,1926 671,1928 671,1933 672,1934 1030,1933 1031,1933 1031,1932 1032,1930 1048,1930 1050,1932 1050,1933 1051,1934 1056,1934 1057,1935 1205,1935 1206,1935 1206,1887 1207,1885 1208,1885 1210,1884 1210,1883 1210,1882 1464,1881 1467,1878 1483,1878 1484,1879 1484,1884 1485,1885 1486,1885 1488,1887 1488,1919 1488,1919 1735,1919 1737,1917 1737,1916 1738,1915 1753,1915 1755,1917 1911,1916 1912,1915 1913,1915 1915,1914 1915,1906 1916,1904 1917,1904 1919,1903 1919,1898 1919,1897 1920,1897 1921,1897 1923,1895 1923,1894 1923,1893 1924,1893 1926,1892 1926,1891 1927,1889 1928,1889 1930,1888 1930,1887 1930,1886 1931,1886 1934,1884 1934,1883 1934,1882 1939,1882 1941,1881 1941,1880 1942,1878 1950,1878 1953,1876 1953,1875 1953,1874 1958,1874 1960,1873 1960,1872 1960,1871 1961,1871 1962,1870 1994,1870 1997,1873 1997,1874 1997,1874 2006,1874 2008,1876 2008,1877 2009,1878 2014,1878 2015,1879 2015,1880 2023,1888 2023,1915 2023,1915 2259,1915 2260,1914 2260,1872 2262,1870 2263,1870 2264,1869 2264,1868 2265,1867 2274,1867 2275,1867 2275,1868 2277,1871 2473,1870 2476,1873 2476,1874 2476,1874 2481,1874 2483,1876 2483,1924 2483,1924 2639,1924 2641,1922 2645,1922 2647,1920 2647,1919 2647,1919 2787,1919 2788,1918 2788,1879 2792,1875 2805,1875 2806,1875 2806,1876 2806,1877 2807,1877 2810,1879 2810,1922 2810,1923 3032,1922 3033,1922 3033,1880 3034,1878 3062,1878 3063,1878 3063,1921 3063,1922 3318,1921 3319,1921 3319,1883 3319,1882 3320,1882 3321,1882 3322,1881 3322,1880 3323,1878 3336,1878 3337,1879 3337,1880 3341,1884 3341,1911 3341,1911 3379,1911 3380,1912 3381,1912 3382,1913 3382,1926 3382,1926 3395,1926 3396,1927 3396,1928 3398,1930 3399,1930 3400,1931 3400,1932 3401,1933 3401,1943 3398,1945 3397,1945 3397,1946 3397,1999 3394,2001 3386,2001 3386,2002 3386,2003 3384,2004 3371,2004 3371,2004 3371,2003 3369,2001 3324,2001 3323,2000 3257,2001 3256,1999 3256,1998 3254,1997 3246,1997 3242,1993 3012,1993 3008,1997 3000,1997 3000,1997 3000,1996 2999,1995 2999,1994 2998,1993 2918,1993 2917,1992 2688,1993 2688,1993 2688,2020 2685,2023 2666,2023 2665,2021 2665,1993 2664,1993 2644,1993 2643,1991 2643,1990 2642,1990 2641,1990 2640,1989 2399,1989 2398,1991 2398,1992 2396,1993 2387,1993 2386,1992 2331,1993 2331,1992 2331,1989 2330,1989 1991,1989 1989,1992 1989,1993 1988,1993 1960,1993 1960,1993 1960,1992 1957,1989 1945,1989 1945,1989 1945,1988 1942,1985 1941,1985 1941,1985 1941,1984 1939,1982 1931,1982 1930,1981 1930,1980 1928,1978 1767,1979 1766,1980 1766,1981 1765,1982 1764,1982 1763,1983 1763,1984 1762,1985 1761,1985 1760,1986 1756,1986 1755,1987 1755,1988 1754,1989 1753,1989 1752,1990 1752,1991 1750,1993 1536,1993 1536,1994 1536,1996 1534,1997 1452,1997 1451,1999 1451,2000 1450,2000 1225,2001 1224,2002 1224,2003 1223,2004 1206,2004 1205,2003 1144,2003 1144,2004 1144,2049 1143,2049 1142,2049 1141,2050"/><TextEquiv index="1"><Unicode>tôt avec Madame Goodvill qui m'avoit</Unicode></TextEquiv></TextLine><TextLine id="r0_l009"><Coords points="557,2221 556,2221 556,2172 556,2171 554,2171 552,2170 552,2169 552,2168 540,2168 537,2166 537,2165 537,2164 528,2164 527,2164 527,2163 526,2162 526,2157 526,2157 525,2157 523,2155 523,2153 524,2153 525,2153 526,2151 526,2121 527,2120 528,2120 534,2114 534,2110 536,2108 537,2108 537,2108 537,2107 540,2104 541,2104 541,2104 541,2103 543,2101 547,2101 551,2097 559,2097 560,2096 560,2095 562,2093 569,2093 570,2094 571,2094 571,2095 571,2096 573,2097 782,2097 782,2096 782,2084 784,2082 785,2082 786,2081 786,2076 787,2075 788,2075 789,2074 790,2073 790,2072 791,2071 792,2071 794,2069 794,2068 795,2067 796,2067 797,2066 797,2061 798,2060 799,2060 801,2058 801,2057 802,2056 811,2056 812,2055 812,2054 814,2052 913,2052 914,2053 915,2053 916,2053 916,2054 917,2056 918,2056 920,2057 920,2096 921,2097 1024,2096 1024,2096 1024,2095 1026,2093 1048,2093 1049,2094 1050,2094 1050,2095 1050,2096 1052,2097 1120,2097 1120,2097 1120,2077 1121,2075 1122,2075 1124,2074 1124,2073 1125,2071 1126,2071 1128,2070 1128,2058 1129,2056 1130,2056 1132,2055 1132,2054 1133,2052 1134,2052 1135,2052 1135,2051 1135,2050 1141,2050 1142,2049 1145,2049 1146,2050 1146,2051 1147,2052 1300,2052 1302,2053 1302,2059 1303,2060 1303,2089 1304,2090 1547,2089 1547,2089 1547,2085 1549,2082 1550,2082 1551,2082 1551,2077 1552,2075 1553,2075 1555,2074 1555,2065 1555,2064 1556,2064 1559,2062 1559,2061 1559,2060 1560,2060 1562,2059 1562,2055 1564,2052 1565,2052 1566,2052 1566,2051 1567,2049 1571,2049 1574,2047 1574,2046 1574,2045 1579,2045 1581,2044 1581,2043 1582,2041 1590,2041 1592,2043 1592,2044 1593,2045 1594,2045 1596,2047 1596,2086 1597,2086 1751,2086 1751,2085 1751,2084 1753,2082 1962,2081 1965,2078 1966,2078 1967,2078 1967,2077 1968,2075 1973,2075 1974,2076 1974,2077 1975,2078 2102,2078 2103,2079 2367,2078 2368,2078 2368,2069 2368,2068 2369,2068 2372,2066 2372,2058 2373,2056 2374,2056 2375,2056 2375,2052 2376,2051 2376,2050 2376,2049 2377,2049 2379,2048 2379,2047 2380,2045 2385,2045 2387,2044 2387,2043 2388,2041 2389,2041 2390,2041 2390,2040 2391,2039 2391,2038 2392,2038 2394,2037 2394,2036 2395,2034 2407,2034 2409,2036 2409,2037 2410,2038 2415,2038 2416,2039 2416,2040 2417,2041 2418,2041 2420,2043 2420,2079 2420,2079 2504,2079 2506,2081 2506,2082 2506,2082 2578,2082 2580,2084 2580,2085 2582,2086 2914,2085 2914,2085 2914,2043 2914,2042 2915,2042 2918,2040 2918,2039 2918,2038 2920,2038 2922,2040 2922,2041 2922,2041 2926,2041 2927,2042 2928,2042 2929,2043 2929,2044 2930,2045 2931,2045 2932,2046 2932,2047 2933,2048 2933,2086 2934,2086 3277,2085 3278,2086 3285,2086 3285,2087 3285,2088 3288,2090 3374,2090 3374,2091 3374,2092 3376,2093 3384,2093 3386,2096 3386,2097 3387,2097 3388,2097 3397,2107 3397,2152 3397,2152 3396,2152 3393,2155 3393,2156 3393,2156 3392,2156 3389,2159 3389,2160 3389,2160 3388,2160 3385,2163 3385,2164 3385,2164 3380,2164 3378,2166 3378,2167 3377,2168 3369,2168 3366,2171 3278,2171 3277,2170 3276,2171 3275,2170 3274,2169 3274,2168 3274,2168 3174,2168 3173,2168 3173,2212 3173,2213 3157,2213 3156,2212 3156,2168 3156,2168 3098,2168 3096,2166 3096,2165 3095,2164 2979,2164 2977,2163 2977,2162 2976,2160 2886,2160 2885,2159 2637,2160 2635,2158 2635,2157 2635,2157 2261,2158 2260,2158 2260,2159 2260,2160 2236,2160 2235,2159 2235,2158 2234,2157 2001,2157 2000,2158 2000,2202 2000,2202 1998,2202 1997,2202 1997,2158 1997,2157 1764,2158 1762,2160 1620,2160 1618,2162 1618,2163 1617,2164 1549,2164 1548,2165 1548,2166 1546,2168 1516,2168 1514,2167 1514,2166 1513,2164 1468,2164 1467,2163 1289,2164 1288,2164 1288,2165 1286,2168 1133,2168 1132,2169 1132,2170 1131,2171 1073,2171 1072,2172 1072,2197 1072,2197 1071,2197 1068,2200 1068,2201 1068,2201 1067,2201 1064,2204 1064,2205 1064,2205 1059,2205 1057,2207 1057,2208 1057,2208 1056,2208 1055,2209 1029,2209 1028,2210 1028,2211 1027,2212 1011,2212 1009,2211 1009,2207 1008,2205 1007,2205 1005,2204 1005,2175 1005,2174 877,2175 876,2174 876,2173 874,2171 871,2171 651,2171 649,2173 649,2174 648,2175 571,2175 570,2176 570,2221 570,2221"/><TextEquiv index="1"><Unicode>confié généreuſement une ſomme de 2000</Unicode></TextEquiv></TextLine><TextLine id="r0_l010"><Coords points="976,2385 976,2384 976,2335 975,2335 846,2335 846,2335 846,2336 844,2338 843,2338 842,2339 541,2339 541,2340 541,2342 540,2342 528,2342 527,2341 508,2342 508,2341 507,2238 507,2238 502,2238 500,2236 500,2232 502,2231 503,2231 504,2229 504,2228 506,2227 518,2227 519,2225 519,2224 521,2223 556,2222 557,2221 571,2221 571,2222 571,2223 572,2223 573,2223 577,2227 578,2227 578,2228 578,2268 579,2268 756,2268 756,2267 756,2266 759,2264 841,2264 842,2265 842,2266 844,2268 849,2268 849,2268 849,2269 850,2270 1006,2269 1007,2268 1008,2268 1009,2267 1009,2266 1011,2264 1012,2264 1013,2263 1013,2262 1015,2260 1016,2260 1016,2260 1016,2245 1017,2244 1017,2243 1018,2242 1019,2242 1020,2241 1020,2237 1024,2233 1024,2229 1026,2227 1027,2227 1027,2227 1027,2226 1030,2223 1034,2223 1037,2220 1041,2220 1043,2218 1043,2217 1044,2216 1068,2216 1068,2217 1068,2218 1069,2219 1069,2234 1071,2235 1072,2235 1072,2236 1072,2260 1073,2260 1239,2260 1239,2259 1239,2221 1242,2219 1243,2219 1243,2218 1243,2217 1245,2216 1246,2216 1246,2215 1246,2214 1249,2212 1250,2212 1250,2212 1250,2213 1254,2217 1254,2219 1255,2220 1294,2220 1297,2223 1298,2223 1299,2224 1299,2256 1300,2257 1365,2257 1365,2257 1365,2258 1367,2260 1444,2259 1445,2260 1670,2260 1670,2260 1670,2259 1672,2257 1680,2257 1681,2255 1681,2213 1683,2212 1684,2212 1685,2210 1685,2209 1686,2209 1687,2209 1688,2208 1694,2208 1695,2209 1696,2209 1696,2209 1696,2210 1698,2212 1699,2212 1700,2213 1700,2222 1701,2223 1702,2223 1703,2224 1703,2225 1704,2226 1704,2233 1706,2235 1707,2235 1707,2235 1707,2252 1708,2253 1710,2253 1711,2254 1711,2255 1713,2257 1870,2257 1870,2256 1870,2255 1871,2254 1871,2253 1872,2253 1873,2253 1874,2251 1874,2239 1876,2238 1877,2238 1878,2236 1878,2232 1882,2228 1882,2224 1884,2223 1885,2223 1885,2222 1885,2217 1887,2216 1888,2216 1889,2214 1889,2213 1891,2212 1892,2212 1893,2210 1893,2209 1894,2209 1895,2209 1897,2206 1897,2205 1898,2205 1996,2204 1998,2202 2001,2202 2001,2203 2001,2204 2003,2205 2007,2205 2008,2207 2008,2208 2009,2208 2010,2208 2012,2211 2012,2245 2013,2245 2128,2245 2129,2246 2130,2246 2131,2247 2131,2248 2132,2249 2137,2249 2138,2250 2138,2251 2140,2253 2141,2253 2141,2253 2141,2254 2142,2255 2297,2255 2297,2254 2297,2252 2298,2251 2298,2250 2300,2249 2453,2248 2453,2248 2453,2212 2454,2211 2454,2210 2456,2208 2457,2208 2457,2208 2457,2207 2459,2205 2598,2205 2598,2205 2598,2252 2599,2253 2661,2253 2661,2253 2661,2254 2662,2255 2662,2289 2663,2290 2936,2289 2936,2289 2936,2214 2938,2212 2943,2212 2944,2211 2944,2210 2946,2208 2949,2208 2950,2209 2951,2209 2951,2210 2951,2211 2953,2212 2958,2212 2958,2213 2958,2214 2959,2215 2959,2253 2960,2253 3126,2253 3126,2252 3126,2246 3128,2245 3129,2245 3129,2244 3129,2243 3131,2242 3132,2242 3133,2240 3133,2232 3135,2231 3151,2231 3151,2230 3151,2223 3152,2222 3152,2216 3153,2216 3154,2216 3157,2213 3174,2213 3174,2213 3174,2256 3175,2257 3363,2256 3363,2256 3363,2255 3365,2253 3370,2253 3371,2255 3371,2256 3373,2257 3378,2257 3378,2258 3378,2259 3380,2260 3384,2260 3386,2263 3386,2264 3387,2264 3388,2264 3389,2266 3389,2270 3392,2272 3393,2272 3393,2273 3393,2289 3392,2290 3393,2316 3392,2316 3391,2316 3389,2319 3389,2323 3387,2324 3386,2324 3386,2325 3386,2326 3384,2327 3379,2327 3378,2329 3378,2330 3376,2331 3375,2331 3375,2332 3375,2333 3372,2335 3230,2336 3230,2336 3230,2359 3228,2361 3227,2361 3223,2365 3202,2365 3201,2364 3200,2364 3200,2363 3200,2331 3199,2331 3186,2331 3185,2329 3185,2328 3183,2327 3000,2327 2999,2326 2999,2325 2998,2324 2814,2325 2814,2325 2814,2329 2812,2331 2811,2331 2810,2332 2810,2333 2808,2335 2807,2335 2806,2336 2806,2337 2805,2338 2804,2338 2804,2338 2803,2339 2803,2340 2801,2342 2796,2342 2795,2343 2795,2344 2793,2346 2785,2346 2784,2347 2784,2348 2783,2349 2782,2349 2781,2350 2778,2350 2777,2348 2777,2347 2776,2346 2775,2346 2774,2346 2773,2344 2773,2316 2772,2316 2643,2316 2643,2316 2643,2318 2642,2319 2641,2320 2639,2320 2639,2320 2639,2372 2638,2373 2636,2373 2635,2372 2627,2372 2627,2371 2627,2324 2626,2324 2392,2324 2390,2322 2390,2321 2389,2320 2388,2320 2387,2319 2325,2320 2323,2317 2322,2305 2320,2303 2320,2295 2319,2294 2318,2294 2316,2292 2316,2287 2316,2287 2315,2287 2312,2284 2312,2283 2312,2283 2311,2283 2309,2281 2309,2278 2309,2278 2153,2278 2152,2279 2150,2279 2149,2279 2149,2310 2148,2312 2147,2312 2145,2314 2145,2315 2144,2316 2143,2316 2141,2318 2141,2319 2140,2320 2131,2320 2131,2320 2131,2321 2128,2324 1939,2324 1938,2323 1726,2324 1726,2324 1726,2325 1724,2327 1682,2327 1681,2325 1681,2324 1680,2324 1675,2324 1674,2323 1518,2323 1518,2324 1518,2326 1516,2327 1512,2327 1510,2330 1510,2331 1509,2331 1466,2331 1466,2332 1466,2348 1458,2356 1458,2360 1456,2361 1455,2361 1455,2362 1455,2363 1453,2364 1449,2364 1447,2367 1447,2368 1446,2368 1445,2368 1444,2367 1415,2368 1410,2362 1410,2361 1409,2361 1404,2361 1403,2359 1403,2331 1402,2331 1199,2331 1199,2332 1199,2333 1196,2335 1084,2335 1083,2337 1083,2338 1082,2338 1081,2338 1080,2339 1008,2339 1007,2338 1006,2338 1006,2338 1005,2337 1005,2336 1004,2335 1003,2335 1002,2334 983,2335 983,2335 983,2384 982,2385"/><TextEquiv index="1"><Unicode>livres ſterlings à faire valoir, lorſque</Unicode></TextEquiv></TextLine><TextLine id="r0_l011"><Coords points="510,2554 508,2552 508,2528 507,2528 501,2528 500,2526 500,2513 499,2513 497,2513 497,2512 497,2511 496,2510 494,2509 493,2509 493,2508 493,2506 494,2505 499,2505 500,2504 500,2433 501,2432 501,2431 501,2431 503,2431 504,2430 504,2387 504,2387 525,2387 526,2387 526,2427 526,2427 531,2427 532,2428 533,2428 534,2429 534,2431 534,2431 602,2431 604,2433 604,2434 605,2435 810,2435 813,2432 813,2431 813,2431 926,2431 927,2430 927,2429 929,2427 930,2427 931,2426 931,2425 932,2424 971,2424 972,2423 972,2387 972,2387 973,2387 975,2385 982,2385 984,2387 985,2386 987,2388 987,2431 987,2431 1212,2431 1213,2431 1213,2430 1215,2427 1223,2427 1225,2425 1225,2424 1225,2424 1543,2423 1544,2423 1544,2384 1544,2383 1545,2383 1549,2379 1553,2379 1555,2378 1555,2377 1555,2376 1556,2376 1557,2375 1563,2375 1564,2376 1565,2376 1566,2377 1566,2416 1566,2416 1701,2416 1704,2418 1704,2419 1704,2420 1851,2420 1852,2419 1852,2372 1852,2372 1853,2372 1857,2368 2033,2367 2034,2367 2034,2366 2034,2365 2035,2365 2036,2364 2042,2364 2043,2365 2044,2365 2045,2366 2045,2367 2046,2368 2054,2368 2056,2370 2056,2393 2057,2394 2058,2394 2060,2396 2060,2413 2060,2413 2310,2413 2312,2411 2312,2410 2313,2409 2315,2409 2316,2409 2316,2410 2318,2413 2326,2413 2327,2414 2441,2413 2443,2415 2443,2416 2443,2416 2620,2416 2621,2415 2621,2376 2622,2375 2623,2375 2624,2374 2624,2373 2625,2372 2635,2372 2636,2373 2638,2373 2641,2376 2642,2376 2643,2376 2643,2415 2643,2416 2689,2416 2691,2417 2691,2418 2692,2420 2697,2420 2698,2421 2909,2420 2910,2420 2910,2419 2912,2416 3069,2416 3070,2415 3070,2380 3071,2379 3072,2379 3074,2377 3074,2376 3074,2376 3075,2376 3076,2375 3085,2375 3086,2376 3087,2376 3089,2377 3089,2381 3090,2383 3091,2383 3092,2383 3092,2419 3092,2420 3232,2420 3233,2421 3372,2420 3376,2424 3388,2424 3389,2425 3389,2430 3390,2431 3391,2431 3393,2433 3393,2486 3391,2487 3390,2487 3389,2489 3389,2490 3387,2491 3386,2491 3386,2492 3386,2493 3384,2494 3380,2494 3376,2498 3170,2499 3170,2499 3170,2526 3168,2528 3163,2528 3163,2528 3163,2529 3160,2532 3142,2532 3142,2531 3140,2529 3140,2528 3139,2528 3138,2528 3137,2526 3137,2494 3136,2494 3122,2494 3121,2493 2965,2493 2964,2494 2963,2494 2962,2495 2892,2495 2892,2496 2892,2523 2890,2524 2878,2524 2877,2526 2877,2527 2875,2528 2871,2528 2867,2524 2866,2524 2866,2524 2866,2492 2865,2491 2849,2491 2848,2490 2847,2490 2847,2490 2847,2489 2845,2487 2702,2488 2702,2488 2702,2536 2701,2537 2699,2537 2699,2536 2699,2488 2698,2488 2684,2488 2681,2491 2514,2491 2513,2490 2513,2488 2512,2487 2438,2487 2438,2488 2438,2536 2437,2536 2425,2536 2425,2536 2425,2488 2424,2487 2338,2488 2338,2488 2338,2489 2337,2490 2336,2491 2335,2491 2335,2491 2335,2496 2333,2498 2332,2498 2331,2499 2331,2500 2329,2502 2328,2502 2327,2503 2327,2508 2326,2509 2321,2509 2320,2510 2320,2511 2318,2513 2313,2513 2313,2513 2313,2514 2310,2517 2306,2517 2305,2515 2305,2491 2304,2491 2020,2491 2019,2490 1570,2491 1570,2492 1570,2493 1568,2494 1552,2494 1551,2493 1551,2492 1550,2491 1549,2491 1548,2490 1455,2490 1455,2491 1455,2541 1454,2541 1433,2542 1432,2540 1432,2491 1431,2491 1392,2491 1392,2491 1392,2492 1390,2494 1374,2494 1373,2495 1373,2496 1371,2498 1344,2498 1343,2499 1343,2500 1341,2502 1340,2502 1340,2501 1340,2500 1337,2498 1159,2498 1155,2502 1139,2502 1139,2503 1139,2531 1137,2532 1136,2532 1135,2534 1135,2535 1134,2535 1117,2535 1117,2535 1117,2534 1114,2531 1113,2531 1113,2531 1113,2530 1111,2528 1110,2528 1109,2527 1109,2507 1108,2506 1018,2506 1016,2504 1016,2503 1015,2502 987,2502 986,2501 764,2502 764,2502 764,2504 763,2505 762,2505 761,2506 745,2506 745,2507 745,2535 744,2535 739,2535 738,2537 738,2538 736,2539 724,2539 723,2538 723,2537 721,2535 720,2535 719,2534 719,2507 718,2506 530,2506 530,2507 530,2552 530,2552 528,2552 527,2553"/><TextEquiv index="1"><Unicode>je partis pour les Indes; mais quelques</Unicode></TextEquiv></TextLine><TextLine id="r0_l012"><Coords points="959,2711 958,2710 958,2680 958,2680 892,2680 890,2678 890,2677 890,2677 889,2677 888,2676 881,2676 875,2670 875,2669 875,2669 562,2669 556,2664 556,2662 556,2661 511,2662 510,2661 509,2661 508,2660 508,2655 507,2654 506,2654 504,2652 504,2621 504,2621 495,2621 493,2619 493,2614 495,2613 496,2613 497,2611 497,2606 498,2606 508,2606 508,2605 508,2588 510,2587 511,2587 511,2586 511,2554 512,2554 527,2553 528,2552 664,2552 666,2550 667,2550 667,2550 667,2549 670,2546 671,2546 671,2546 671,2545 672,2543 1795,2541 1797,2539 1798,2539 1800,2537 1800,2536 1801,2535 1802,2535 1804,2533 1804,2532 1804,2532 1805,2532 1806,2531 1813,2531 1815,2529 1815,2528 1815,2528 1824,2528 1826,2529 1826,2530 1826,2531 1875,2531 1876,2532 2350,2531 2351,2532 2352,2532 2353,2532 2353,2533 2353,2534 2354,2535 2355,2535 2356,2536 2748,2535 2754,2540 2754,2569 2755,2570 3555,2568 3556,2569 3556,2571 3555,2573 2755,2575 2754,2575 2754,2582 2755,2583 2804,2583 2805,2584 3205,2583 3206,2584 3207,2584 3207,2584 3207,2585 3209,2587 3269,2587 3270,2588 3303,2587 3304,2589 3304,2590 3306,2591 3314,2591 3315,2593 3315,2609 3316,2609 3395,2609 3397,2612 3397,2616 3399,2617 3400,2617 3400,2618 3400,2620 3399,2621 3398,2621 3397,2622 3397,2634 3395,2636 3391,2636 3389,2638 3389,2639 3389,2639 3327,2639 3326,2640 3326,2661 3325,2662 3324,2662 3323,2663 3322,2664 3322,2665 3322,2665 2647,2667 2646,2667 2646,2668 2646,2669 2645,2669 2643,2670 2643,2671 2643,2672 2642,2672 2639,2674 2639,2675 2639,2676 2638,2676 2635,2678 2635,2679 2635,2680 2634,2680 2631,2682 2628,2685 2628,2686 2628,2687 2473,2687 2472,2688 2472,2700 2472,2700 1292,2703 1291,2703 1291,2704 1291,2705 972,2706 971,2706 971,2710 971,2711"/><TextEquiv index="1"><Unicode>inſtances que je puſſe leur faire, ils ne vou-</Unicode></TextEquiv></TextLine><TextLine id="r0_l013"><Coords points="3316,2878 3315,2877 3308,2877 3308,2877 3308,2875 3307,2874 3241,2875 3240,2874 3225,2874 3224,2873 3222,2873 3222,2872 3222,2862 3221,2862 3204,2862 3204,2861 3204,2860 3201,2858 3200,2858 3200,2857 3200,2825 3199,2825 3179,2825 3177,2822 3177,2821 3176,2821 2892,2821 2892,2822 2892,2853 2889,2855 2867,2855 2866,2854 2866,2821 2865,2820 2766,2821 2766,2820 2766,2819 2764,2818 2422,2818 2421,2817 2277,2818 2275,2815 2275,2814 2274,2814 2208,2814 2208,2814 2208,2862 2207,2863 2194,2863 2194,2862 2194,2814 2193,2814 1945,2814 1945,2815 1945,2816 1942,2818 1819,2819 1817,2821 1741,2821 1741,2821 1741,2848 1740,2849 1740,2850 1739,2851 1716,2851 1715,2849 1715,2848 1714,2847 1714,2818 1713,2818 1537,2818 1536,2820 1536,2821 1535,2821 1515,2821 1514,2820 1514,2819 1513,2818 1347,2819 1345,2821 1125,2821 1124,2823 1124,2824 1122,2825 1054,2825 1054,2826 1054,2827 1051,2829 983,2830 983,2830 983,2834 979,2838 979,2853 977,2855 976,2855 976,2855 976,2856 974,2858 973,2858 972,2859 972,2859 972,2860 970,2862 958,2862 957,2860 957,2832 956,2832 880,2832 879,2830 879,2829 878,2829 855,2829 735,2829 734,2831 734,2832 733,2832 571,2832 571,2832 571,2831 569,2829 533,2829 533,2830 533,2878 532,2878 519,2879 519,2878 519,2829 518,2829 513,2829 511,2826 511,2825 510,2825 509,2825 508,2823 508,2822 509,2821 509,2821 510,2821 511,2820 511,2819 513,2817 514,2817 515,2816 515,2800 516,2799 515,2725 515,2725 510,2725 508,2723 508,2718 510,2717 511,2717 511,2716 511,2715 514,2713 528,2712 529,2713 532,2713 534,2716 534,2717 535,2717 536,2717 538,2720 538,2758 539,2758 863,2758 864,2756 864,2752 866,2751 870,2751 872,2748 872,2747 873,2747 875,2747 875,2747 875,2748 876,2749 878,2751 879,2751 879,2751 879,2753 880,2754 957,2754 957,2753 957,2711 958,2711 972,2711 972,2711 972,2712 973,2713 974,2713 976,2715 976,2753 977,2754 978,2754 979,2755 1112,2754 1115,2751 1219,2751 1221,2748 1221,2747 1222,2747 1276,2747 1276,2746 1276,2707 1278,2706 1279,2706 1280,2705 1292,2705 1293,2706 1294,2706 1295,2707 1295,2746 1296,2747 1445,2746 1446,2747 1583,2747 1587,2743 1799,2743 1800,2741 1800,2740 1801,2740 1802,2740 1804,2737 1804,2736 1805,2736 1811,2736 1811,2736 1811,2738 1812,2739 1884,2739 1885,2740 1885,2741 1887,2743 1892,2743 1893,2744 2257,2743 2257,2742 2257,2699 2258,2699 2259,2699 2260,2697 2260,2696 2262,2695 2279,2695 2279,2695 2279,2696 2283,2700 2283,2716 2284,2717 2285,2717 2287,2719 2287,2742 2288,2743 2345,2743 2346,2744 2426,2743 2430,2747 2465,2747 2465,2747 2465,2704 2467,2702 2468,2702 2468,2702 2468,2701 2469,2700 2472,2700 2474,2702 2478,2702 2480,2705 2480,2747 2481,2747 2706,2747 2706,2746 2706,2707 2708,2706 2709,2706 2709,2705 2710,2704 2710,2703 2712,2702 2713,2702 2713,2701 2713,2700 2715,2699 2724,2699 2725,2700 2725,2701 2726,2702 2727,2702 2728,2703 2728,2746 2729,2747 2798,2747 2799,2748 2799,2749 2801,2751 2802,2751 2803,2752 2947,2751 2947,2751 2947,2712 2949,2710 2950,2710 2951,2709 2951,2708 2953,2706 2969,2706 2970,2708 2970,2751 2971,2751 3103,2751 3103,2751 3103,2752 3105,2754 3282,2753 3282,2753 3282,2752 3283,2751 3284,2751 3285,2750 3286,2750 3287,2751 3370,2751 3371,2753 3371,2754 3372,2754 3381,2754 3382,2756 3382,2757 3384,2758 3388,2758 3393,2764 3393,2769 3394,2769 3395,2769 3397,2771 3397,2783 3395,2784 3394,2784 3393,2786 3393,2817 3392,2817 3391,2817 3389,2820 3389,2821 3388,2821 3387,2821 3382,2827 3382,2828 3381,2828 3380,2828 3379,2829 3354,2829 3350,2825 3322,2825 3322,2826 3322,2878 3321,2878"/><TextEquiv index="1"><Unicode>lurent jamais accepter un denier de plus que</Unicode></TextEquiv></TextLine><TextLine id="r0_l014"><Coords points="2971,3035 2970,3035 2970,3028 2970,3027 704,3032 703,3033 699,3033 697,3032 697,3001 696,3000 588,3000 587,2999 586,2999 586,2999 586,2998 584,2996 529,2996 528,2995 520,2996 519,2994 519,2892 518,2892 516,2892 515,2890 515,2882 518,2879 834,2878 835,2877 1227,2876 1228,2875 1228,2870 1228,2870 1229,2870 1230,2869 1368,2869 1369,2868 1369,2863 1370,2862 2056,2860 2058,2858 2102,2858 2103,2859 2392,2858 2394,2860 2394,2861 2395,2862 2400,2862 2401,2863 2401,2864 2403,2866 2493,2866 2494,2867 2494,2868 2495,2869 2577,2869 2582,2874 3224,2873 3225,2874 3240,2874 3241,2875 3244,2875 3247,2878 3315,2877 3316,2878 3321,2878 3322,2879 3322,2944 3322,2944 3388,2944 3389,2945 3389,2946 3390,2947 3391,2948 3392,2948 3393,2949 3393,2969 3391,2970 3315,2970 3315,2971 3315,2984 3314,2984 3313,2984 3311,2987 3311,2988 3310,2988 3309,2988 3307,2991 3307,2992 3306,2992 2988,2993 2988,2994 2988,3000 2988,3000 3524,2999 3526,3000 3527,3000 3527,3000 3527,3005 3526,3007 2989,3008 2988,3009 2988,3035 2988,3035"/><TextEquiv index="1"><Unicode>le principal. Je connoiſſois ſi bien toute l'é-</Unicode></TextEquiv></TextLine><TextLine id="r0_l015"><Coords points="2916,3201 2915,3201 2915,3153 2915,3152 2763,3153 2762,3153 2762,3187 2761,3189 2742,3189 2739,3186 2739,3185 2739,3185 2734,3185 2732,3183 2732,3181 2732,3181 2604,3181 2602,3179 2602,3152 2602,3152 2471,3152 2468,3150 2468,3149 2468,3148 2390,3148 2389,3149 2389,3197 2389,3197 2385,3197 2384,3197 2384,3149 2384,3148 2364,3148 2363,3147 2284,3148 2283,3148 2283,3194 2283,3195 2273,3195 2272,3194 2272,3148 2272,3148 2002,3148 2001,3149 2001,3180 1999,3182 1998,3182 1997,3183 1997,3184 1996,3185 1980,3185 1978,3184 1978,3183 1977,3181 1976,3181 1975,3181 1975,3180 1974,3179 1974,3152 1974,3151 1895,3152 1893,3150 1893,3149 1892,3148 1415,3149 1412,3152 1373,3152 1372,3152 1372,3196 1372,3197 1371,3197 1370,3196 1370,3152 1370,3152 1152,3152 1150,3154 1150,3155 1150,3155 1090,3155 1089,3156 1051,3156 1050,3157 1050,3158 1049,3159 936,3160 935,3160 935,3161 934,3163 530,3163 529,3162 528,3162 527,3162 527,3161 525,3159 524,3159 523,3158 523,3153 522,3152 521,3152 519,3150 519,3101 518,3100 517,3100 515,3098 515,3097 517,3096 518,3096 519,3094 519,3089 520,3089 521,3089 523,3086 523,3085 524,3085 525,3085 527,3082 527,3081 528,3080 529,3080 530,3081 536,3081 540,3085 607,3085 608,3087 608,3088 609,3088 771,3088 771,3087 771,3042 774,3040 781,3040 783,3042 783,3043 784,3044 789,3044 790,3045 790,3050 791,3051 792,3051 794,3053 794,3087 795,3088 1046,3087 1048,3085 1057,3085 1057,3085 1057,3043 1061,3039 1061,3038 1062,3037 1064,3037 1065,3039 1065,3040 1066,3040 1075,3040 1076,3042 1076,3047 1078,3048 1079,3048 1080,3050 1080,3077 1081,3077 1239,3077 1239,3076 1239,3038 1242,3036 1243,3036 1243,3035 1243,3034 1245,3033 1257,3033 1258,3034 1258,3039 1259,3040 1260,3040 1262,3042 1262,3073 1263,3074 1406,3074 1407,3075 1407,3076 1408,3077 1446,3076 1447,3077 1644,3077 1644,3077 1644,3076 1646,3074 1733,3074 1733,3073 1733,3038 1739,3033 1826,3033 1826,3032 1826,3030 1827,3030 1922,3029 1922,3030 1922,3031 1923,3032 1923,3077 1924,3077 2082,3077 2082,3077 2082,3076 2084,3074 2363,3073 2364,3074 2531,3074 2531,3074 2531,3036 2532,3035 2532,3034 2533,3033 2546,3033 2546,3034 2546,3035 2547,3035 2548,3036 2549,3036 2550,3038 2550,3085 2551,3085 2716,3085 2717,3083 2717,3082 2719,3081 2784,3081 2784,3080 2784,3078 2786,3077 2821,3076 2822,3077 2970,3077 2970,3077 2970,3036 2971,3035 2988,3035 2988,3036 2988,3081 2989,3081 3169,3081 3170,3082 3204,3082 3204,3081 3204,3041 3206,3040 3207,3040 3207,3039 3207,3038 3210,3036 3220,3036 3221,3037 3222,3037 3222,3037 3222,3038 3224,3040 3225,3040 3226,3041 3226,3046 3228,3048 3229,3048 3230,3049 3230,3053 3232,3055 3233,3055 3233,3055 3233,3081 3234,3082 3359,3081 3360,3083 3360,3084 3362,3085 3381,3085 3382,3087 3382,3088 3383,3088 3384,3088 3386,3091 3386,3095 3389,3098 3389,3147 3391,3148 3396,3148 3397,3150 3397,3151 3398,3151 3399,3151 3400,3153 3400,3155 3399,3156 3398,3156 3397,3157 3397,3158 3396,3159 3391,3159 3390,3160 3390,3161 3388,3163 3377,3163 3374,3161 3374,3160 3374,3159 3365,3159 3364,3158 3269,3159 3265,3155 2993,3155 2992,3156 2992,3173 2991,3174 2990,3174 2988,3176 2988,3181 2988,3181 2987,3181 2984,3184 2984,3185 2984,3185 2983,3185 2981,3187 2981,3188 2981,3188 2980,3189 2979,3189 2977,3191 2977,3192 2977,3192 2976,3192 2975,3193 2965,3193 2962,3191 2962,3153 2962,3152 2924,3152 2923,3153 2923,3200 2922,3201"/><TextEquiv index="1"><Unicode>tendue de leur amitié pour moi, que je n'en</Unicode></TextEquiv></TextLine><TextLine id="r0_l016"><Coords points="3164,3360 3163,3358 3163,3357 3161,3356 3160,3356 3159,3354 3159,3323 3158,3323 3139,3323 3138,3322 3137,3322 3137,3321 3137,3320 3135,3319 2852,3319 2851,3318 2851,3317 2849,3315 2684,3316 2684,3316 2684,3317 2682,3319 2644,3319 2643,3320 2643,3321 2642,3322 2639,3322 2639,3321 2639,3320 2637,3319 2577,3319 2576,3318 2576,3317 2574,3315 2369,3315 2368,3314 1826,3316 1826,3316 1826,3343 1824,3345 1819,3345 1819,3345 1819,3346 1817,3348 1816,3348 1815,3349 1802,3349 1801,3348 1800,3348 1800,3347 1800,3315 1799,3315 1612,3315 1608,3319 1593,3319 1592,3318 1262,3319 1262,3319 1262,3346 1259,3349 1258,3349 1258,3349 1258,3350 1256,3352 1252,3352 1248,3356 1240,3356 1239,3354 1239,3353 1237,3352 1232,3352 1232,3351 1232,3326 1231,3326 1051,3326 1050,3328 1050,3329 1048,3330 1047,3330 1046,3329 1046,3326 1045,3325 821,3326 819,3328 819,3329 818,3330 797,3330 797,3330 797,3362 796,3363 776,3363 775,3361 775,3330 774,3330 530,3330 529,3329 512,3330 512,3329 512,3328 511,3327 511,3323 510,3323 509,3323 508,3321 508,3260 509,3259 510,3259 511,3258 511,3257 512,3256 516,3256 517,3255 518,3255 519,3254 519,3253 520,3252 521,3252 522,3251 522,3239 524,3237 525,3237 526,3236 525,3231 526,3230 526,3224 529,3221 530,3221 534,3217 534,3216 535,3215 536,3215 538,3213 538,3212 539,3211 544,3211 545,3210 545,3209 547,3207 563,3207 563,3207 563,3206 565,3204 567,3204 567,3205 567,3206 570,3208 571,3208 571,3209 572,3256 572,3256 684,3256 687,3259 866,3259 868,3257 868,3256 868,3256 877,3256 879,3254 879,3253 880,3252 1053,3251 1054,3251 1054,3239 1055,3237 1056,3237 1057,3237 1057,3232 1059,3229 1061,3229 1061,3229 1061,3228 1063,3226 1064,3226 1065,3225 1065,3220 1066,3219 1067,3219 1069,3217 1069,3216 1070,3215 1071,3215 1072,3214 1072,3213 1074,3211 1079,3211 1079,3211 1079,3210 1082,3207 1100,3207 1101,3208 1102,3208 1102,3209 1102,3210 1103,3210 1104,3211 1105,3211 1106,3213 1107,3244 1107,3244 1320,3244 1321,3243 1321,3242 1322,3241 1365,3241 1366,3240 1365,3202 1366,3201 1366,3200 1367,3200 1368,3200 1369,3198 1369,3197 1370,3197 1373,3197 1373,3197 1373,3198 1375,3200 1383,3200 1384,3201 1385,3240 1385,3241 1438,3241 1440,3242 1440,3243 1440,3244 1446,3243 1447,3244 1448,3244 1449,3245 1450,3245 1451,3246 1451,3251 1452,3252 1453,3252 1455,3254 1455,3285 1455,3285 1600,3285 1601,3285 1600,3201 1601,3200 1602,3200 1603,3199 1603,3198 1605,3196 1606,3196 1606,3196 1607,3195 1607,3194 1608,3193 1631,3193 1632,3192 1650,3192 1651,3194 1651,3195 1652,3196 1653,3237 1653,3237 1698,3237 1700,3238 1700,3239 1701,3241 1906,3240 1909,3237 2022,3237 2023,3237 2022,3228 2023,3227 2024,3227 2025,3226 2026,3226 2026,3226 2026,3218 2027,3217 2027,3216 2028,3215 2029,3215 2030,3214 2030,3210 2034,3206 2034,3202 2036,3200 2037,3200 2037,3200 2037,3199 2040,3196 2041,3196 2041,3196 2041,3195 2044,3192 2048,3192 2049,3191 2049,3190 2050,3189 2160,3189 2160,3189 2160,3190 2165,3195 2283,3195 2284,3196 2285,3196 2287,3198 2518,3197 2519,3196 2527,3196 2528,3198 2528,3199 2529,3200 2530,3200 2531,3200 2531,3201 2531,3202 2532,3203 2533,3241 2533,3241 2668,3241 2669,3241 2669,3243 2669,3244 2869,3243 2870,3243 2869,3203 2870,3202 2870,3201 2871,3200 2924,3200 2925,3202 2926,3244 2926,3244 3037,3244 3038,3245 3039,3245 3040,3246 3040,3247 3041,3248 3049,3248 3052,3250 3052,3251 3052,3252 3274,3252 3275,3251 3274,3209 3279,3204 3280,3204 3280,3204 3282,3202 3282,3201 3283,3200 3299,3200 3303,3204 3333,3204 3334,3206 3334,3207 3335,3207 3388,3207 3389,3209 3390,3311 3390,3311 3394,3311 3398,3315 3399,3315 3400,3316 3400,3319 3399,3319 3398,3319 3394,3323 3393,3323 3393,3324 3393,3325 3391,3326 3185,3327 3185,3327 3185,3354 3183,3356 3178,3356 3178,3356 3178,3357 3175,3360"/><TextEquiv index="1"><Unicode>fus pas ſurpris. Je perſiſtai à leur dire qu'il</Unicode></TextEquiv></TextLine><TextLine id="r0_l017"><Coords points="3150,3535 3149,3534 3149,3527 3149,3527 1096,3531 1095,3532 1095,3537 1095,3537 1088,3537 1087,3536 454,3538 452,3536 452,3535 454,3534 516,3534 516,3533 515,3532 515,3531 514,3530 513,3530 511,3528 511,3527 511,3527 510,3527 508,3525 508,3427 509,3426 510,3426 511,3425 511,3424 512,3423 603,3422 604,3422 604,3384 605,3382 926,3382 927,3381 927,3380 931,3376 931,3375 931,3375 932,3375 933,3374 1145,3373 1146,3373 1146,3370 1147,3369 1147,3368 1147,3367 1840,3366 1841,3365 1841,3364 1842,3363 1865,3363 1867,3364 1867,3365 1868,3367 1869,3367 1870,3367 1870,3368 1871,3369 1871,3375 1871,3376 3277,3373 3279,3370 3280,3370 3283,3367 3298,3367 3300,3369 3300,3370 3300,3370 3301,3370 3304,3373 3304,3411 3304,3411 3367,3411 3368,3412 3369,3412 3370,3413 3371,3414 3371,3415 3371,3415 3380,3415 3382,3417 3382,3418 3383,3419 3384,3419 3385,3420 3385,3421 3387,3423 3388,3423 3389,3424 3389,3425 3391,3427 3392,3427 3393,3428 3393,3481 3392,3482 3391,3482 3390,3483 3390,3484 3388,3486 3387,3486 3386,3487 3386,3488 3384,3490 3380,3490 3378,3492 3378,3493 3378,3493 3373,3493 3371,3495 3371,3496 3370,3497 3331,3497 3330,3498 3330,3515 3329,3516 3163,3517 3162,3517 3162,3534 3162,3535"/><TextEquiv index="1"><Unicode>y avoit dans ma fortune une ſomme de</Unicode></TextEquiv></TextLine><TextLine id="r0_l018"><Coords points="738,3706 738,3706 737,3665 737,3664 717,3664 716,3664 716,3663 714,3660 539,3660 537,3659 537,3658 537,3657 531,3657 530,3656 525,3657 522,3654 522,3653 522,3653 521,3653 519,3651 519,3643 518,3642 517,3642 515,3640 515,3639 514,3638 509,3638 508,3637 508,3631 509,3631 510,3631 511,3629 511,3621 514,3619 515,3619 515,3618 515,3609 516,3609 517,3609 519,3606 519,3602 521,3601 522,3601 522,3600 522,3599 525,3597 526,3597 526,3596 526,3595 529,3592 538,3592 538,3592 538,3591 539,3590 547,3590 549,3588 549,3587 550,3586 563,3586 563,3586 563,3548 566,3545 1087,3544 1087,3544 1087,3538 1088,3537 1183,3537 1184,3536 1184,3535 1185,3534 1328,3534 1328,3533 1328,3532 1331,3530 1737,3529 1738,3528 1752,3528 1752,3528 1752,3529 1753,3530 2394,3528 2394,3529 2394,3530 2395,3530 2467,3530 2468,3532 2468,3533 2469,3534 2470,3534 2471,3534 2473,3536 3163,3535 3163,3535 3163,3544 3164,3545 3166,3545 3166,3545 3166,3567 3167,3568 3377,3567 3378,3569 3378,3582 3379,3582 3388,3582 3389,3584 3389,3585 3391,3586 3392,3586 3393,3588 3393,3649 3394,3649 3689,3649 3690,3650 3690,3651 3692,3653 3693,3653 3694,3654 3694,3655 3693,3657 3387,3657 3386,3658 3386,3659 3385,3660 3164,3661 3163,3661 3163,3662 3162,3664 2361,3665 2360,3666 2361,3695 2360,3696 2346,3696 2346,3695 2346,3692 2345,3692 753,3695 753,3696 753,3706 752,3706"/><TextEquiv index="1"><Unicode>douze mille livres à eux, qu'ils trouveroient</Unicode></TextEquiv></TextLine><TextLine id="r0_l019"><Coords points="3302,3869 3302,3869 3302,3821 3301,3820 3290,3820 3289,3819 2952,3820 2951,3819 2951,3818 2949,3816 2874,3816 2873,3815 2711,3816 2710,3817 2710,3818 2708,3820 2703,3820 2702,3818 2702,3817 2700,3816 2595,3816 2595,3815 2595,3813 2594,3813 2290,3814 2290,3814 2290,3815 2289,3816 2287,3816 2286,3817 2285,3816 2283,3816 2283,3815 2283,3814 2281,3813 2057,3813 2056,3815 2056,3816 2055,3816 2053,3816 2052,3815 2052,3814 2051,3813 1969,3813 1968,3812 1619,3813 1618,3815 1618,3816 1617,3816 1578,3816 1577,3815 1577,3814 1576,3813 1448,3813 1447,3812 1232,3813 1232,3813 1232,3815 1231,3816 1158,3816 1158,3817 1158,3852 1155,3854 1137,3854 1135,3852 1135,3825 1134,3824 1006,3824 1005,3823 951,3824 949,3821 949,3820 948,3820 777,3820 777,3820 777,3868 776,3869 765,3869 765,3868 765,3820 764,3820 753,3820 753,3821 753,3838 752,3838 751,3838 749,3841 749,3845 747,3846 746,3846 746,3847 746,3848 743,3850 742,3850 742,3851 742,3852 740,3853 738,3853 738,3853 738,3852 736,3850 735,3850 734,3849 734,3825 733,3824 534,3824 534,3825 534,3826 531,3828 489,3829 489,3829 489,3830 488,3831 482,3831 482,3830 482,3829 481,3828 479,3827 478,3827 478,3826 478,3824 478,3824 479,3824 483,3820 484,3820 485,3819 485,3818 487,3816 503,3816 504,3815 504,3762 508,3758 508,3754 509,3753 510,3753 511,3752 511,3751 513,3749 517,3749 524,3742 528,3741 530,3740 530,3739 530,3738 532,3738 534,3740 534,3749 534,3749 737,3749 738,3749 738,3707 738,3706 752,3706 753,3707 753,3746 753,3746 814,3746 816,3747 816,3748 816,3749 980,3749 981,3750 1209,3749 1210,3749 1210,3747 1210,3746 1219,3746 1220,3745 1220,3744 1221,3743 1221,3742 1221,3742 1434,3742 1436,3740 1436,3739 1437,3738 1453,3737 1454,3737 1454,3698 1455,3697 1455,3695 1455,3694 1556,3694 1557,3693 1563,3693 1564,3694 1739,3694 1741,3695 1741,3700 1741,3701 1742,3701 1744,3702 1744,3737 1744,3738 1798,3738 1800,3739 1800,3740 1801,3742 1970,3741 1971,3741 1971,3740 1972,3738 2163,3738 2164,3737 2164,3698 2165,3697 2166,3697 2168,3695 2168,3694 2168,3694 2181,3694 2182,3694 2182,3695 2183,3696 2183,3734 2183,3735 2345,3735 2346,3734 2346,3696 2346,3696 2360,3696 2361,3696 2361,3700 2361,3700 2362,3700 2364,3702 2364,3738 2364,3738 2549,3738 2550,3738 2550,3733 2551,3731 2675,3731 2676,3730 2676,3729 2680,3725 2680,3721 2681,3720 2682,3720 2684,3718 2684,3705 2684,3705 2689,3705 2691,3703 2691,3702 2692,3701 2704,3701 2706,3699 2706,3698 2706,3698 2707,3698 2708,3697 2774,3697 2777,3699 2777,3703 2778,3705 2779,3705 2780,3705 2780,3742 2780,3743 3006,3742 3007,3742 3007,3703 3008,3701 3020,3701 3021,3702 3021,3703 3022,3704 3022,3708 3023,3709 3024,3709 3025,3710 3025,3711 3026,3712 3026,3746 3026,3746 3238,3746 3242,3742 3243,3742 3244,3741 3244,3729 3246,3727 3247,3727 3248,3726 3248,3717 3249,3716 3250,3716 3252,3714 3252,3709 3252,3709 3253,3709 3265,3697 3273,3697 3274,3696 3274,3695 3275,3694 3280,3693 3281,3694 3284,3694 3285,3695 3285,3696 3286,3697 3294,3697 3297,3700 3297,3701 3297,3701 3298,3701 3300,3703 3300,3704 3301,3705 3302,3705 3304,3707 3304,3746 3304,3746 3321,3746 3322,3747 3322,3748 3323,3749 3323,3790 3323,3790 3372,3790 3375,3793 3375,3794 3375,3794 3376,3794 3378,3796 3378,3797 3379,3798 3380,3798 3382,3800 3382,3801 3382,3801 3383,3801 3386,3804 3386,3812 3387,3813 3388,3813 3389,3814 3389,3831 3388,3831 3387,3831 3386,3833 3386,3837 3383,3839 3382,3839 3382,3840 3382,3841 3372,3850 3371,3850 3371,3851 3371,3852 3368,3854 3364,3854 3363,3856 3363,3857 3362,3857 3353,3857 3352,3856 3352,3821 3351,3820 3310,3820 3310,3821 3310,3869 3309,3869"/><TextEquiv index="1"><Unicode>toujours quand ils la voudroient. Si cela eſt,</Unicode></TextEquiv></TextLine><TextLine id="r0_l020"><Coords points="2997,4030 2996,4029 2911,4029 2910,4029 2910,3985 2910,3984 2887,3984 2886,3983 2527,3984 2524,3982 2524,3981 2524,3980 2519,3980 2516,3978 2516,3977 2516,3976 2343,3977 2342,3977 2342,3978 2341,3980 2181,3980 2179,3978 2179,3977 2178,3976 1987,3976 1986,3977 1986,3978 1969,3995 1961,3995 1960,3996 1960,3997 1959,3998 1950,3998 1949,3998 1949,3997 1948,3996 1948,3980 1948,3979 1472,3980 1471,3979 1211,3980 1210,3981 1210,3986 1209,3987 980,3988 979,3988 979,4032 979,4033 962,4033 961,4032 961,3988 961,3988 869,3988 868,3988 868,4019 868,4020 867,4020 866,4021 844,4021 842,4019 842,3987 842,3987 672,3987 671,3988 671,4020 670,4021 654,4021 653,4022 653,4023 652,4024 647,4024 645,4023 645,4022 645,4021 644,4021 641,4019 641,3991 641,3990 513,3991 512,3990 512,3989 506,3983 505,3983 504,3982 504,3958 504,3958 500,3958 499,3957 498,3957 497,3956 497,3947 499,3946 504,3946 504,3945 504,3921 505,3920 514,3920 515,3919 515,3918 516,3917 517,3917 518,3916 592,3915 594,3913 599,3913 600,3913 600,3894 601,3893 601,3892 601,3891 602,3891 604,3890 604,3882 606,3879 607,3879 608,3879 608,3878 613,3872 725,3872 727,3871 727,3870 728,3868 732,3868 733,3869 778,3869 779,3869 779,3874 780,3876 781,3876 783,3877 783,3912 783,3913 933,3913 934,3914 1082,3913 1083,3913 1083,3871 1085,3868 1204,3868 1206,3867 1206,3866 1206,3865 1352,3865 1354,3863 1354,3862 1355,3861 1360,3861 1362,3859 1362,3858 1363,3857 1393,3857 1395,3858 1395,3859 1396,3861 1401,3861 1403,3862 1403,3863 1404,3865 1416,3865 1418,3866 1418,3871 1418,3872 1419,3872 1421,3873 1421,3905 1421,3906 1561,3905 1562,3905 1562,3904 1563,3902 1658,3902 1659,3902 1659,3862 1659,3861 1660,3861 1664,3857 1675,3857 1679,3861 1891,3861 1893,3862 1893,3942 1894,3943 2056,3942 2056,3942 2056,3922 2057,3921 2058,3921 2059,3920 2060,3920 2060,3920 2060,3918 2060,3917 2061,3917 2064,3915 2064,3914 2064,3913 2065,3913 2071,3908 2071,3907 2071,3906 2072,3906 2073,3905 2103,3905 2105,3904 2105,3903 2105,3902 2289,3902 2290,3902 2290,3904 2290,3905 2347,3905 2350,3907 2350,3908 2350,3909 2351,3909 2352,3910 2522,3909 2526,3905 2537,3905 2539,3904 2539,3903 2539,3902 2541,3902 2543,3904 2543,3905 2543,3905 2807,3905 2808,3906 2856,3905 2859,3908 2859,3909 2859,3909 3001,3909 3003,3911 3003,3912 3004,3913 3198,3913 3200,3911 3200,3910 3200,3910 3201,3909 3202,3909 3204,3907 3204,3899 3205,3898 3206,3898 3207,3897 3207,3888 3208,3887 3209,3887 3211,3885 3211,3880 3211,3880 3212,3880 3215,3877 3215,3876 3215,3876 3216,3876 3222,3870 3222,3866 3223,3865 3231,3865 3233,3863 3233,3862 3234,3861 3243,3861 3244,3861 3244,3862 3246,3865 3254,3865 3256,3866 3256,3867 3256,3868 3257,3868 3259,3870 3310,3869 3311,3870 3311,3871 3312,3872 3313,3872 3315,3874 3315,3916 3315,3916 3316,3916 3319,3919 3319,3939 3320,3939 3377,3939 3381,3943 3385,3943 3386,3945 3386,3963 3385,3964 3385,3965 3385,3965 3384,3965 3382,3967 3382,3971 3381,3972 3364,3972 3363,3973 3324,3973 3323,3974 3323,3985 3322,3986 3322,3987 3322,3987 3298,3987 3297,3986 3168,3987 3167,3986 3167,3985 3166,3984 3000,3984 2999,3985 2999,4030 2999,4030"/><TextEquiv index="1"><Unicode>répliqua M. Goodvill, nous vous en conſti-</Unicode></TextEquiv></TextLine><TextLine id="r0_l021"><Coords points="3259,4201 3258,4200 3249,4200 3249,4199 3249,4151 3248,4151 2990,4151 2988,4149 2988,4148 2987,4147 2867,4147 2865,4146 2865,4145 2864,4143 2863,4143 2862,4142 2721,4143 2720,4143 2721,4192 2720,4193 2710,4193 2710,4192 2709,4143 2709,4143 2699,4143 2698,4143 2699,4148 2696,4151 2681,4151 2680,4149 2679,4143 2679,4143 2559,4143 2555,4147 2551,4147 2549,4146 2549,4145 2546,4142 2546,4118 2546,4117 2414,4117 2413,4118 2413,4138 2411,4140 2410,4140 2409,4141 2409,4142 2408,4143 2374,4143 2373,4142 2237,4143 2236,4144 2235,4144 2234,4144 2235,4151 2234,4152 2234,4153 2233,4154 2232,4154 2231,4155 2231,4156 2230,4157 2229,4158 2228,4158 2227,4159 2227,4167 2225,4169 2224,4169 2223,4170 2223,4175 2221,4177 2220,4177 2220,4177 2220,4178 2218,4180 2213,4180 2212,4181 2212,4182 2210,4184 2194,4184 2194,4183 2193,4143 2193,4143 2012,4143 2011,4144 2012,4171 2011,4172 2011,4173 2010,4173 2005,4173 2004,4175 2004,4176 2002,4177 1998,4177 1997,4176 1997,4175 1996,4174 1995,4173 1994,4173 1993,4172 1992,4144 1992,4143 1909,4143 1908,4142 1686,4143 1685,4143 1685,4144 1684,4145 1685,4149 1684,4150 1683,4150 1681,4152 1681,4156 1679,4158 1678,4158 1678,4158 1678,4159 1675,4162 1674,4162 1674,4163 1674,4164 1671,4166 1670,4166 1670,4167 1670,4168 1668,4169 1660,4169 1659,4168 1658,4144 1658,4143 1367,4144 1365,4146 1364,4146 1363,4147 1192,4147 1191,4149 1191,4150 1190,4150 1189,4150 1188,4151 1011,4151 1010,4150 675,4151 675,4152 675,4153 673,4154 532,4154 531,4153 519,4154 519,4153 518,4147 518,4147 517,4147 515,4145 515,4107 514,4106 513,4106 512,4105 512,4104 511,4103 511,4085 513,4084 521,4084 522,4082 522,4075 523,4074 523,4073 524,4073 525,4073 526,4072 531,4071 531,4072 531,4073 532,4073 533,4073 534,4075 534,4079 536,4080 674,4080 675,4079 675,4078 677,4076 688,4076 692,4080 924,4080 924,4079 924,4036 926,4035 961,4035 961,4034 961,4033 962,4033 1049,4032 1050,4034 1050,4035 1051,4035 1052,4035 1054,4038 1054,4077 1055,4077 1099,4077 1100,4076 1335,4076 1336,4074 1336,4073 1337,4073 1338,4073 1339,4072 1421,4072 1421,4071 1421,4070 1423,4069 1424,4069 1425,4067 1425,4058 1426,4058 1428,4058 1429,4059 1429,4060 1430,4061 1431,4061 1432,4062 1432,4071 1433,4072 1566,4071 1568,4069 1669,4069 1670,4071 1670,4072 1671,4072 1807,4072 1808,4070 1808,4069 1809,4069 1906,4068 1907,4069 2071,4069 2071,4069 2071,4030 2073,4028 2078,4028 2078,4028 2078,4027 2081,4024 2085,4024 2086,4026 2086,4027 2088,4028 2089,4028 2090,4030 2090,4069 2091,4069 2323,4069 2324,4070 2401,4069 2401,4070 2401,4071 2404,4073 2409,4073 2409,4074 2409,4098 2410,4098 2550,4098 2550,4098 2550,4030 2552,4028 2568,4028 2569,4030 2569,4069 2570,4069 2616,4069 2617,4070 2617,4071 2618,4072 2747,4072 2747,4071 2747,4032 2748,4032 2749,4032 2750,4031 2751,4029 2751,4028 2752,4028 2765,4028 2766,4029 2910,4028 2911,4029 2918,4029 2919,4030 3000,4030 3007,4038 3007,4076 3008,4076 3124,4076 3128,4080 3259,4080 3259,4079 3259,4078 3262,4076 3278,4076 3278,4075 3278,4032 3279,4031 3292,4031 3293,4030 3293,4029 3294,4028 3296,4028 3297,4030 3297,4031 3299,4032 3300,4032 3300,4033 3300,4076 3301,4076 3377,4076 3378,4078 3378,4079 3380,4080 3385,4080 3386,4082 3386,4136 3387,4136 3389,4136 3389,4137 3389,4138 3392,4140 3393,4140 3393,4141 3394,4154 3394,4154 3517,4154 3519,4155 3519,4156 3520,4157 3519,4158 3519,4160 3517,4162 3513,4162 3512,4160 3512,4158 3511,4158 3379,4158 3378,4157 3378,4156 3376,4154 3327,4154 3326,4153 3326,4152 3325,4151 3287,4151 3286,4150 3263,4151 3263,4151 3263,4200 3262,4201"/><TextEquiv index="1"><Unicode>tuons l'économe; employez - la à faire du</Unicode></TextEquiv></TextLine><TextLine id="r0_l022"><Coords points="1910,4359 1909,4358 1908,4358 1908,4358 1908,4357 1907,4356 1907,4355 1906,4354 1897,4355 1897,4354 1897,4310 1896,4310 1452,4310 1451,4309 1274,4310 1272,4312 1272,4313 1271,4314 1266,4314 1266,4314 1266,4315 1263,4318 1261,4315 1261,4314 1260,4314 1141,4314 1088,4314 1087,4316 1087,4317 1085,4318 994,4318 994,4319 994,4351 993,4351 983,4352 983,4352 983,4353 981,4355 980,4355 979,4353 979,4352 977,4351 973,4351 972,4349 972,4344 971,4344 836,4344 834,4341 834,4318 833,4318 623,4318 623,4319 623,4320 621,4321 519,4322 519,4322 519,4323 517,4325 508,4325 508,4324 508,4319 505,4317 504,4317 504,4316 504,4311 505,4310 506,4310 508,4308 508,4203 508,4203 509,4203 510,4202 512,4200 512,4199 512,4199 525,4199 526,4199 526,4200 527,4202 531,4201 532,4202 532,4203 534,4205 534,4206 534,4206 624,4206 630,4212 630,4247 630,4247 773,4247 775,4248 775,4253 775,4254 776,4254 779,4256 779,4264 780,4266 781,4266 783,4267 783,4268 783,4269 784,4269 786,4270 786,4291 786,4292 967,4292 968,4291 968,4252 970,4250 971,4250 972,4249 972,4248 973,4247 1060,4246 1061,4246 1061,4245 1061,4244 1062,4244 1063,4243 1190,4243 1191,4243 1191,4238 1192,4236 1193,4236 1195,4235 1195,4219 1196,4217 1197,4217 1198,4217 1198,4216 1199,4214 1200,4214 1201,4214 1202,4213 1202,4212 1203,4210 1204,4210 1206,4209 1206,4208 1207,4206 1216,4206 1217,4205 1217,4203 1217,4203 1218,4203 1221,4200 1221,4199 1221,4199 1234,4199 1235,4199 1235,4200 1237,4203 1238,4203 1239,4203 1239,4235 1239,4236 1524,4235 1525,4235 1525,4234 1525,4233 1526,4232 1527,4232 1529,4234 1529,4235 1530,4236 1731,4236 1733,4234 1733,4233 1734,4232 1836,4232 1837,4231 1837,4229 1837,4229 1838,4229 1841,4226 1841,4218 1842,4217 1843,4217 1844,4216 1844,4212 1845,4211 1845,4210 1845,4210 1846,4210 1848,4208 1848,4200 1849,4199 1854,4199 1855,4198 1855,4197 1857,4195 1861,4195 1867,4189 1867,4188 1867,4188 1877,4188 1878,4188 1878,4191 1878,4192 2040,4191 2041,4191 2041,4190 2042,4188 2044,4188 2045,4189 2045,4190 2046,4191 2047,4191 2049,4193 2049,4225 2049,4225 2088,4225 2090,4227 2090,4228 2091,4229 2092,4229 2093,4230 2093,4235 2094,4236 2308,4236 2309,4235 2309,4196 2310,4195 2311,4195 2312,4194 2312,4193 2314,4191 2316,4192 2316,4194 2316,4195 2326,4195 2327,4195 2327,4196 2328,4197 2328,4232 2328,4233 2385,4232 2387,4234 2387,4235 2388,4236 2660,4236 2661,4236 2661,4237 2663,4240 2701,4240 2702,4239 2702,4200 2703,4199 2704,4199 2706,4197 2706,4196 2707,4195 2708,4195 2710,4193 2720,4193 2722,4195 2723,4195 2724,4195 2724,4196 2725,4197 2725,4205 2725,4206 2726,4206 2728,4207 2728,4239 2728,4240 2849,4239 2851,4238 2851,4237 2851,4236 2853,4236 2855,4238 2855,4239 2856,4240 3057,4240 3059,4241 3059,4242 3059,4243 3247,4243 3248,4242 3248,4200 3248,4200 3258,4200 3259,4201 3262,4201 3263,4201 3263,4204 3264,4206 3265,4206 3267,4207 3267,4236 3267,4237 3310,4236 3311,4237 3311,4242 3312,4243 3317,4243 3319,4245 3319,4269 3319,4269 3391,4269 3393,4271 3393,4295 3392,4295 3391,4295 3389,4298 3389,4299 3388,4299 3319,4299 3319,4300 3319,4321 3318,4321 3317,4321 3316,4322 3315,4322 3314,4321 3304,4321 3304,4321 3304,4320 3302,4318 3298,4318 3297,4317 3148,4318 3148,4318 3148,4349 3146,4351 3138,4351 3137,4352 3137,4353 3135,4355 3127,4355 3125,4352 3125,4351 3124,4351 3119,4351 3118,4349 3118,4318 3117,4318 3105,4318 3103,4315 3103,4314 3102,4314 2952,4314 2951,4313 2951,4312 2949,4310 2824,4310 2823,4309 2514,4310 2513,4312 2513,4313 2512,4314 2511,4314 2510,4314 2509,4313 2509,4312 2507,4310 2376,4310 2375,4309 2272,4310 2272,4309 2272,4308 2270,4307 1941,4307 1941,4308 1941,4339 1939,4340 1938,4340 1937,4342 1937,4347 1936,4347 1935,4347 1934,4349 1934,4350 1933,4350 1932,4351 1931,4351 1930,4353 1930,4354 1929,4354 1928,4355 1927,4355 1926,4357 1926,4358 1925,4358 1924,4358 1923,4359"/><TextEquiv index="1"><Unicode>bien, perſonne ne ſçait mieux s'en acquit-</Unicode></TextEquiv></TextLine><TextLine id="r0_l023"><Coords points="803,4522 801,4520 801,4519 800,4518 799,4518 797,4516 797,4485 797,4485 606,4485 604,4487 604,4488 604,4488 603,4488 602,4489 537,4489 536,4488 518,4489 515,4486 515,4482 514,4481 513,4481 512,4480 512,4479 511,4478 511,4444 511,4444 502,4444 500,4442 500,4438 503,4436 504,4436 504,4435 504,4419 507,4417 508,4417 508,4416 508,4415 510,4414 515,4414 515,4413 515,4412 519,4408 519,4404 521,4403 525,4403 526,4401 526,4400 528,4399 529,4398 530,4400 530,4401 534,4405 534,4410 535,4410 654,4410 655,4411 656,4411 656,4412 656,4414 657,4414 845,4414 845,4413 845,4412 848,4410 945,4410 948,4407 964,4407 964,4407 964,4408 966,4410 970,4410 972,4412 1180,4411 1180,4411 1180,4408 1181,4407 1245,4407 1247,4404 1247,4403 1248,4403 1350,4403 1350,4403 1350,4404 1353,4407 1365,4407 1365,4407 1365,4408 1366,4409 1366,4413 1367,4414 1521,4413 1521,4413 1521,4361 1523,4358 1594,4358 1596,4360 1596,4403 1597,4403 1825,4403 1826,4401 1826,4400 1828,4399 1847,4399 1848,4400 1848,4401 1850,4403 1855,4403 1856,4404 2078,4403 2078,4403 2078,4402 2081,4399 2240,4399 2241,4400 2509,4399 2509,4399 2509,4390 2511,4388 2512,4388 2513,4387 2513,4383 2517,4379 2517,4375 2518,4373 2519,4373 2520,4373 2520,4372 2521,4370 2522,4370 2523,4370 2524,4369 2524,4368 2525,4366 2627,4366 2628,4365 2628,4359 2628,4359 2629,4359 2630,4358 2644,4358 2647,4360 2647,4398 2648,4399 2682,4399 2686,4403 2914,4402 2914,4402 2914,4368 2916,4365 2917,4365 2918,4365 2918,4364 2919,4362 2924,4362 2925,4362 2925,4361 2927,4358 2937,4358 2938,4359 2939,4359 2940,4360 2940,4403 2941,4403 2965,4403 2966,4405 2966,4406 2968,4407 3196,4407 3196,4406 3196,4397 3199,4395 3200,4395 3200,4394 3200,4389 3202,4388 3203,4388 3204,4386 3204,4385 3205,4385 3206,4385 3207,4383 3207,4379 3208,4378 3208,4377 3209,4377 3210,4377 3211,4376 3211,4375 3211,4374 3211,4374 3212,4374 3215,4371 3215,4370 3215,4370 3216,4370 3219,4367 3219,4366 3219,4366 3220,4366 3222,4364 3222,4363 3223,4362 3239,4362 3241,4363 3241,4364 3242,4366 3247,4366 3248,4366 3248,4409 3249,4410 3280,4409 3281,4410 3376,4410 3377,4411 3378,4411 3378,4412 3378,4413 3379,4413 3380,4414 3381,4414 3382,4416 3382,4417 3383,4417 3384,4418 3385,4418 3386,4420 3386,4466 3387,4466 3388,4466 3390,4469 3390,4470 3391,4470 3392,4470 3393,4472 3393,4484 3392,4485 3387,4485 3386,4486 3386,4487 3384,4489 3381,4489 3378,4487 3378,4486 3378,4485 3362,4485 3360,4484 3360,4482 3360,4481 3328,4481 3327,4480 3024,4481 3021,4478 2941,4478 2940,4477 2867,4477 2866,4476 2633,4477 2632,4476 2632,4475 2632,4475 2470,4475 2468,4477 2466,4477 2465,4477 2465,4476 2464,4474 2367,4474 2366,4473 2091,4474 2090,4475 2090,4476 2089,4477 1935,4477 1934,4476 1411,4478 1410,4478 1410,4479 1409,4481 1301,4481 1299,4482 1299,4483 1298,4485 1189,4485 1188,4485 1188,4484 1186,4481 1167,4481 1165,4480 1165,4478 1165,4477 977,4478 975,4479 975,4480 975,4481 970,4481 968,4482 968,4483 967,4485 824,4485 823,4485 823,4517 823,4518 822,4518 820,4519 820,4520 819,4522"/><TextEquiv index="1"><Unicode>ter que vous. Il me mena enſuite chez ſon</Unicode></TextEquiv></TextLine><TextLine id="r0_l024"><Coords points="1629,4692 1629,4692 1629,4646 1628,4645 1450,4645 1449,4644 1203,4645 1200,4648 1196,4648 1195,4650 1195,4651 1193,4652 942,4653 942,4653 942,4661 940,4663 939,4663 939,4663 939,4664 936,4667 935,4667 935,4667 935,4668 932,4671 931,4671 931,4671 931,4672 925,4678 921,4678 920,4679 920,4680 919,4681 918,4681 916,4683 916,4684 915,4685 913,4685 912,4683 912,4682 911,4682 910,4682 909,4680 909,4648 908,4648 732,4648 728,4652 535,4652 533,4650 533,4648 532,4647 531,4647 530,4646 530,4645 529,4644 525,4645 524,4644 523,4644 523,4643 523,4642 521,4641 520,4641 519,4639 519,4634 517,4633 516,4633 515,4631 515,4630 514,4630 513,4630 511,4627 511,4626 510,4626 509,4626 508,4624 508,4623 509,4622 510,4622 511,4621 510,4606 511,4605 511,4602 512,4601 512,4600 513,4600 514,4600 514,4599 515,4598 515,4597 517,4596 518,4596 518,4595 519,4594 519,4593 520,4593 521,4593 522,4592 523,4590 523,4589 524,4589 525,4589 526,4587 526,4586 528,4585 529,4584 529,4584 530,4583 530,4582 532,4580 537,4580 539,4578 540,4578 541,4577 719,4577 719,4577 719,4576 721,4574 760,4574 760,4573 760,4538 762,4537 778,4537 779,4538 779,4573 780,4574 838,4574 838,4574 838,4575 841,4578 845,4578 846,4579 846,4580 847,4581 852,4581 853,4582 853,4587 855,4589 856,4589 857,4590 857,4591 858,4592 859,4592 861,4594 862,4621 862,4622 1071,4621 1072,4621 1071,4605 1072,4604 1072,4602 1074,4600 1075,4600 1076,4599 1076,4594 1077,4593 1078,4593 1079,4592 1079,4560 1080,4559 1080,4549 1081,4548 1082,4548 1083,4547 1083,4543 1086,4540 1090,4540 1091,4539 1091,4535 1093,4533 1094,4533 1094,4533 1094,4532 1097,4529 1105,4529 1106,4528 1106,4527 1107,4526 1108,4526 1109,4525 1114,4525 1115,4526 1116,4526 1117,4528 1117,4529 1118,4529 1127,4529 1128,4531 1128,4537 1129,4537 1131,4537 1132,4539 1132,4540 1133,4540 1134,4540 1135,4542 1135,4566 1136,4566 1193,4566 1195,4569 1195,4570 1196,4570 1392,4570 1392,4569 1392,4530 1394,4529 1395,4529 1395,4528 1395,4527 1397,4526 1398,4526 1399,4525 1411,4525 1412,4526 1413,4526 1414,4527 1414,4528 1415,4529 1416,4529 1418,4531 1418,4566 1419,4567 1520,4566 1522,4569 1522,4570 1523,4570 1681,4570 1681,4569 1681,4530 1682,4530 1683,4530 1683,4529 1685,4527 1685,4526 1686,4526 1696,4526 1697,4525 1698,4526 1699,4526 1700,4527 1700,4528 1701,4529 1702,4529 1703,4530 1703,4531 1704,4532 1704,4565 1705,4566 1754,4566 1756,4568 1756,4569 1757,4570 1967,4569 1967,4569 1967,4528 1973,4522 1978,4522 1978,4523 1978,4524 1986,4532 1986,4566 1987,4566 2058,4566 2059,4567 2060,4567 2060,4568 2060,4569 2062,4570 2245,4570 2246,4568 2246,4567 2248,4566 2301,4566 2301,4565 2301,4564 2303,4563 2304,4563 2305,4561 2305,4560 2307,4559 2453,4558 2453,4558 2453,4525 2454,4524 2454,4523 2455,4522 2468,4522 2468,4523 2468,4524 2471,4526 2472,4526 2472,4527 2472,4532 2474,4533 2475,4533 2476,4535 2476,4566 2477,4566 2534,4566 2535,4568 2535,4569 2537,4570 2706,4570 2706,4569 2706,4523 2708,4522 2742,4522 2743,4520 2743,4519 2745,4518 2757,4518 2758,4519 2758,4520 2760,4522 2776,4522 2777,4523 2777,4524 2778,4525 2785,4525 2786,4526 2848,4525 2849,4526 2850,4526 2851,4528 2851,4529 2852,4529 2853,4529 2855,4532 2855,4570 2856,4570 3033,4570 3033,4570 3033,4546 3035,4544 3036,4544 3036,4544 3036,4540 3037,4539 3037,4538 3038,4537 3043,4537 3044,4536 3044,4535 3045,4534 3046,4533 3047,4533 3048,4532 3048,4531 3050,4529 3058,4529 3059,4527 3059,4526 3060,4526 3074,4526 3075,4525 3076,4526 3077,4526 3077,4526 3077,4527 3079,4529 3087,4529 3089,4531 3089,4535 3091,4537 3092,4537 3092,4537 3092,4538 3095,4541 3096,4541 3096,4541 3096,4550 3097,4551 3098,4551 3100,4553 3100,4572 3102,4574 3255,4574 3256,4575 3385,4574 3385,4575 3385,4576 3386,4576 3388,4578 3389,4578 3389,4579 3389,4584 3391,4585 3392,4585 3393,4587 3393,4595 3392,4596 3393,4629 3392,4629 3391,4629 3389,4632 3389,4644 3388,4644 3387,4644 3386,4646 3386,4647 3384,4648 3383,4648 3382,4650 3382,4655 3381,4655 3380,4655 3379,4656 3365,4656 3363,4654 3363,4653 3362,4652 3357,4652 3356,4651 3356,4650 3354,4648 3167,4649 3164,4652 3160,4652 3159,4650 3159,4649 3157,4648 3034,4648 3031,4645 2961,4645 2960,4644 2959,4644 2959,4644 2959,4643 2957,4641 2766,4642 2764,4644 2763,4644 2762,4645 2437,4645 2436,4644 2435,4644 2435,4644 2435,4643 2433,4641 2429,4641 2428,4640 2116,4641 2116,4642 2116,4665 2115,4666 2115,4667 2114,4667 2113,4667 2109,4671 2105,4671 2104,4673 2104,4674 2103,4674 2090,4674 2090,4674 2090,4673 2089,4672 2087,4670 2086,4670 2086,4670 2086,4645 2085,4644 1924,4644 1923,4645 1911,4645 1911,4646 1911,4674 1910,4674 1909,4674 1908,4675 1907,4675 1907,4676 1907,4677 1906,4677 1886,4678 1886,4677 1886,4676 1885,4675 1885,4645 1884,4645 1644,4645 1644,4646 1644,4692 1643,4692"/><TextEquiv index="1"><Unicode>oncle, &amp; chez la plupart des Directeurs</Unicode></TextEquiv></TextLine><TextLine id="r0_l025"><Coords points="3234,4862 3233,4861 3233,4812 3232,4812 3074,4812 3074,4812 3074,4813 3072,4815 3070,4815 3070,4814 3070,4813 3068,4812 2878,4812 2877,4811 2877,4810 2875,4808 2825,4808 2824,4807 2357,4809 2357,4809 2357,4839 2356,4841 2336,4841 2335,4840 2335,4838 2334,4837 2334,4804 2333,4804 2206,4804 2205,4805 2205,4806 2203,4808 2005,4808 2005,4809 2005,4856 2005,4856 2001,4856 2000,4857 1994,4857 1993,4857 1993,4809 1992,4808 1964,4808 1964,4809 1964,4839 1963,4840 1963,4841 1963,4841 1946,4841 1945,4841 1945,4840 1943,4837 1942,4837 1941,4837 1941,4826 1940,4825 1793,4826 1793,4825 1793,4824 1791,4823 1790,4823 1789,4821 1789,4808 1788,4808 1525,4808 1525,4809 1525,4822 1523,4823 1522,4823 1522,4824 1522,4832 1519,4834 1518,4834 1518,4835 1518,4836 1516,4838 1512,4838 1510,4840 1510,4841 1510,4841 1337,4842 1336,4842 1336,4843 1335,4845 1312,4845 1310,4843 1310,4812 1309,4812 1253,4812 1253,4812 1253,4860 1253,4861 1241,4861 1240,4860 1240,4812 1239,4812 1054,4812 1054,4813 1054,4814 1052,4815 1047,4815 1046,4817 1046,4818 1044,4819 1017,4819 1017,4819 1017,4818 1014,4815 1002,4815 1002,4815 1002,4814 1001,4813 845,4814 844,4815 650,4815 649,4817 649,4818 647,4819 627,4819 627,4819 627,4818 624,4815 533,4815 532,4814 523,4815 523,4814 523,4806 522,4805 522,4804 521,4804 520,4804 519,4802 519,4800 518,4800 501,4800 500,4798 500,4776 502,4774 514,4774 515,4773 515,4753 516,4752 517,4752 519,4750 519,4749 520,4748 529,4747 530,4747 530,4746 531,4744 536,4744 538,4743 538,4742 538,4741 555,4741 556,4741 556,4702 557,4700 558,4700 559,4700 560,4699 560,4698 561,4696 576,4696 578,4698 578,4699 579,4700 579,4700 580,4700 582,4702 582,4741 582,4741 752,4741 753,4741 753,4702 754,4700 759,4700 760,4699 760,4698 762,4696 765,4696 768,4698 768,4699 768,4700 769,4700 771,4701 771,4736 771,4737 967,4737 968,4736 968,4735 970,4733 971,4733 972,4732 972,4727 973,4726 974,4726 976,4724 976,4719 976,4719 977,4719 980,4716 980,4715 980,4715 981,4715 983,4713 983,4708 983,4708 984,4708 986,4706 987,4705 987,4704 987,4703 993,4703 994,4703 994,4702 995,4700 1000,4700 1002,4699 1002,4698 1003,4696 1011,4696 1013,4695 1013,4694 1013,4693 1045,4693 1046,4694 1046,4695 1047,4696 1058,4696 1059,4697 1060,4697 1061,4698 1061,4699 1062,4700 1063,4700 1065,4702 1065,4707 1066,4708 1067,4708 1068,4709 1068,4710 1069,4711 1069,4741 1069,4741 1189,4741 1191,4740 1191,4739 1192,4737 1412,4737 1414,4735 1414,4734 1414,4734 1496,4733 1497,4734 1498,4734 1499,4735 1499,4736 1500,4737 1624,4737 1625,4737 1625,4695 1627,4692 1644,4692 1645,4693 1646,4693 1648,4695 1648,4733 1648,4733 1691,4733 1692,4732 1692,4731 1693,4730 1709,4730 1711,4731 1711,4732 1711,4733 1715,4733 1716,4734 1717,4734 1718,4734 1718,4735 1719,4737 1720,4737 1722,4738 1722,4739 1723,4741 1724,4741 1726,4742 1726,4743 1727,4745 1728,4745 1729,4745 1729,4746 1730,4747 1730,4751 1730,4752 1731,4752 1733,4753 1733,4770 1733,4771 1940,4770 1941,4770 1941,4739 1942,4737 2036,4737 2038,4736 2038,4735 2038,4734 2039,4734 2040,4733 2110,4733 2112,4732 2112,4731 2112,4730 2296,4730 2297,4729 2297,4696 2298,4695 2298,4689 2298,4689 2318,4689 2320,4690 2320,4729 2320,4730 2366,4729 2367,4730 2374,4730 2375,4731 2375,4732 2376,4733 2627,4733 2628,4732 2628,4731 2628,4731 2629,4730 2630,4730 2632,4731 2632,4732 2632,4733 2766,4733 2767,4734 2768,4734 2769,4735 2827,4734 2829,4736 2829,4737 2829,4737 2998,4737 2999,4737 2999,4699 3001,4696 3002,4696 3003,4696 3003,4695 3004,4693 3013,4693 3014,4694 3014,4695 3016,4697 3017,4697 3018,4698 3018,4699 3019,4700 3020,4700 3022,4702 3022,4737 3022,4737 3079,4737 3081,4738 3081,4739 3082,4741 3284,4740 3285,4740 3285,4699 3287,4696 3288,4696 3289,4696 3289,4695 3290,4693 3302,4693 3304,4695 3304,4696 3304,4696 3305,4696 3308,4699 3308,4741 3308,4741 3376,4741 3378,4743 3378,4744 3378,4744 3379,4744 3380,4745 3384,4745 3386,4747 3386,4748 3386,4748 3387,4748 3389,4750 3389,4751 3390,4752 3391,4752 3393,4754 3393,4774 3392,4774 3389,4774 3389,4775 3389,4807 3387,4808 3386,4808 3386,4809 3386,4810 3383,4812 3382,4812 3382,4813 3382,4814 3380,4815 3376,4815 3374,4818 3374,4819 3373,4819 3357,4819 3356,4818 3356,4817 3354,4815 3293,4815 3292,4814 3263,4815 3263,4814 3263,4812 3262,4812 3248,4812 3248,4812 3248,4861 3248,4862"/><TextEquiv index="1"><Unicode>de la Compagnie, pour les remercier de</Unicode></TextEquiv></TextLine><TextLine id="r0_l026"><Coords points="764,5031 763,5030 763,4982 763,4982 695,4982 694,4983 693,4982 524,4983 523,4983 523,4984 522,4986 520,4986 519,4985 519,4984 517,4982 513,4982 511,4980 511,4872 513,4871 514,4871 515,4869 515,4868 516,4867 517,4867 518,4867 519,4865 519,4864 520,4864 521,4864 522,4863 533,4862 534,4863 535,4863 536,4864 537,4864 537,4865 537,4866 538,4867 538,4908 539,4908 882,4908 882,4907 882,4896 883,4895 883,4894 885,4893 898,4893 898,4892 898,4860 899,4860 912,4860 912,4860 912,4861 914,4863 918,4863 919,4864 920,4864 920,4864 920,4907 921,4908 949,4908 950,4909 1154,4908 1154,4908 1154,4906 1156,4904 1165,4904 1165,4904 1165,4899 1167,4897 1172,4897 1172,4898 1172,4899 1175,4901 1176,4901 1176,4902 1176,4904 1177,4904 1232,4904 1232,4903 1232,4879 1234,4878 1235,4878 1236,4876 1236,4875 1237,4875 1238,4875 1239,4873 1239,4861 1240,4861 1254,4861 1254,4861 1254,4903 1255,4904 1492,4903 1492,4903 1492,4902 1493,4901 1498,4901 1499,4900 1499,4899 1501,4897 1662,4897 1663,4899 1663,4901 1664,4901 1933,4900 1934,4899 1934,4898 1935,4897 1948,4897 1948,4898 1948,4899 1950,4900 1989,4900 1989,4900 1989,4862 1991,4860 1992,4860 1993,4859 1993,4858 1994,4857 2000,4857 2001,4856 2007,4856 2008,4858 2008,4859 2010,4860 2011,4860 2012,4862 2012,4945 2013,4945 2055,4945 2056,4947 2056,4948 2057,4949 2058,4949 2059,4949 2060,4951 2060,4953 2061,4953 2216,4953 2216,4952 2216,4853 2218,4852 2219,4852 2220,4850 2220,4849 2221,4849 2255,4849 2259,4845 2263,4845 2268,4850 2268,4900 2269,4901 2431,4900 2431,4900 2431,4895 2432,4894 2433,4894 2435,4892 2435,4884 2437,4882 2438,4882 2439,4881 2439,4873 2456,4856 2460,4856 2461,4855 2461,4854 2463,4852 2478,4852 2480,4855 2480,4856 2481,4856 2486,4856 2487,4858 2487,4863 2488,4863 2489,4863 2491,4866 2491,4897 2492,4897 2531,4897 2532,4899 2532,4900 2534,4901 2772,4901 2773,4902 2773,4903 2774,4904 2775,4904 2776,4905 3062,4904 3062,4903 3062,4902 3064,4901 3066,4901 3066,4901 3066,4902 3068,4904 3230,4904 3230,4903 3230,4868 3232,4867 3233,4867 3233,4866 3233,4862 3234,4862 3249,4862 3251,4864 3252,4864 3252,4864 3252,4904 3253,4905 3306,4904 3308,4907 3308,4908 3309,4908 3392,4908 3393,4910 3393,4911 3394,4911 3395,4912 3396,4912 3397,4914 3397,4929 3396,4930 3379,4930 3378,4931 3378,4982 3378,4982 3230,4983 3229,4982 3227,4982 3226,4981 3226,4979 3226,4979 2919,4979 2918,4980 2918,5007 2916,5009 2915,5009 2914,5010 2914,5011 2913,5012 2894,5012 2890,5008 2889,5008 2888,5008 2888,4975 2888,4974 2544,4975 2543,4976 2543,5018 2543,5018 2536,5018 2535,5018 2535,4976 2535,4975 2519,4975 2515,4971 2425,4971 2424,4970 2229,4971 2227,4972 2227,4973 2226,4975 2218,4975 2217,4974 2060,4974 2059,4975 2058,4975 2056,4977 2056,4978 2055,4979 2040,4979 2038,4978 2038,4977 2037,4975 1928,4975 1926,4974 1926,4973 1925,4971 1920,4971 1919,4970 1627,4971 1626,4972 1626,4973 1625,4974 1625,4975 1625,4975 1433,4976 1432,4976 1432,4977 1431,4978 1431,5023 1431,5024 1419,5024 1418,5023 1418,5008 1418,5008 1393,5008 1392,5007 1392,5006 1391,5005 1391,4975 1391,4975 1174,4975 1173,4976 1173,4977 1171,4979 1118,4979 1117,4980 1117,4981 1116,4982 1007,4982 1006,4981 766,4982 765,4982 765,5030 765,5031"/><TextEquiv index="1"><Unicode>leurs bontés pour moi. Je fis au premier</Unicode></TextEquiv></TextLine><TextLine id="r0_l027"><Coords points="3160,5183 3159,5181 3159,5180 3158,5179 3157,5179 3156,5179 3155,5177 3155,5146 3154,5146 3007,5146 3007,5147 3007,5156 3005,5157 3004,5157 3003,5159 3003,5164 3002,5164 3001,5164 2993,5172 2989,5172 2988,5174 2988,5175 2987,5175 2986,5175 2985,5176 2979,5176 2977,5174 2977,5143 2976,5142 2889,5142 2888,5141 2888,5140 2886,5138 2826,5138 2825,5137 2376,5138 2375,5137 1909,5138 1908,5137 1893,5138 1893,5137 1893,5136 1891,5135 1730,5135 1729,5136 1729,5137 1728,5138 1689,5138 1689,5138 1689,5177 1687,5179 1674,5179 1674,5179 1674,5139 1673,5138 1616,5138 1614,5141 1614,5142 1613,5142 1452,5142 1451,5141 1207,5142 1206,5144 1206,5145 1204,5146 1187,5146 1187,5147 1187,5179 1186,5179 1173,5179 1173,5180 1173,5181 1170,5183 1162,5183 1161,5182 1161,5151 1160,5150 1045,5150 1044,5149 1043,5149 1042,5148 1042,5147 1041,5146 993,5146 992,5145 857,5146 857,5146 857,5181 855,5183 835,5183 835,5182 835,5181 834,5180 834,5150 833,5150 582,5150 582,5151 582,5182 580,5183 550,5183 549,5182 549,5181 548,5180 548,5150 547,5149 525,5150 524,5149 523,5149 523,5148 523,5144 522,5143 522,5142 521,5142 520,5142 519,5140 519,5139 518,5139 517,5139 515,5136 515,5135 514,5135 513,5135 511,5132 511,5124 509,5123 508,5123 508,5122 508,5113 509,5112 510,5112 511,5111 511,5099 513,5097 514,5097 515,5096 515,5095 516,5094 517,5094 519,5092 519,5091 519,5091 520,5090 521,5090 522,5089 522,5088 524,5086 525,5086 526,5085 526,5084 528,5082 529,5081 530,5081 530,5080 531,5078 607,5078 608,5078 608,5077 609,5075 756,5075 757,5075 756,5037 759,5034 760,5034 760,5033 760,5032 762,5031 767,5031 768,5032 768,5033 769,5034 770,5034 771,5035 772,5074 772,5075 914,5075 918,5071 992,5070 993,5071 1055,5071 1058,5074 1058,5075 1058,5075 1197,5075 1198,5075 1198,5074 1200,5071 1253,5071 1254,5070 1254,5069 1255,5068 1383,5068 1384,5067 1383,5062 1384,5061 1384,5054 1386,5053 1387,5053 1388,5051 1388,5046 1389,5046 1390,5046 1392,5043 1392,5042 1393,5042 1394,5042 1395,5040 1395,5039 1397,5038 1398,5038 1399,5036 1399,5031 1400,5031 1402,5031 1403,5030 1418,5030 1418,5029 1418,5024 1419,5024 1432,5024 1432,5024 1432,5025 1433,5026 1434,5067 1434,5068 1450,5067 1451,5068 1720,5068 1722,5066 1722,5065 1723,5064 1791,5064 1791,5063 1791,5062 1792,5061 1792,5044 1793,5043 1793,5042 1794,5042 1795,5042 1796,5040 1796,5036 1800,5032 1800,5028 1802,5027 1803,5027 1804,5025 1804,5020 1805,5020 1806,5020 1807,5019 1811,5019 1811,5018 1811,5017 1813,5016 1854,5016 1858,5012 1873,5012 1875,5014 1875,5015 1876,5016 1881,5016 1882,5017 1882,5022 1883,5023 1885,5023 1885,5023 1885,5063 1886,5064 1908,5063 1909,5064 2110,5064 2111,5063 2111,5062 2113,5060 2195,5060 2196,5061 2196,5062 2198,5064 2330,5064 2330,5063 2330,5060 2331,5059 2331,5057 2332,5057 2333,5057 2335,5054 2335,5046 2336,5046 2337,5046 2338,5044 2338,5036 2341,5034 2342,5034 2342,5033 2342,5028 2344,5027 2345,5027 2345,5026 2346,5025 2346,5024 2348,5023 2349,5023 2349,5022 2349,5021 2352,5019 2360,5019 2361,5017 2361,5016 2362,5016 2367,5015 2368,5016 2453,5016 2455,5018 2543,5018 2543,5019 2544,5068 2544,5068 2687,5068 2688,5067 2687,5025 2694,5019 2704,5019 2705,5020 2706,5020 2706,5020 2706,5022 2707,5023 2787,5023 2788,5024 2789,5064 2789,5065 2842,5064 2843,5065 2843,5066 2845,5068 2912,5068 2914,5070 2914,5071 2914,5071 2919,5071 2922,5074 2922,5075 2922,5075 2923,5075 2925,5077 2925,5078 2926,5079 2927,5079 2929,5081 2929,5116 2929,5116 3113,5116 3114,5115 3114,5099 3116,5097 3117,5097 3118,5096 3118,5091 3119,5090 3120,5090 3121,5089 3122,5088 3122,5087 3123,5086 3128,5086 3129,5085 3129,5084 3131,5082 3132,5082 3133,5081 3133,5080 3134,5079 3135,5079 3136,5078 3137,5077 3137,5076 3138,5075 3168,5075 3170,5073 3170,5072 3170,5072 3201,5072 3202,5071 3274,5071 3275,5070 3274,5028 3276,5027 3277,5027 3278,5025 3278,5024 3280,5022 3283,5022 3284,5023 3299,5023 3300,5025 3300,5026 3302,5027 3385,5027 3386,5029 3387,5135 3387,5135 3392,5135 3393,5136 3393,5145 3391,5146 3386,5146 3386,5147 3386,5148 3384,5149 3383,5149 3382,5150 3332,5150 3331,5149 3330,5149 3330,5149 3330,5148 3328,5146 3320,5146 3319,5145 3178,5146 3178,5146 3178,5173 3175,5176 3174,5176 3174,5176 3174,5177 3172,5179 3168,5179 3164,5183"/><TextEquiv index="1"><Unicode>quelques preſens aſſez conſidérables, qu'il</Unicode></TextEquiv></TextLine><TextLine id="r0_l028"><Coords points="692,5365 689,5363 689,5362 689,5361 684,5361 682,5360 682,5359 682,5358 681,5358 679,5357 679,5316 678,5315 678,5314 678,5313 524,5314 521,5317 519,5315 519,5314 518,5313 513,5313 512,5312 512,5311 511,5310 511,5258 509,5257 508,5257 508,5256 508,5247 509,5246 521,5246 522,5245 522,5244 524,5242 681,5241 683,5239 684,5239 685,5238 811,5238 812,5237 812,5236 813,5235 814,5235 816,5233 816,5232 817,5231 818,5231 819,5230 819,5229 821,5227 824,5229 824,5230 824,5231 825,5231 827,5232 827,5237 827,5238 828,5238 831,5240 831,5241 831,5242 1097,5241 1100,5238 1112,5238 1113,5238 1113,5236 1113,5235 1115,5235 1117,5237 1117,5238 1117,5238 1383,5238 1384,5237 1384,5236 1385,5235 1389,5235 1393,5231 1401,5231 1402,5232 1557,5231 1558,5232 1707,5232 1708,5231 1813,5231 1815,5229 1815,5228 1816,5227 1869,5227 1870,5226 1870,5189 1871,5188 1871,5187 1871,5187 1872,5187 1873,5186 1944,5185 1946,5183 1999,5183 2000,5184 2000,5186 2000,5186 2012,5186 2013,5187 2014,5187 2015,5188 2015,5189 2016,5190 2016,5227 2016,5227 2389,5226 2390,5226 2390,5208 2394,5204 2394,5200 2396,5197 2397,5197 2398,5197 2398,5196 2399,5194 2400,5194 2401,5194 2401,5193 2403,5190 2407,5190 2409,5189 2409,5188 2409,5187 2411,5187 2412,5186 2420,5186 2421,5187 2422,5187 2424,5189 2424,5190 2424,5190 2429,5190 2431,5192 2431,5193 2432,5194 2433,5194 2435,5196 2435,5197 2436,5198 2437,5198 2439,5200 2439,5227 2439,5227 2484,5227 2485,5228 2486,5228 2487,5229 2487,5230 2488,5231 2789,5231 2790,5232 2875,5231 2877,5233 2877,5234 2878,5235 3065,5235 3066,5234 3066,5195 3067,5194 3068,5194 3070,5192 3070,5191 3071,5190 3079,5190 3081,5191 3081,5192 3082,5194 3246,5194 3250,5190 3254,5190 3256,5188 3256,5187 3256,5187 3257,5187 3258,5186 3278,5186 3279,5187 3280,5186 3281,5187 3282,5188 3282,5189 3282,5189 3283,5189 3284,5190 3284,5191 3286,5193 3286,5194 3286,5194 3287,5194 3289,5196 3289,5235 3289,5235 3321,5235 3323,5237 3323,5238 3323,5238 3345,5238 3346,5239 3347,5239 3348,5240 3348,5241 3349,5242 3349,5276 3349,5276 3377,5276 3378,5277 3378,5278 3383,5283 3384,5283 3385,5284 3385,5285 3386,5286 3386,5290 3387,5291 3388,5291 3389,5292 3389,5305 3389,5305 3388,5305 3385,5308 3385,5309 3385,5309 3373,5309 3371,5311 3371,5312 3370,5313 3365,5313 3364,5313 3364,5312 3362,5309 3285,5309 3284,5308 3015,5309 3014,5310 3014,5338 3013,5339 3012,5339 3011,5340 3011,5341 3009,5343 2997,5343 2996,5344 2996,5345 2995,5346 2986,5346 2985,5346 2985,5345 2984,5344 2984,5307 2984,5306 2854,5306 2853,5305 2773,5306 2772,5305 2623,5305 2622,5306 2500,5306 2497,5309 2407,5309 2405,5308 2405,5307 2404,5305 2399,5305 2398,5305 2398,5304 2396,5301 2199,5302 2197,5303 2197,5304 2197,5305 2196,5305 2195,5306 2186,5306 2185,5305 2184,5305 2182,5303 2182,5302 2182,5302 2024,5302 2023,5303 2023,5305 2023,5305 1818,5306 1817,5305 1816,5305 1815,5304 1815,5303 1814,5302 1571,5302 1570,5303 1570,5304 1569,5305 1568,5305 1567,5306 1556,5306 1555,5307 1555,5308 1554,5309 1553,5309 1552,5309 1551,5308 1551,5307 1551,5306 1496,5306 1495,5307 1495,5352 1495,5352 1482,5352 1481,5352 1481,5307 1481,5306 1473,5306 1472,5305 1207,5306 1206,5307 1206,5308 1205,5309 1186,5309 1184,5311 1184,5312 1183,5313 1032,5313 1031,5314 1031,5316 1030,5317 1027,5317 1026,5316 1025,5316 1024,5316 1024,5315 1023,5313 1022,5313 1021,5312 713,5313 712,5314 712,5345 710,5347 709,5347 708,5348 708,5357 708,5357 707,5357 704,5360 704,5361 704,5361 699,5361 697,5363 697,5364 696,5365"/><TextEquiv index="1"><Unicode>reçut avec reconnoiſſance &amp; avec plaiſir.</Unicode></TextEquiv></TextLine><TextLine id="r0_l029"><Coords points="1031,5527 1031,5527 1030,5503 1030,5502 1018,5502 1016,5501 1016,5480 1016,5479 639,5480 638,5481 638,5512 636,5514 635,5514 634,5515 634,5516 633,5517 614,5517 611,5520 611,5521 611,5521 577,5521 574,5519 574,5518 574,5517 569,5517 567,5516 567,5515 566,5513 565,5513 564,5512 563,5512 563,5511 563,5510 562,5510 561,5510 560,5509 560,5508 559,5506 554,5506 552,5505 552,5485 552,5484 544,5484 540,5480 539,5480 538,5480 538,5479 536,5476 535,5476 534,5475 528,5476 526,5474 526,5473 526,5473 525,5473 523,5471 523,5470 522,5469 509,5469 508,5468 508,5455 507,5454 506,5454 504,5452 504,5451 503,5450 503,5450 502,5450 500,5448 500,5429 502,5428 503,5428 504,5426 504,5414 506,5413 507,5413 508,5411 508,5406 509,5406 510,5406 511,5404 511,5400 532,5379 541,5379 541,5379 541,5371 544,5368 548,5368 549,5367 549,5366 550,5365 570,5365 571,5364 571,5363 573,5361 581,5361 582,5363 582,5364 584,5365 592,5365 595,5368 599,5368 601,5371 601,5372 602,5372 607,5372 608,5374 608,5375 610,5376 615,5376 615,5377 615,5382 617,5383 618,5383 619,5385 619,5386 621,5387 622,5387 623,5389 623,5394 624,5394 625,5394 627,5397 627,5398 628,5398 629,5398 630,5400 630,5406 631,5406 935,5406 935,5405 935,5358 937,5357 944,5357 945,5358 946,5358 946,5358 946,5361 947,5362 1034,5361 1035,5363 1035,5364 1037,5365 1038,5365 1039,5367 1039,5402 1040,5402 1213,5402 1213,5402 1213,5393 1215,5391 1216,5391 1217,5389 1217,5384 1218,5384 1219,5384 1221,5381 1221,5377 1224,5374 1224,5370 1227,5368 1228,5368 1228,5367 1228,5366 1230,5365 1231,5365 1232,5363 1232,5362 1234,5361 1235,5361 1235,5360 1235,5359 1238,5357 1250,5357 1250,5356 1250,5355 1252,5354 1257,5354 1258,5355 1258,5356 1259,5357 1260,5357 1262,5359 1262,5397 1263,5398 1455,5397 1455,5397 1455,5392 1456,5391 1457,5391 1458,5390 1458,5382 1460,5380 1461,5380 1462,5379 1462,5374 1464,5372 1465,5372 1466,5371 1466,5366 1467,5365 1468,5365 1473,5360 1473,5359 1474,5358 1475,5358 1476,5357 1480,5357 1480,5357 1480,5354 1482,5352 1496,5352 1498,5354 1499,5354 1499,5355 1499,5356 1502,5358 1503,5358 1503,5359 1503,5398 1504,5398 1696,5398 1696,5397 1696,5369 1697,5369 1698,5369 1700,5366 1700,5354 1701,5354 1710,5354 1711,5355 1711,5393 1712,5394 1772,5394 1773,5395 1774,5395 1774,5395 1774,5396 1776,5398 1960,5397 1960,5397 1960,5396 1961,5395 1962,5395 1963,5394 2026,5394 2026,5394 2026,5360 2029,5357 2030,5357 2030,5357 2030,5356 2032,5354 2041,5354 2041,5355 2041,5356 2044,5358 2045,5358 2045,5359 2045,5390 2046,5390 2160,5390 2160,5389 2160,5384 2162,5383 2290,5383 2290,5382 2290,5351 2292,5350 2297,5350 2297,5349 2297,5348 2300,5346 2304,5346 2305,5347 2305,5348 2307,5350 2312,5350 2312,5350 2312,5351 2313,5352 2313,5393 2314,5394 2368,5393 2369,5394 2594,5394 2595,5392 2595,5388 2597,5387 2605,5387 2606,5388 2606,5393 2607,5394 2674,5394 2675,5395 2676,5395 2676,5395 2676,5396 2678,5398 2820,5398 2821,5399 2983,5398 2987,5402 3144,5402 3144,5401 3144,5359 3148,5355 3148,5354 3149,5354 3151,5354 3152,5355 3152,5356 3153,5357 3161,5357 3167,5363 3167,5401 3168,5402 3273,5402 3274,5403 3385,5402 3386,5404 3386,5409 3387,5409 3388,5409 3389,5411 3389,5412 3391,5413 3392,5413 3393,5415 3393,5457 3392,5458 3391,5458 3389,5460 3389,5461 3389,5461 3388,5461 3386,5463 3386,5471 3384,5473 3383,5473 3382,5474 3382,5479 3381,5480 3350,5480 3349,5479 3194,5480 3193,5479 3193,5478 3191,5476 3131,5476 3129,5474 3129,5473 3129,5473 2872,5473 2871,5472 2825,5472 2824,5473 2824,5518 2824,5518 2818,5519 2817,5518 2817,5473 2817,5473 2527,5473 2523,5469 2310,5470 2309,5470 2309,5471 2309,5472 2306,5472 2305,5471 2305,5470 2304,5469 1887,5470 1886,5470 1886,5499 1885,5500 1885,5501 1885,5502 1861,5502 1859,5500 1859,5499 1858,5498 1857,5498 1856,5497 1856,5469 1856,5469 1637,5469 1636,5470 1636,5519 1636,5519 1619,5519 1618,5519 1618,5470 1618,5469 1601,5469 1600,5470 1600,5471 1598,5473 1374,5474 1372,5476 1230,5476 1228,5477 1228,5478 1227,5480 1054,5480 1053,5481 1054,5527 1053,5527"/><TextEquiv index="1"><Unicode>Quand je fus ſur le point de retourner dans</Unicode></TextEquiv></TextLine><TextLine id="r0_l030"><Coords points="3139,5681 3138,5680 3137,5680 3137,5679 3137,5678 3135,5677 3134,5677 3133,5675 3133,5674 3131,5673 3130,5673 3129,5671 3129,5643 3128,5643 3078,5643 3077,5641 3077,5640 3076,5640 3005,5640 3004,5639 3003,5639 3003,5639 3003,5638 3001,5636 2827,5636 2826,5635 2432,5636 2432,5637 2432,5638 2429,5640 2427,5638 2427,5637 2426,5636 2417,5636 2416,5635 1953,5636 1952,5635 1837,5636 1837,5636 1837,5682 1836,5683 1830,5683 1830,5682 1830,5636 1829,5636 1704,5636 1704,5636 1704,5637 1701,5640 1640,5640 1640,5641 1640,5654 1639,5654 1638,5654 1637,5656 1637,5664 1634,5666 1633,5666 1633,5667 1633,5668 1623,5677 1622,5676 1622,5672 1619,5669 1618,5669 1618,5669 1618,5641 1617,5640 1377,5641 1377,5641 1377,5671 1375,5673 1370,5673 1369,5674 1369,5675 1367,5677 1352,5677 1347,5671 1347,5669 1346,5669 1199,5669 1198,5668 1198,5667 1197,5666 1196,5666 1195,5665 1195,5644 1194,5643 946,5644 946,5644 946,5660 944,5662 943,5662 942,5663 942,5664 940,5666 801,5666 801,5666 801,5671 799,5673 776,5673 775,5671 775,5640 774,5640 609,5640 606,5643 605,5643 604,5644 523,5645 521,5647 519,5647 519,5646 519,5645 515,5641 515,5640 514,5640 513,5640 511,5637 511,5588 510,5588 509,5588 508,5586 508,5577 508,5577 509,5577 510,5576 512,5574 512,5573 512,5573 513,5573 515,5571 515,5570 516,5569 521,5569 522,5570 673,5569 675,5571 675,5572 676,5573 930,5573 931,5572 931,5570 932,5569 933,5569 935,5567 935,5562 935,5562 937,5562 938,5561 1030,5560 1031,5560 1031,5528 1031,5527 1053,5527 1054,5528 1054,5531 1055,5532 1056,5532 1057,5533 1057,5569 1057,5569 1122,5569 1124,5571 1124,5572 1125,5573 1126,5573 1128,5575 1128,5580 1128,5580 1133,5580 1135,5582 1135,5590 1136,5591 1137,5591 1139,5593 1139,5614 1139,5614 1309,5614 1310,5613 1310,5592 1311,5591 1312,5591 1313,5590 1313,5586 1314,5585 1314,5584 1314,5584 1315,5584 1317,5582 1317,5578 1319,5576 1323,5576 1325,5574 1325,5573 1325,5573 1330,5573 1332,5571 1332,5570 1333,5569 1397,5569 1399,5567 1399,5566 1400,5565 1509,5564 1511,5562 1617,5562 1618,5562 1617,5521 1619,5519 1637,5519 1637,5520 1638,5562 1638,5562 1826,5562 1827,5561 1826,5514 1828,5513 1986,5512 1986,5512 1986,5511 1987,5510 2004,5510 2004,5511 2004,5512 2006,5513 2010,5513 2015,5519 2016,5562 2016,5562 2174,5562 2175,5561 2175,5522 2178,5519 2179,5519 2181,5517 2193,5517 2193,5517 2193,5519 2195,5521 2196,5521 2196,5521 2197,5561 2197,5562 2356,5562 2357,5561 2356,5519 2359,5517 2360,5517 2360,5516 2360,5515 2363,5512 2365,5515 2365,5516 2366,5516 2368,5516 2369,5517 2371,5517 2371,5518 2371,5520 2373,5521 2374,5521 2376,5523 2376,5562 2376,5562 2441,5562 2442,5563 2442,5564 2443,5565 2593,5565 2595,5563 2595,5562 2595,5562 2596,5562 2597,5561 2598,5561 2599,5562 2601,5562 2602,5562 2602,5563 2603,5565 2756,5565 2758,5563 2758,5562 2758,5562 2813,5562 2814,5561 2813,5521 2814,5521 2815,5521 2817,5519 2824,5518 2829,5523 2829,5524 2830,5525 2831,5525 2832,5526 2832,5565 2832,5565 3013,5565 3014,5565 3014,5523 3015,5521 3016,5521 3017,5520 3017,5519 3019,5517 3031,5517 3032,5519 3032,5520 3034,5521 3035,5521 3037,5523 3037,5565 3037,5565 3101,5565 3104,5567 3104,5568 3104,5569 3295,5568 3296,5568 3296,5531 3302,5524 3316,5524 3319,5527 3319,5528 3319,5528 3320,5528 3323,5531 3323,5569 3323,5569 3376,5569 3378,5571 3378,5572 3379,5573 3384,5573 3386,5575 3386,5580 3386,5580 3387,5580 3389,5582 3389,5628 3388,5628 3387,5628 3386,5630 3386,5634 3385,5635 3385,5636 3384,5636 3383,5636 3382,5638 3382,5639 3381,5639 3380,5639 3379,5640 3375,5640 3374,5642 3374,5643 3373,5643 3372,5643 3371,5645 3371,5646 3369,5647 3357,5647 3356,5646 3356,5645 3355,5644 3354,5644 3353,5643 3159,5644 3159,5644 3159,5672 3158,5673 3157,5673 3156,5674 3155,5674 3155,5674 3155,5679 3154,5680 3153,5680 3152,5681"/><TextEquiv index="1"><Unicode>ma patrie, que je deſirois de revoir depuis</Unicode></TextEquiv></TextLine><TextLine id="r0_l031"><Coords points="3131,5853 3130,5852 3130,5810 3130,5810 3106,5810 3103,5812 3103,5816 3102,5818 3101,5818 3100,5818 3100,5823 3099,5825 3098,5825 3096,5826 3096,5827 3095,5829 3094,5829 3092,5830 3092,5831 3091,5833 3090,5833 3089,5833 3089,5837 3088,5838 3088,5839 3088,5840 3083,5840 3081,5841 3081,5842 3080,5844 3076,5844 3073,5841 3073,5840 3073,5840 3072,5840 3070,5838 3070,5803 3070,5803 2912,5803 2910,5805 2910,5806 2909,5807 2896,5807 2895,5808 2895,5836 2894,5837 2882,5837 2881,5838 2881,5839 2880,5840 2878,5840 2877,5840 2877,5839 2875,5836 2871,5836 2869,5835 2869,5804 2869,5803 2859,5803 2858,5804 2858,5849 2858,5849 2856,5849 2855,5849 2855,5804 2855,5803 2828,5803 2827,5802 2525,5803 2524,5804 2524,5850 2524,5850 2510,5850 2509,5850 2509,5804 2509,5803 2470,5803 2469,5804 2469,5805 2467,5807 2280,5808 2279,5808 2279,5816 2278,5818 2277,5818 2275,5819 2275,5824 2275,5825 2274,5825 2273,5825 2271,5827 2271,5828 2271,5829 2270,5829 2268,5830 2268,5831 2268,5832 2267,5832 2264,5834 2264,5835 2264,5836 2263,5836 2262,5837 2251,5837 2249,5838 2249,5839 2249,5840 2247,5840 2246,5839 2246,5838 2245,5837 2231,5837 2230,5836 2229,5836 2218,5825 2217,5825 2216,5824 2216,5799 2216,5799 2044,5799 2041,5802 2041,5803 2041,5803 1958,5803 1957,5802 1716,5803 1715,5803 1715,5834 1714,5836 1713,5836 1712,5837 1692,5837 1691,5836 1690,5836 1689,5835 1689,5834 1688,5833 1688,5803 1688,5803 1541,5803 1540,5804 1540,5856 1540,5856 1526,5856 1525,5856 1525,5804 1525,5803 1511,5803 1510,5804 1510,5814 1510,5814 1509,5814 1507,5816 1507,5820 1505,5822 1504,5822 1503,5823 1503,5824 1502,5825 1498,5825 1495,5828 1495,5829 1495,5829 1486,5829 1484,5828 1484,5825 1484,5824 1422,5825 1421,5825 1421,5843 1421,5844 1416,5844 1414,5842 1414,5825 1414,5825 1337,5825 1336,5824 1336,5807 1336,5807 1249,5807 1247,5805 1247,5804 1246,5803 1074,5803 1072,5805 1072,5806 1071,5807 921,5808 920,5808 920,5820 920,5821 919,5821 916,5823 916,5827 915,5829 914,5829 913,5829 913,5830 908,5836 901,5836 900,5837 899,5837 898,5837 898,5838 897,5840 892,5840 890,5841 890,5842 889,5844 881,5844 879,5842 879,5841 878,5840 870,5840 868,5838 868,5837 868,5837 867,5837 866,5836 862,5836 860,5834 860,5833 860,5833 859,5833 857,5831 857,5803 857,5803 780,5803 779,5803 779,5852 779,5853 765,5853 764,5852 764,5803 764,5803 584,5803 582,5805 582,5806 581,5807 569,5807 568,5806 510,5807 508,5805 508,5804 507,5803 506,5803 504,5801 504,5792 504,5792 502,5792 500,5790 500,5782 502,5781 504,5781 504,5780 504,5737 505,5736 506,5736 507,5735 508,5734 508,5733 509,5732 518,5732 519,5731 519,5711 520,5710 521,5710 523,5708 523,5707 524,5706 525,5706 526,5705 526,5704 527,5703 528,5703 530,5701 530,5692 530,5691 536,5691 538,5690 538,5689 538,5688 543,5688 545,5687 545,5686 546,5684 658,5684 660,5686 660,5687 661,5688 666,5688 667,5689 667,5729 667,5729 822,5729 823,5729 823,5730 824,5732 993,5731 995,5729 996,5729 998,5728 998,5727 999,5725 1000,5725 1001,5725 1001,5724 1003,5721 1007,5721 1009,5723 1009,5729 1009,5729 1167,5729 1169,5731 1169,5732 1169,5732 1266,5732 1267,5733 1268,5733 1269,5733 1269,5734 1270,5736 1282,5736 1284,5737 1284,5738 1284,5739 1285,5740 1286,5740 1287,5740 1287,5741 1288,5742 1288,5768 1289,5769 1484,5768 1484,5768 1484,5697 1485,5695 1486,5695 1493,5688 1497,5688 1501,5692 1505,5692 1507,5694 1507,5729 1507,5729 1772,5729 1774,5727 1774,5726 1775,5725 1792,5725 1793,5724 1793,5718 1794,5717 1825,5717 1826,5716 1826,5685 1827,5684 1828,5684 1829,5683 1837,5683 1838,5684 1839,5684 1840,5685 2028,5684 2032,5680 2191,5680 2194,5682 2194,5683 2194,5684 2195,5684 2197,5685 2197,5689 2199,5692 2200,5692 2201,5692 2201,5724 2201,5725 2371,5724 2372,5724 2372,5704 2372,5703 2373,5703 2375,5702 2375,5695 2376,5694 2376,5693 2376,5692 2377,5692 2379,5691 2379,5690 2380,5688 2381,5688 2382,5687 2383,5687 2383,5686 2384,5684 2389,5684 2390,5684 2390,5683 2392,5680 2406,5680 2407,5681 2408,5681 2409,5682 2409,5683 2414,5688 2415,5688 2416,5689 2416,5690 2418,5692 2419,5692 2420,5693 2420,5694 2422,5696 2423,5696 2424,5697 2424,5725 2424,5725 2582,5725 2583,5725 2583,5724 2585,5721 2586,5721 2587,5721 2587,5705 2588,5703 2589,5703 2591,5702 2591,5697 2592,5695 2593,5695 2594,5694 2595,5693 2595,5692 2595,5692 2596,5692 2598,5690 2598,5689 2599,5688 2604,5688 2606,5686 2606,5685 2607,5684 2612,5684 2613,5683 2613,5682 2615,5680 2622,5680 2624,5681 2624,5682 2625,5684 2682,5684 2684,5685 2684,5724 2684,5725 2715,5725 2717,5726 2717,5728 2717,5729 2779,5729 2780,5729 2780,5730 2781,5732 2789,5732 2790,5733 2950,5732 2951,5732 2951,5690 2952,5688 2968,5688 2970,5690 2970,5729 2970,5729 3028,5729 3029,5730 3029,5731 3030,5732 3038,5732 3040,5734 3040,5735 3041,5736 3090,5736 3092,5737 3092,5738 3093,5740 3250,5740 3252,5738 3252,5737 3253,5736 3273,5736 3274,5735 3274,5693 3279,5688 3284,5687 3285,5688 3295,5688 3296,5689 3296,5690 3296,5690 3298,5692 3299,5692 3300,5693 3300,5729 3300,5729 3365,5729 3367,5731 3367,5732 3367,5732 3372,5732 3375,5735 3375,5736 3375,5736 3376,5736 3378,5738 3378,5739 3378,5739 3379,5740 3380,5740 3382,5742 3382,5743 3382,5743 3383,5743 3386,5746 3386,5751 3387,5751 3388,5751 3389,5753 3389,5810 3390,5810 3436,5810 3438,5813 3438,5814 3439,5814 3440,5814 3441,5816 3441,5821 3440,5822 3436,5822 3434,5821 3434,5815 3434,5814 3346,5814 3345,5814 3345,5813 3344,5811 3289,5811 3288,5810 3259,5811 3258,5810 3141,5810 3140,5810 3140,5852 3140,5853"/><TextEquiv index="1"><Unicode>ſi long-tems, je priai Prig &amp; Sharpley de</Unicode></TextEquiv></TextLine><TextLine id="r0_l032"><Coords points="1377,6020 1377,6019 1376,5970 1376,5970 1316,5970 1312,5974 1115,5974 1113,5973 1113,5972 1112,5970 1037,5970 1036,5969 841,5970 840,5970 841,6018 840,6019 829,6019 829,6018 828,5970 828,5970 557,5970 556,5971 556,5973 555,5974 547,5974 545,5973 545,5968 545,5967 544,5967 541,5965 541,5964 541,5963 540,5963 537,5961 537,5953 534,5950 534,5945 533,5943 532,5943 531,5943 530,5942 530,5941 530,5941 520,5941 519,5940 518,5940 519,5998 517,6000 508,6000 508,5999 507,5918 507,5918 502,5918 500,5916 515,5901 515,5900 516,5900 622,5899 625,5896 764,5896 764,5895 764,5853 765,5853 779,5853 779,5853 779,5895 780,5896 968,5896 969,5897 1458,5895 1459,5894 1459,5893 1460,5892 1472,5892 1473,5894 1473,5895 1475,5896 1521,5896 1521,5896 1521,5861 1524,5858 1525,5858 1525,5858 1525,5857 1526,5856 1540,5856 1540,5857 1540,5896 1541,5896 1717,5896 1719,5893 1719,5892 1720,5892 1897,5892 1897,5891 1897,5848 1899,5847 1900,5847 1900,5846 1900,5845 1902,5844 1910,5843 1911,5844 1918,5844 1919,5846 1919,5854 1921,5855 1922,5855 1922,5856 1922,5857 1923,5858 1923,5888 1924,5888 2025,5888 2027,5891 2027,5892 2028,5892 2312,5892 2312,5891 2312,5890 2315,5888 2326,5888 2327,5889 2327,5890 2329,5892 2337,5892 2339,5894 2339,5895 2340,5896 2345,5896 2346,5897 2509,5896 2509,5896 2509,5851 2510,5850 2576,5850 2580,5846 2580,5845 2581,5844 2609,5844 2609,5844 2609,5845 2610,5846 2612,5848 2613,5848 2613,5848 2613,5849 2615,5851 2616,5851 2617,5852 2617,5884 2618,5885 2650,5885 2651,5886 2651,5887 2652,5888 2653,5889 2654,5889 2654,5889 2654,5891 2655,5892 2724,5892 2724,5892 2724,5893 2727,5896 2728,5896 2729,5897 2847,5896 2847,5896 2847,5853 2849,5851 2854,5851 2854,5851 2854,5850 2855,5849 2974,5849 2975,5848 2976,5848 2977,5847 3027,5847 3028,5848 3029,5848 3029,5849 3029,5850 3031,5851 3035,5851 3037,5853 3141,5853 3147,5859 3148,5859 3148,5859 3148,5898 3149,5899 3257,5899 3258,5900 3259,5900 3259,5900 3259,5901 3261,5903 3266,5903 3266,5903 3266,5904 3269,5907 3270,5907 3270,5907 3270,5908 3271,5909 3271,5917 3272,5918 3273,5918 3274,5919 3274,5940 3275,5941 3369,5940 3382,5954 3382,5974 3381,5975 3381,5977 3381,5977 3380,5977 3378,5980 3378,5984 3376,5985 3375,5985 3375,5986 3375,5987 3372,5989 3368,5989 3363,5995 3363,5996 3362,5996 3357,5996 3356,5998 3356,5999 3354,6000 3335,6000 3334,5999 3333,5974 3333,5973 3131,5974 3129,5972 3129,5971 3128,5970 2841,5970 2840,5970 2840,5969 2838,5966 2834,5966 2833,5965 2661,5966 2660,5967 2594,5967 2593,5966 2511,5966 2509,5965 2509,5964 2509,5963 2339,5964 2338,5964 2338,5965 2338,5966 1962,5966 1960,5968 1960,5969 1959,5970 1950,5970 1949,5970 1949,5969 1947,5966 1913,5966 1912,5965 1732,5966 1730,5967 1730,5968 1729,5970 1727,5970 1726,5969 1726,5968 1724,5966 1531,5966 1529,5968 1529,5969 1528,5970 1523,5970 1522,5969 1391,5970 1390,5970 1391,6019 1390,6020"/><TextEquiv index="1"><Unicode>venir avec moi rendre une viſite à Prim,</Unicode></TextEquiv></TextLine><TextLine id="r0_l033"><Coords points="2659,6182 2658,6180 2658,6179 2657,6178 2657,6137 2656,6137 2339,6138 2339,6138 2339,6167 2338,6168 2338,6169 2336,6171 2318,6171 2314,6167 2313,6167 2313,6166 2313,6165 2312,6164 2312,6137 2311,6137 2137,6137 2137,6137 2137,6182 2136,6183 2127,6183 2127,6183 2127,6138 2126,6137 1793,6138 1792,6139 1792,6140 1791,6141 1764,6141 1763,6139 1763,6138 1761,6137 1403,6138 1403,6138 1403,6139 1401,6141 1165,6141 1165,6142 1165,6144 1163,6145 1150,6145 1150,6146 1150,6177 1148,6178 1121,6178 1121,6178 1121,6177 1120,6176 1118,6174 1117,6174 1117,6174 1117,6142 1116,6141 1006,6141 1005,6140 876,6141 876,6140 876,6139 873,6137 705,6137 705,6138 705,6140 703,6141 578,6141 578,6142 578,6178 577,6178 561,6178 557,6174 556,6174 556,6174 556,6149 555,6148 542,6148 541,6147 541,6146 540,6145 536,6145 535,6144 528,6145 523,6139 523,6138 522,6137 522,6134 521,6134 510,6134 509,6133 508,6133 508,6132 508,6131 506,6130 505,6130 504,6128 504,6127 505,6126 506,6126 508,6124 508,6123 509,6122 510,6122 511,6121 511,6109 513,6107 514,6107 515,6106 515,6105 516,6104 517,6104 519,6102 519,6086 520,6085 525,6085 526,6084 526,6083 528,6081 529,6081 530,6080 530,6079 535,6073 540,6073 543,6070 640,6070 641,6070 641,6069 642,6067 689,6067 690,6067 690,6031 690,6030 691,6030 692,6030 693,6029 693,6028 694,6026 822,6026 823,6025 823,6024 824,6023 824,6022 824,6022 825,6022 827,6020 827,6019 827,6019 1010,6018 1011,6019 1012,6019 1013,6020 1013,6062 1013,6062 1045,6062 1046,6062 1046,6058 1050,6054 1050,6053 1050,6052 1052,6052 1054,6054 1054,6055 1055,6056 1056,6056 1057,6057 1057,6065 1062,6070 1301,6070 1302,6069 1302,6068 1303,6067 1333,6067 1340,6060 1340,6059 1340,6059 1376,6059 1377,6058 1377,6020 1377,6020 1517,6019 1518,6019 1518,6016 1518,6015 1523,6015 1525,6014 1525,6013 1526,6011 1535,6011 1536,6012 1536,6013 1544,6021 1544,6063 1544,6063 1710,6063 1711,6062 1711,6015 1711,6015 1750,6015 1752,6016 1752,6017 1752,6018 1757,6018 1759,6019 1759,6062 1759,6063 1909,6062 1912,6059 2025,6059 2026,6059 2026,6018 2027,6017 2027,6016 2027,6015 2028,6015 2030,6014 2030,6013 2031,6011 2040,6011 2041,6012 2041,6013 2043,6015 2047,6015 2049,6017 2049,6059 2049,6059 2412,6058 2413,6058 2413,6057 2413,6056 2414,6056 2415,6055 2675,6055 2676,6054 2676,6046 2678,6044 2679,6044 2680,6043 2680,6034 2681,6033 2682,6033 2683,6032 2684,6031 2684,6030 2684,6030 2685,6030 2688,6027 2688,6026 2688,6026 2697,6026 2699,6024 2699,6023 2700,6022 2708,6022 2710,6020 2710,6019 2711,6018 2718,6018 2719,6019 2720,6019 2721,6019 2721,6020 2722,6022 2727,6022 2728,6022 2728,6058 2728,6059 2745,6059 2746,6060 2871,6059 2873,6061 2873,6062 2874,6063 3236,6063 3237,6062 3237,6027 3242,6022 3288,6021 3289,6021 3289,6020 3289,6019 3290,6019 3291,6018 3298,6018 3300,6020 3300,6028 3302,6030 3303,6030 3304,6031 3304,6063 3304,6063 3369,6063 3371,6065 3371,6066 3372,6067 3373,6067 3374,6068 3374,6069 3375,6070 3376,6070 3378,6072 3378,6073 3379,6074 3379,6074 3380,6074 3382,6076 3382,6077 3383,6078 3384,6078 3386,6080 3386,6132 3383,6134 3382,6134 3382,6135 3382,6136 3380,6137 3379,6137 3378,6139 3378,6140 3376,6141 3375,6141 3375,6142 3375,6143 3372,6145 3371,6145 3371,6146 3371,6147 3369,6148 3342,6148 3339,6145 3319,6145 3319,6146 3319,6151 3317,6152 3316,6152 3315,6154 3315,6155 3313,6156 3308,6156 3308,6156 3308,6146 3307,6145 3286,6145 3285,6144 3187,6145 3186,6144 3185,6144 3185,6143 3185,6142 3183,6141 2941,6141 2940,6140 2940,6139 2938,6137 2833,6137 2832,6136 2662,6137 2662,6137 2662,6179 2661,6180 2661,6181 2660,6182"/><TextEquiv index="1"><Unicode>qui étoit parti de Londres pour ſa nouvelle</Unicode></TextEquiv></TextLine><TextLine id="r0_l034"><Coords points="3341,6356 3340,6356 3340,6313 3340,6312 3310,6312 3309,6311 3206,6312 3203,6309 3203,6308 3203,6308 3027,6308 3026,6309 3026,6317 3025,6318 3025,6319 3025,6319 3024,6319 3021,6322 3021,6323 3021,6323 3020,6323 3019,6324 3018,6325 3018,6326 3018,6326 3017,6326 3014,6329 3014,6330 3014,6330 3009,6330 3007,6332 3007,6333 3006,6334 3001,6334 2999,6333 2999,6306 2998,6304 2982,6304 2981,6305 2981,6355 2981,6355 2975,6355 2974,6354 2967,6354 2966,6354 2966,6305 2966,6304 2849,6304 2848,6303 2555,6304 2554,6304 2554,6303 2553,6301 2262,6302 2260,6304 2102,6304 2101,6304 2101,6303 2100,6301 1868,6302 1866,6304 1750,6304 1748,6305 1748,6306 1747,6308 1746,6308 1744,6306 1744,6305 1743,6304 1437,6305 1436,6305 1436,6306 1435,6308 1044,6308 1043,6307 787,6308 786,6308 786,6354 786,6355 765,6355 764,6354 764,6312 764,6312 540,6312 536,6309 536,6308 519,6291 519,6283 518,6282 517,6282 515,6280 515,6276 518,6274 519,6274 519,6273 519,6260 520,6260 521,6260 522,6258 522,6251 523,6250 523,6249 524,6249 525,6249 526,6247 526,6246 528,6245 529,6245 530,6243 530,6242 532,6240 541,6240 544,6237 548,6237 549,6236 549,6235 550,6234 567,6234 567,6234 567,6195 568,6193 580,6193 582,6195 582,6203 583,6204 584,6204 586,6206 586,6234 587,6234 934,6234 934,6233 934,6232 935,6231 935,6230 936,6230 938,6230 938,6230 938,6231 941,6234 983,6234 984,6235 1213,6234 1213,6234 1213,6195 1214,6193 1226,6193 1228,6194 1228,6233 1229,6234 1514,6233 1514,6233 1514,6191 1515,6189 1516,6189 1518,6188 1518,6187 1518,6186 1519,6186 1520,6185 1530,6185 1533,6188 1533,6192 1534,6193 1535,6193 1536,6194 1536,6196 1537,6197 1537,6226 1538,6226 1696,6226 1696,6225 1696,6220 1698,6219 1699,6219 1700,6218 1700,6217 1700,6216 1702,6215 1703,6215 1703,6214 1703,6209 1704,6208 1705,6208 1707,6206 1707,6201 1707,6201 1708,6201 1709,6200 1711,6198 1711,6197 1711,6197 1712,6197 1715,6194 1715,6193 1715,6193 1720,6193 1722,6191 1722,6190 1723,6189 1731,6189 1735,6185 1743,6185 1744,6184 1744,6183 1745,6182 1776,6182 1778,6183 1778,6184 1778,6185 1786,6185 1794,6193 1795,6193 1796,6193 1796,6225 1797,6226 1866,6226 1867,6227 2044,6226 2047,6223 2048,6223 2049,6222 2112,6222 2112,6222 2112,6210 2116,6206 2116,6202 2117,6200 2118,6200 2119,6200 2119,6199 2121,6196 2122,6196 2123,6196 2123,6187 2123,6186 2124,6186 2127,6183 2241,6183 2242,6182 2243,6182 2247,6178 2262,6178 2263,6179 2508,6178 2509,6179 2509,6180 2510,6181 2510,6182 2510,6182 2515,6182 2517,6184 2517,6226 2518,6226 2665,6226 2665,6225 2665,6224 2667,6223 2668,6223 2669,6222 2710,6222 2710,6221 2710,6220 2713,6217 2713,6210 2714,6209 2714,6208 2714,6208 2715,6208 2717,6206 2717,6198 2719,6196 2720,6196 2721,6195 2721,6194 2722,6193 2723,6193 2724,6192 2724,6191 2726,6189 2727,6189 2728,6188 2728,6187 2730,6185 2734,6185 2736,6183 2736,6182 2736,6182 2753,6182 2754,6182 2754,6183 2755,6185 2759,6185 2762,6187 2762,6229 2763,6230 2936,6229 2936,6229 2936,6188 2938,6185 2939,6185 2940,6185 2940,6184 2941,6182 2946,6182 2947,6183 2947,6184 2948,6185 2952,6185 2953,6186 2954,6186 2955,6187 2955,6230 2956,6230 3010,6230 3010,6231 3010,6232 3013,6234 3110,6234 3111,6235 3111,6236 3112,6237 3296,6236 3298,6234 3378,6234 3378,6235 3378,6236 3386,6244 3386,6299 3384,6301 3383,6301 3382,6302 3382,6303 3377,6308 3376,6308 3375,6309 3375,6310 3373,6312 3350,6312 3349,6313 3349,6356 3349,6356"/><TextEquiv index="1"><Unicode>demeure dans le Comté de Hertford; nous</Unicode></TextEquiv></TextLine><TextLine id="r0_l035"><Coords points="2614,6546 2613,6544 2613,6475 2612,6475 2520,6475 2520,6476 2520,6482 2518,6483 2517,6483 2517,6484 2517,6492 2514,6494 2513,6494 2513,6495 2513,6500 2511,6501 2510,6501 2509,6503 2509,6504 2507,6505 2506,6505 2506,6506 2506,6507 2503,6509 2489,6509 2488,6508 2487,6508 2487,6508 2487,6507 2485,6505 2484,6505 2484,6505 2484,6504 2481,6501 2480,6501 2480,6501 2480,6500 2479,6499 2479,6476 2478,6475 2316,6476 2316,6476 2316,6477 2314,6479 2149,6479 2149,6479 2149,6481 2148,6482 2147,6482 2145,6484 2145,6492 2143,6494 2138,6494 2138,6494 2138,6495 2124,6509 2120,6509 2119,6511 2119,6512 2118,6512 2112,6512 2112,6512 2112,6476 2111,6475 1912,6475 1911,6474 1645,6475 1644,6477 1644,6478 1643,6478 1642,6479 1641,6479 1640,6478 1640,6477 1638,6475 1504,6475 1503,6474 1340,6475 1340,6475 1340,6476 1333,6483 1215,6483 1213,6481 1213,6480 1212,6479 1079,6479 1036,6479 1035,6481 1035,6482 1033,6483 1025,6483 1024,6482 1024,6481 1022,6479 1017,6479 1016,6478 983,6479 983,6479 983,6526 982,6527 980,6527 979,6525 979,6479 978,6479 549,6479 549,6480 549,6511 547,6512 530,6513 530,6513 530,6514 528,6516 523,6516 523,6515 523,6514 520,6512 512,6512 511,6510 511,6509 510,6509 509,6509 508,6507 508,6506 506,6505 501,6505 500,6503 500,6480 501,6479 503,6479 504,6478 504,6468 504,6468 511,6468 512,6467 511,6410 514,6408 515,6408 515,6407 515,6406 521,6401 623,6400 623,6400 623,6399 625,6397 733,6397 734,6396 734,6395 735,6394 736,6394 737,6393 757,6393 757,6393 757,6372 758,6371 759,6371 760,6369 760,6361 762,6360 763,6360 764,6358 764,6355 765,6355 786,6355 786,6355 786,6358 788,6360 789,6360 790,6361 790,6362 792,6364 793,6364 794,6365 794,6373 796,6375 797,6375 797,6375 797,6400 798,6401 986,6401 987,6402 1149,6401 1150,6400 1150,6395 1151,6394 1152,6394 1153,6393 1157,6393 1157,6393 1157,6392 1159,6390 1161,6390 1161,6391 1161,6392 1162,6393 1162,6401 1163,6401 1383,6401 1384,6399 1384,6398 1386,6397 1503,6396 1503,6396 1503,6354 1504,6353 1505,6353 1507,6351 1507,6350 1508,6349 1517,6349 1518,6351 1518,6352 1520,6353 1521,6353 1522,6355 1522,6393 1523,6393 1576,6393 1577,6395 1577,6396 1579,6397 1781,6397 1781,6396 1781,6395 1784,6393 1785,6393 1785,6392 1785,6387 1787,6386 1796,6386 1796,6386 1796,6392 1797,6393 1971,6392 1971,6392 1971,6354 1972,6353 1973,6353 1975,6351 1975,6350 1976,6349 1985,6349 1986,6351 1986,6352 1988,6353 1989,6353 1989,6354 1989,6355 1990,6356 1990,6393 1991,6393 2033,6393 2034,6395 2034,6396 2036,6397 2052,6397 2052,6398 2052,6399 2053,6400 2054,6442 2054,6442 2267,6442 2268,6441 2267,6435 2268,6434 2268,6416 2269,6416 2270,6416 2272,6413 2272,6409 2274,6408 2275,6408 2275,6407 2275,6365 2277,6364 2282,6364 2283,6362 2283,6353 2284,6353 2285,6353 2287,6350 2287,6349 2288,6349 2297,6349 2297,6348 2297,6347 2300,6345 2308,6345 2308,6345 2308,6346 2311,6349 2312,6349 2312,6349 2312,6350 2315,6353 2319,6353 2327,6361 2327,6385 2328,6386 2370,6385 2371,6386 2386,6386 2387,6388 2387,6389 2388,6390 2389,6390 2390,6390 2390,6391 2390,6397 2391,6397 2817,6397 2817,6396 2817,6354 2819,6353 2820,6353 2821,6352 2822,6353 2834,6352 2835,6353 2836,6353 2837,6354 2974,6354 2975,6355 2981,6355 2982,6356 2983,6356 2985,6359 2985,6367 2986,6367 2987,6367 2988,6369 2988,6370 2990,6371 2991,6371 2992,6373 2992,6397 2993,6397 3181,6397 3181,6397 3181,6398 3182,6399 3182,6400 3183,6401 3308,6400 3308,6400 3308,6365 3309,6364 3310,6364 3311,6363 3311,6363 3311,6362 3313,6360 3337,6360 3337,6360 3337,6359 3340,6356 3362,6356 3363,6358 3363,6370 3365,6371 3366,6371 3367,6373 3367,6381 3370,6383 3371,6383 3371,6384 3371,6401 3372,6401 3374,6401 3374,6402 3374,6403 3376,6404 3380,6404 3386,6411 3387,6457 3387,6457 3388,6457 3389,6458 3389,6459 3390,6460 3391,6460 3393,6462 3393,6474 3391,6475 3390,6475 3390,6476 3390,6477 3387,6479 3383,6479 3379,6483 3376,6483 3375,6482 3345,6482 3345,6483 3345,6534 3343,6535 3341,6535 3341,6536 3341,6538 3340,6538 3337,6538 3337,6538 3337,6483 3336,6482 3231,6483 3229,6480 3229,6479 3228,6479 3089,6479 3089,6479 3089,6509 3088,6510 3088,6511 3087,6512 3082,6512 3081,6510 3081,6475 3080,6475 2903,6475 2903,6476 2903,6478 2901,6479 2900,6479 2899,6481 2899,6486 2898,6486 2892,6486 2892,6486 2892,6481 2890,6479 2889,6479 2888,6478 2888,6476 2887,6475 2837,6475 2836,6474 2651,6475 2651,6475 2651,6531 2650,6532 2650,6533 2648,6535 2640,6535 2639,6536 2639,6537 2638,6538 2637,6538 2635,6540 2635,6541 2634,6542 2618,6542 2617,6543 2617,6544 2615,6546"/><TextEquiv index="1"><Unicode>partîmes tous les trois, &amp; y arrivâmes à</Unicode></TextEquiv></TextLine></TextRegion></Page></PcGts>