4266 7902
855 746 3432 957 LA ViE ET LES AVENTURES
836 949 3860 1121 l'heure du dîner. Comme il avoit apris de
904 1114 3875 1293 mon ami que je devois de jour en jour l'aller
810 1280 3898 1457 voir, il ne fut pas ſi ſurpris de mon arrivée;
908 1455 3849 1626 mais il me reçut avec cette franchiſe &
874 1618 3849 1794 cette amitié ſincere qui caractériſe toujours
904 1787 3849 1957 ſes actions. Son épouſe étoit incommodée
893 1956 3853 2127 pour lors; ſans cela il nous auroit accom-
897 2117 3845 2294 pagné dans le Comté d'York, où tous mes
904 2290 3845 2461 amis m'avoient promis de ſe rendre. Il me
814 2459 3845 2623 fit le détail ae ce qui lui étoit arrivé depuis
574 2623 3902 2795 que nous nous étions rencontrés en mer,
882 2786 3841 2960 & m'aprit que ſon vieux tyran le Capitaine
882 2955 3837 3130 Surly & ſon neveu étant allés à terre dans
885 3124 3830 3295 une des Iſles des Larrons, les habitans les
889 3289 3838 3458 avoient maſſacrés, pour ſe venger de ce
889 3454 3837 3620 qu'il avoit fait prendre & emmener ſur ſon
885 3623 3838 3797 Vaiſſeau une femme de cette Iſle pour ſa-
878 3795 3834 3964 tisfaire ſa brutalité. Il avoit apris cette hiſ-
874 3961 3822 4135 toire de la bouche du Supercargo, qui avoit
874 4123 3826 4302 pris ſon parti lorſque le Capitaine l'avoit
874 4292 3830 4467 maltraité avec tant de violence dans ſa cham-
868 4457 3823 4638 bre. Il ſe réjouit beaucoup du bonheur que
867 4626 3819 4802 j'avois eu de retrouver ma chere Louiſe;
874 4794 3815 4967 & je le quittai après lui avoir fait promettre
746 4957 3811 5130 de me venir voir dans le Comté d'York,
859 5126 3811 5306 ſi-tôt que la ſanté de ſa femme le lui per-
856 5307 1578 5431 mettroit.
1024 5464 3804 5639 Quand tout fut prêt pour le voyage, nous
848 5629 3800 5803 nous partîmes pour la Province d'York.
844 5802 3845 5960 MM. Goodvill & Diaper avec leurs épou-
840 5963 3796 6136 ſes, dans le caroſſe de M. Goodvill; M. &
840 6121 3996 6294 Mme. Bellair, Miſſ Sukey & mon ami Dia-
844 6294 3785 6476 per dans celui de M. Bellair, & Mme. Rich,
836 6459 3781 6643 Serene, ma chere Louiſe & Sharpley dans
