4266 7838
734 675 3141 867 DE JosEpi ThoPpOo137
58 853 3118 1045 rant au-devant de moi lorſque nous étions
47 1026 3423 1207 déjà à la porte, elle ſeroit tombée évanouie,
51 1187 3129 1377 ſi je ne l'avois priſe dans mes bras. O la
51 1351 3141 1554 plus tendre & la plus aimée des meres! re-
43 1525 3144 1707 gardez du moins votre fils; il ne vous quit-
47 1688 3144 1872 tera jamais, & ne vous coûtera plus de lar-
43 1852 3148 2042 mes. Eſt-ce bien toi, mon cher Joſeph?
47 2019 3152 2207 repliqua-t-elle. Que je ſuis heureuſe! Mais
55 2186 3163 2365 quoi!... Qu'il eſt changé!... Il n'eſt pas
36 2357 3166 2543 poſſible!... C'eſt lui: oui, c'eſt lui, je le
40 2520 3167 2696 ſens, mon cœur me le dit. Cependant je
36 2684 3152 2852 ne voyois point mon pere. Si-tôt que ma
47 2851 3178 3026 mere fut un peu plus tranquille, elle me
62 3018 3430 3190 conduiſit dans la ſalle; & Sharpley à qui
51 3178 3438 3354 elle n'avoit pas pris garde, & qui n'avoit
44 3348 3174 3528 fait ſemblant de rien, me ſuivit. Nous trou-
47 3515 3189 3687 vâmes cet excellent pere, qui venoit de ſe
58 3679 3196 3858 lever de ſon ſiége: ſes genoux trembloient
29 3850 3174 4026 ſous lui, lorſqu'il voulut faire quelques ex-
47 4013 3196 4186 clamations ſur le bonheur de mon arrivée.
28 4173 3186 4355 Il s'avança, ſon viſage pâliſſoit & rougiſ-
44 4344 3204 4516 ſoit alternativement. Je le ſerrai dans mes
47 4514 3200 4686 bras, & nous exprimâmes de part & d'au-
25 4681 3212 4841 tre tous les ſentimens que nous inſpiroit
32 4837 3211 5019 l'affection paternelle & l'amour filial: enfin
40 5008 3211 5181 la raiſon ayant pris le deſſus, Sharpley ſe
10 5175 3211 5352 jetta au col de ma mere, & baiſant les
9 5339 3233 5511 mains de mon pere, leur dit: M. & Mme.
9 5499 3230 5675 je vous ramene encore un autre fils que
10 5664 3237 5927 vous n'avez point reconnu. Ils le regarde-
14 5833 3233 6007 rent fixement, mais ils avoient toujours
14 6000 3233 6190 peine à le remettre, lorſque je leur criai:
14 6167 3412 6338 eſt-il bien poſſible que vous ayez perdu le
10 6334 3234 6509 ſouvenir de Sharpley? Ils ſe leverent tous
515 6486 1299 6635 V. Partie.
2491 6512 2661 6640 LM
