4266 7841
1130 717 3578 885 LAVEETLesAventures
1126 876 4279 1096 les deux, & l'accablerent de careſſes. Nous
1130 1061 4276 1223 envoyâmes enſuite un domeſtique débar-
892 1209 4278 1432 raſſer Truman, qui fut reçu de mon pere
1126 1383 4269 1570 & de ma mere comme un ami eſtimable.
1119 1550 4277 1730 Pendant ce tems-là, les Domeſtiques ré-
1115 1721 4277 1902 pandirent dans le voiſinage le bruit de notre
1111 1889 4276 2067 arrivée. On ſonna les cloches, & tous les
1111 2052 4276 2254 Fermiers vinrent nous faire compliment. Je
1115 2216 4276 2424 fis beaucoup d'accueil à ces bonnes gens,
1115 2380 4275 2589 & je fus charmé de les voir. Quant à M.
1111 2547 4275 2741 Solfa, il fut ſi ſaiſi dans cette occaſion,
1111 2717 4275 2901 qu'il ne pouvoit prononcer un mot. Nous
1104 2881 4274 3070 l'embraſſâmes Sharpley & moi. Nous fû-
1107 3049 4274 3270 mes obligés de tenir les portes ouvertes,
1115 3209 4271 3382 & de recevoir la viſite de tout le Village.
1107 3378 4273 3549 Le lendemain nous allâmes chez M. Shar-
1104 3544 4273 3720 pley, qui fut ſi ſurpris de retrouver ſon fils
1104 3711 4272 3888 en pareille compagnie, & de le voir ſi
1096 3882 4272 4051 heureux en amour, qu'il ne ſçavoit quelles
1111 4045 4272 4231 careſſes nous faire, & ne ceſſoit point de
1104 4210 4271 4382 nous embraſſer. M. Archer, à qui je don-
1100 4377 4271 4551 nai des nouvelles de notre autre ami, penſa
1100 4542 4271 4714 mourir des tranſports de joie que nous lui
1100 4709 4270 4890 causâmes. Ils nous accompagnerent chez
1044 4868 4270 5045 tous nos anciens amis du voiſinage, qui fu-
1096 5036 4270 5212 rent fort ſenſibles à notre ſouvenir. Je priai
1096 5207 4269 5382 mon pere de diſtribuer en mon nom & en
1070 5370 4269 5547 celui du jeune M. Sharpley, une ſomme
1070 5538 4268 5735 de oo livres ſterl. aux pauvres & aux
880 5698 4268 5865 moins riches particuliers de ſa Paroiſſe. Cha-
1104 5833 4268 6051 cun me félicita de ma bonne fortune; &
1100 6038 4267 6218 un ou deux jours après mon arrivée, nous
1096 6200 4267 6371 étant trouvés libres pendant quelque tems,
1089 6366 4267 6568 nous ſatisfîmes la curioſité de mon pere
