4266 7902
701 724 3342 923 DE JosEPH THoMPSO..4r
10 903 3455 1101 je pu ne pas reconnoître tant de mérite
10 1069 3162 1268 Plût à Dieu que ma chere fille fût encore
10 1250 3161 1431 vivante, elle ſeroit ſûrement à vous; mais
10 1415 3150 1610 puiſqu'il n'eſt pas poſſible de la rapel-
10 1591 3158 1759 ler à la vie, venez demeurer avec moi;
10 1753 3165 1933 ſoyez la conſolation de ma vieilleſſe, &
10 1926 3155 2099 recevez tout ce dont je pourrai diſpoſer à
10 2084 3195 2285 la mort. Ce malheureux, cet indigne neveu
10 2260 3139 2442 qui a empoiſonné mes jours, m'avoit ſé-
18 2433 3161 2608 duit; mais ſans doute vous aurez ſçu toute
25 2594 3163 2775 cette hiſtoire fatale. Oui, Monſieur, lui
20 2759 3154 2941 dis-je, vous êtes excuſable, & vous l'êtes
14 2924 3146 3114 beaucoup. Je conſens de tout mon cœur à
18 3094 3150 3271 paſſer mes jours avec vous; je diſſiperai les
10 3267 3158 3453 peines du pere de ma chere Louiſe; car
14 3432 3154 3615 j'ai ſuffiſamment de fortune, & je ne de-
10 3601 3278 3782 ſire plus rien maintenant que de punir &
10 3770 3150 3950 châtier, comme il le mérite, votre indi-
10 3939 3368 4127 gne neveu, le plus mépriſable de tous les
10 4108 3154 4288 hommes. A ces mots Fidelle entra, & ſe
10 4277 3143 4457 jettant à mon col, répéta ſouvent le nom
10 4446 3146 4622 de ſa Maîtreſſe avec le mien; elle m'apel-
10 4611 3139 4796 loit ſon cher ami & ſon Maître. Lorſque
10 4780 3135 4956 nous eûmes pris congé, je vis en ſortant
9 4949 3131 5128 de la porte, un homme & une femme de
9 5118 3131 5296 fort bonne mine, & que je ne reconnus point;
10 5287 3101 5465 ils me donnerent mille bénédictions, & me
10 5449 3128 5631 ſouhaiterent une longue vie & beaucoup de
10 5621 3278 5804 bonheur. Je m'arrêtai, & après les avoir ſa-
10 5794 3109 5966 lués, je leur demandai ce qui pouvoit m'at-
10 5956 3135 6131 tirer ces attentions de leur part. Le mari
10 6128 3323 6302 me répondit avec quelque trouble, Mon-
21 6301 3271 6476 ſieur, quoique vous nous ayez oublié, nous
10 6466 3177 6674 conſerverons toujours le ſouvenir de vos
