4266 7828
1349 662 3769 908 LAviEEeTLssAventures
1334 893 4214 1066 bontés, auſſi bien que de celles de notre
1342 1056 4206 1234 chere Maîtreſſe qui n'eſt plus. Je commen-
1335 1231 4214 1569 eieles eemmuns puu ente pou re arile
1334 1565 4195 1734 que ma chere Louiſe avoit ſi charitable-
1335 1732 4221 1901 ment ſecourue, & à qui j'avois fait autre-
1338 1894 4206 2067 fois un preſent à mon départ pour Londres.
1327 2051 4225 2235 Je ſaluai l'épouſe; & prenant le mari par
1331 2225 4225 2401 la main, je lui demandai ſi je pouvois lui
1335 2388 4229 2561 être de quelque utilité, que je le ferois de
1283 2551 4214 2724 bon cœur, & qu'il n'avoit qu'à parler.
1331 2715 4229 2891 Monſieur, me repliqua-t-il, je ſuis confus
1334 2882 4214 3045 de vos bontés; j'ai au ſervice de Sir Walter
1335 3045 4229 3222 tout ce que nous pouvons deſirer; car ayant
1338 3216 4214 3389 apris que nous avions été objets de charité
1342 3375 4221 3555 de Miſſ Louiſe, il m'a fait ſon homme
1342 3542 4236 3722 d'affaires, & mon épouſe ſa femme de
1108 3709 4232 3887 charge; & nous avons lieu d'être extrême-
1346 3880 4236 4052 ment ſatisfaits. Je fus charmé d'aprendre
1342 4043 4243 4220 que Sir Walter avoit tant d'égard pour la
1342 4206 4225 4387 mémoire de ſa fille, & je trouvai tout diſ-
1342 4373 4214 4547 poſé de maniere à me faire croire que je
1116 4540 4229 4712 trouverois peu d'obſtacles à mes deſirs,
1346 4707 4225 4878 quand même il ſçauroit la véritable hiſtoire
1346 4874 2213 5047 de ſa fille.
1487 5037 4232 5217 Je lui avois preſenté M. Sharpley qui al-
1346 5204 4243 5371 loit être bientôt ſon neveu, quoiqu'il n'en
1346 5371 4244 5542 fût pas connu; il le reçut comme le fils
1349 5534 4244 5720 d'un Gentilhomme qu'il eſtimoit beaucoup;
1357 5701 4244 5881 & lorſque nous lui parlâmes de l'aſſemblée
1349 5865 4244 6036 hrillante qui devoit arriver bientôt pour le
1357 6036 4244 6212 mariage de M. Diaper, & ceux de quel-
1364 6202 4244 6373 ques autres amis, il m'offrit généreuſement
1369 6363 2345 6530 des logemens.
