4266 7851
396 732 3053 976 ne Josrpl Thomson.
308 1349 2882 1568 CHAPITRE LXIII.
-40 1590 3063 1858 Ils retournent chez M. Bellair. Toute la
-36 1805 3026 1993 compagnie part pour ſe rendre chez M.
-15 1972 3067 2155 Thompſon. Leur arrivée. Comment ils
-13 2136 3067 2316 s'arrangent tous. Thompſon fait à Sir
-20 2290 3037 2479 alter une propoſition à laquelle il con-
-9 2467 3063 2811 iſi ſe lr teir e déoviir s mouſaſ
-7 2789 3063 2974 Il s'adreſſe à Thompſon qui conſent à ſes
-11 2959 3056 3145 deſirs, & prie Miſſ Louiſe de déterminer
-11 3117 3056 3301 Fidelle. Fidelle agrée ſa recherche, & deman-
-15 3301 3264 3480 de à Sir Valter la permiſſion de ſe marier.
201 3614 3056 3785 MOus étions reſtés chez nos parens une
181 3768 3346 3949 ſemaine de plus que nous ne comp-
-25 3916 3048 4121 tions; & deſirant de revoir nos Maîtreſſes,
-24 4113 3048 4279 nous nous rendîmes chez M. Bellair, ac-
-23 4279 3056 4450 compagnés de mon pere, de M. Sharpley,
-22 4432 3052 4616 & de M. Archer. Nous nous rejoignîmes
-21 4613 3045 4780 encore une fois aux perſonnes qui nous
-19 4776 3045 4948 étoient ſi cheres, & nous rendîmes comp-
-18 4906 3045 5115 te à la compagnie des diſpoſitions où j'a-
-17 5107 3037 5277 vois trouvé Sir Walter. Ma chere Louiſe
-16 5271 3037 5450 en fut tranſportée de joie, & me dit: je
-15 5441 3033 5613 crois, mon cher Thompſon, que j'aurois
-14 5602 3041 5781 fort bien fait de mourir tout de bon. Vous
-13 5767 3048 5946 voyez que vous auriez pu jouir du bien,
-12 5927 3037 6114 ſans avoir l'embarras d'une femme. Made-
-11 6097 3033 6285 moiſelle, lui repliquai-je, vous devez me
-10 6269 3056 6440 connoître aſſez pour ſentir qu'une pareille
-9 6420 3059 6630 hadinerie ne peut que me mortifier, &
