4266 7902
172 720 3207 908 DDE JosEPH THOMPSON.1
-2 866 3034 1070 e ſcènne trop touchante & trop tendre
-2 1061 3038 1236 ur pouuvoir être décrite. Elles ne pronon-
-2 1231 3038 1403 rent ppendant long-tems que des mots
-3 1396 3113 1573 al articiculés & ſans ſuite. Les deux Dames
-3 1565 3346 1741 oûtérennt fort la converſation de cette bon-
-4 1737 3214 1919 meree, qui à ſon tour conçut beaucoup
-4 1899 3338 2080 amitié pour elles; & comme Miſſ Louiſe
-4 2077 3364 2257 pouvoit pas encore paroître, non plus
-5 2234 3045 2419 ue ſa tatante & ſa couſine, parce qu'elles
-5 2406 3342 2577 toientconnues des Domeſtiques de Sir
-5 2575 3109 2753 alter, elles paſſerent enſemble le reſte
-6 2737 3086 2913 e la jouurnée, & les autres Dames alloient
-6 2906 2894 3084 e temss en tems leur tenir compagnie.
-6 3064 3267 3246 Auſſi--tôt notre arrivée, Sir Walter vint
-7 3228 3323 3435 hez moon pere, pour nous féliciter, & nous
-7 3413 3299 3592 nviter ttous d'aller chez lui. Il nous fit beau-
-8 3574 3176 3760 coup pllus d'amitié qu'il n'avoit coutume
-8 3740 3041 3930 'en faitre; il embraſſoit ſouvent mon ami
-8 3901 3372 4099 Diaper & moi, & nous apelloit ſes en-
-9 4089 3041 4266 fans. Ious ceux qui étoient preſens en
-9 4251 3259 4435 étoient connus; la plupart avoient paſſé
-9 4416 3034 4602 quelque tems dans le Comté d'York, après
-10 4577 3026 4767 mon déépart pour les Indes; & quant à
-10 4740 3244 4932 M. Belllair, il étoit d'une ancienne famille
-11 4914 3034 5103 que Sir Walter avoit bien connue autre-
-11 5084 3026 5271 fois. Il ffut arrêté que M. & Madame Good-
-11 5261 3034 5439 vill avec leur équipage logeroient chez M.
-12 5413 3248 5608 Archer; que M. Bellair, ſa femme & ſes
-12 5571 3011 5779 Domeſtiques iroient chez M. Sharpley; que
-12 5749 3011 5971 M. & Mme Diaper avec Prig accepteroient la
-13 5922 3011 6110 maiſen deSir Walter; & enfin que Mme Rich,
-13 6076 3019 6282 Serene, Louiſe & Miſſ Suckey demeure-
-13 6262 3019 6452 roien chez mon pere. A l'égard de Diaper,
-14 6411 3011 6632 Sharley & moi, auſſi-bien que Truman,
-14 6587 1051 6791 IV. Partie.
