4266 7776
767 822 3171 1001 DE JosEpn ThoSO.
10 973 3160 1163 caractere & l'état de ſa fortune, qu'il
10 1149 3160 1320 n'héſita point à la lui accorder. Ces nou-
10 1311 3167 1485 velles donnerent un ſurcroît de plaiſir à
315 1483 3152 1653 toute notre compagnie; & nous réſolûmes
319 1645 3193 1811 que ce mariage ſe feroit en même-tems
32 1817 1543 2010 que les nôtres.
432 2366 2858 2586 HAPITRE LXIV.
61 2645 3420 2831 M. Archer le fils arrive au pays d'York.
429 2825 3160 2993 Autre viſite qui ſurvient. Célébration des
330 2990 3494 3314 eſ e n r eonmaiſſnn ſlſſle ſ' ſi ead
333 3314 3182 3523 ſon bien, & lui fait preſent d'une Terre.
337 3482 3218 3652 Départ des hôtes. Suites heureuſes du
337 3644 3240 3832 mariage de Thompſon. Concluſion de
330 3817 1318 3979 l'Hiſtoire.
80 4067 3233 4313 E lendemain M. Archer nous amena
337 4288 3215 4458 de chez lui un Gentilhomme que j'eus
343 4453 3240 4611 la ſatisfaction de reconnoître pour ſon fils.
341 4618 3200 4785 Sa preſence dans une occaſion ſi favora-
105 4780 3241 4954 ble, nous fit beaucoup de plaiſir à Shar-
87 4949 3185 5118 pley & à moi, & il fut charmé de trou-
80 5111 3237 5269 ver nos affaires en ſi bon train. Mon pere
348 5276 3237 5450 & ma mere l'accablerent de careſſes; &
348 5445 3241 5612 nous le preſentâmes à tous nos bons amis,
348 5603 3237 5778 dont il s'acquit tout d'un coup l'eſtime. Mais
72 5772 3244 5943 ce ne fut pas la ſeule viſite imprévue que
80 5930 3193 6119 nous reçumes; nous vîmes arriver chez
80 6103 3211 6267 mon pere un Gentilhomme ſuivi de plu-
80 6261 3211 6446 ſieurs Domeſtiques, qui me demanda. J'al-
87 6430 3259 6625 lai à lui; il m'aborda avec politeſſe, & me-
2333 6609 2635 6781 NN
