4266 7838
1091 4 2016 93 -
556 790 3201 977 De Joseph Thonpson.
62 953 3219 1142 me trouvois dans une ſituation ſi gracieu-
107 1117 3219 1308 ſe, que je ne penſois guere à lui; & lorſ-
337 1280 3534 1466 que cela m'arrivoit, il m'inſpiroit plutôt
47 1451 3311 1626 de la compaſſion & du mépris, que des
58 1618 3256 1796 deſirs de vengeance. Nous convînmes que
344 1785 3226 1972 s'il reſtoit tranquille, il ne valoit pas la
340 1948 3222 2139 peine qu'on le traitât comme il le méri-
340 2139 612 2262 toit.
306 2280 3435 2465 Enfin l'heureux jour arriva où je devois
47 2453 3234 2598 recueillir le fruit de tous mes ſoins & de
352 2617 3234 2790 toutes mes peines. Nous étions alors dans
58 2776 3231 2956 les beaux jours du mois de Mai, où la
352 2947 3230 3118 Nature répand avec profuſion tous ſes dons
47 3114 3237 3293 ſur la terre. Nos jeunes mariés étoient ha-
44 3282 3223 3458 billés magnifiquement; mais Fidelle choiſit
44 3449 3226 3623 un habit à peu près conforme à ſon pre-
54 3612 3252 3791 mier état. Nous leur donnâmes la main,
47 3779 3233 3955 & nous nous rendîmes à l'Egliſe, ſuivis
51 3950 3237 4124 de tous nos amis. Sir Walter avoit, à ma
47 4117 3226 4295 priere, fait treve avec ſes chagrins; il pa-
38 4282 3237 4456 rut richement habillé, comme il convenoit
62 4447 3241 4620 dans une pareille cérémonie. Louiſe mit
69 4611 3245 4787 ſon maſque dès qu'elle l'aperçut; & com-
49 4782 3237 4953 me il en marqua quelque ſurpriſe, je lui
36 4941 3237 5119 dis que par modeſtie elle avoit exigé de moi
55 5112 3237 5282 qu'elle ſeroit mariée ſans avoir le viſage dé-
51 5279 3234 5451 couvert. Il examinoit ſa taille en marchant,
66 5439 3233 5620 & pouſſant un profond ſoupir, il laiſſa cou-
69 5614 3219 5783 ler quelques larmes, malgré les efforts qu'il
47 5781 3430 5949 faiſoit pour cacher ſon trouble ſous l'apa-
400 5948 3248 6115 rence d'une gaieté affectée. Mon pere nous
385 6107 3244 6280 donna la Bénédiction nuptiale, & les cho-
404 6271 3248 6457 ſes ſe paſſerent avec beaucoup de décence.
400 6438 3256 6635 Quand la cérémonie fut achevée, Sir Wal-
