4266 7819
813 643 3174 837 JosEpn ToMPso.
-6 787 3170 1006 van e tant qu'il vivroit. La joie ſe répan-
-14 981 3178 1180 dans tout le voiſinage: toute la maiſon
-14 1146 3448 1344 artagea nos plaiſirs; & le retour de Loui-
-14 1313 3156 1487 ſe étant divulgué, tous ceux qui nous con-
-13 1472 3170 1657 noiſſoient vinrent nous accabler de com-
-13 1641 3178 1826 plimens. Sharpley fut preſenté à Sir Wal-
-13 1808 3185 1979 ter en qualité de ſon neveu; il le reçut avec
-12 1950 3196 2148 bonté, embraſſa Serene, & ne pouvoit
-12 2145 3200 2317 contenir ſa joie. Vous voyez, mon cher
-11 2304 3174 2514 pere, lui dit mon aimable épouſe, que je
-11 2475 3507 2638 vous ai tenu parole, & que je ne me ſuis
-11 2622 3185 2821 mariée que de votre conſentement; c'eſt
-10 2793 3182 2968 vous-même qui m'avez donnée à M. Thomp-
-10 2951 3196 3140 ſon. Oui, repliqua-t-il, tu as raiſon; & ſi
-10 3126 3200 3307 cela étoit poſſible, je te donnerois encore
-9 3292 3200 3471 une fois à mon cher Joſeph que j'aime de
-9 3462 3196 3639 tout mon cœur. Allons, mon garçon, me
-9 3625 3196 3797 dit-il, dépêchez-vous, & que je me voie
-8 3763 3197 3975 bientôt renaître dans vos enfans. Louiſe rou-
-8 3955 3196 4146 git; pour moi je lui aplaudis. Quels déli-
-7 4120 3463 4296 cieux momens! Peut-on concevoir les plai-
-7 4284 3189 4458 ſirs que je goûtai dans les bras de ce cher
-7 4454 2060 4643 objet de tous mes deſirs?
365 4613 3204 4788 Nous reçûmes le lendemain les compli-
-6 4761 3193 4960 mens de tous nos amis, qui paſſerent une
-6 4946 3193 5120 quinzaine de jours avec nous. Sir Walter
-5 5109 3200 5287 donna à ſa fille douze mille livres ſterlings
47 5276 3200 5453 qui lui apartenoient, & nous fit preſent
-5 5439 3196 5778 voimaa, de e pl dde duile lien dens
-4 5750 3218 5968 lings de revenu. M. & Mme Goodvill s'en
26 5938 3200 6112 retournerent à leur campagne. M. & Mme
17 6050 3211 6273 Diaper avec mon ami & ſa charmante épou-
17 6267 3233 6442 ſe, allerent paſſer quelque tems chez M.
