4266 7828
596 739 3130 955 DE Joseph Thon.6r
10 904 3145 1132 ſe. Sir Walter vit avec nouss, & jouit d'u-
10 1105 3501 1290 ne ſanté qui doit lui faire eſpérer de voir
10 1283 3138 1450 un jour marier ſes petits emfans; car ma
32 1442 3182 1617 chere Louiſe m'a déjà donné un fils & une
32 1609 3472 1773 fille, qui ſont le vétitable portrait de leur
29 1776 3164 1950 charmante mere. Notre correſpondance
32 1936 3164 2112 avec nos amis, & le plaiſir de les voir de
10 2106 3305 2282 tems en tems, contribuent beaucoup à mon
10 2270 3182 2437 bonheur, & je me regarde à prefent com-
51 2440 2582 2604 me le plus heureux des hommes.
489 2596 3201 2767 Ainſi après un long cours de travaux &
29 2759 3179 2938 de peines, compenſés par un petit nombre
322 2926 3182 3100 de plaiſirs, je ſuis parvenu à cet état de
73 3089 3182 3267 félicité pure & ſans traverſes, auquel nous
66 3256 3182 3431 nous efforçons tous d'arriver par des routes
29 3420 3186 3596 différentes. Si cette Hiſtoire tombe entre
337 3590 3190 3762 les mains de gens à qui mes malheurs puiſ-
54 3750 3190 3929 ſent ſervir d'exemple pour les éloigner du
44 3917 3190 4106 vice, & des extravagances de la jeuneſſe,
36 4084 3190 4259 je me croirai bien dédommagé de la peine
58 4247 3201 4426 que j'ai priſe à l'écrire, & je dirai avec Dry-
99 4414 1965 4583 den: On eſt toujours he
1965 4425 3190 4581 aeux, quand on
43 4581 2503 4929 vit pour en faire
1509 5167 2418 5402 r
