1116 1854
698 1604 796 1651 Aa
142 526 915 602 L'AVENTURIER
250 668 797 743 FRANÇOIS.
204 900 834 946 LIVRE PREMIER.
144 1568 252 1609 ceſſai.
141 1018 914 1073 JE me laiſſai porter dans le vaiſſeau ſans
140 1069 915 1118 dire un mot, ſans faire le moindre mou-
141 1114 935 1164 vement. J'étois immobile, j'étois mort. Je
142 1162 920 1209 quittois ma patrie, la terre qui m'avoit
144 1207 916 1253 nourri, le ciel qui m'avoit vu naître; enfin,
143 1252 919 1299 je perdois ma Julie: pouvoit-il reſter de
143 1297 917 1344 la vie au fond de mon cœur? Abymé dans
142 1343 917 1390 l'anéantiſſement, je n'avois pas la force de
123 1387 915 1436 me déſeſpérer. On me placa fur le tillac,
143 1435 916 1482 dans un endroit où je n'incommodois per-
144 1479 915 1527 ſonne. Je n'eus que la force de me tour-
143 1524 918 1571 ner du côté de la terre, ſur laquelle je ne
143 1568 916 1622 ceſſai de fixer les yeux, inanimé d'ailleurs.
