1116 1854
171 135 946 186 Toutes mes facultés étant ſuſpendues, la
172 185 945 233 mer, ſur laquelle je me trouvois pour la
171 231 940 279 premiere fois, ne fit aucun effet ſur moi.
172 277 941 323 Je ne bus ni ne mangeai; je ne donnai
172 320 942 368 aucun ſigne de vie tant que la terre fut
170 367 943 411 viſible. Elle diſparut enfin. Alors je crus de
170 412 942 458 nouveau perdre ma Julie. Je pouſſai un
170 456 944 503 ſoupir, & mon cœur défaillit. On me porta
170 502 944 558 dans un endroit ſombre, ſur un chalit. J'y
170 547 941 594 reſtai vingt-quatre heures, le viſage enfoncé
172 592 942 634 dans l'oreiller, verſant un torrent de lar-
173 639 945 680 mes, ſans remuer. Enfin la nature me
173 680 939 731 ſollicita de manger, & je la ſatisfis. Tous
170 727 941 786 les jours je paſſois la journée entiere au
173 773 965 822 fond de ce gîte obſcur, dans la même im-
173 819 944 864 mobilité. Le ſoir je montois ſur le tillac;
171 864 943 913 je ſoupirois en plein air; je regardois la lune,
172 907 943 958 & je méditois en ſilence dans le calme de la
173 956 944 1001 nuit. Nous avancâmes de cette maniere,
174 1000 974 1048 ſans que je m'en appercuſſe, juſqu'à la mer
173 1046 943 1103 Atlantique. Nous côtoyâmes l'Afrique: nous
174 1089 942 1140 deſcendîmes au Sénégal, à la Côte-d'or,
175 1133 969 1182 à la triſte Côte des eſclaves. Nous débar-
175 1181 969 1228 quâmes dans tous ces endroits; je vis des
174 1224 945 1276 ſauvages, des negres, de hideuſes créatures,
176 1270 946 1320 à peine offrant la figure humaine. Y avoit-
177 1315 945 1364 il là de quoi me dédommager de la perte
155 1362 345 1400 de Julie?
203 1406 946 1456 De là nous devions aller au Bréſil; mais
176 1454 946 1500 un vent très-violent nous pouſſa vers le
177 1498 948 1548 ſud-oueſt. Nous paſsâmes malgré nous la
176 1544 948 1604 ligne, &, au bout de quelques jours, le
153 74 220 134 4
