1116 1854
699 1605 795 1648 A 3
143 157 910 209 tropique du capricorne; & nous ſentions
147 207 911 254 que, ſi cela duroit, nous devions aller
147 252 911 289 échouer vers les terres Auſtrales. Perdus
145 295 921 344 dans ces mers, nous y fûmes bientôt en-
145 340 913 390 chaînés par un calme, image de la mort,
148 386 927 435 & nous nous vîmes long-temps menacés de
146 430 917 479 périr d'inanition. Mon amour pour la vie
137 478 923 525 ſe réveilla, quand je n'eus plus de quoi
149 519 918 568 manger. Il me fâchoit très-fort de mourir
152 566 918 617 autrement que d'amour. Mais un zéphyr
151 613 929 660 qui commença bientôt à ſouffler, nous
153 660 920 706 amena promptement un corſaire, qui s'em-
153 704 921 749 para de nous; ce que nous prîmes pour
153 751 923 792 une bonne fortune. Nous ne fîmes aucune
154 791 923 840 réſiſtance, trop heureux d'être pris pour
154 836 926 886 avoir du pain. Ces coquins ſe preſſerent
156 884 925 929 cependant moins de nous donner des vi-
157 927 926 976 vres, que des coups. Nous étions étendus
155 970 929 1021 ſur le tillac, chargés de fers, & très-légers
157 1016 930 1066 du côté de la nourriture. Ils délibérerent
158 1062 927 1110 froidement devant nous s'ils nous jette-
158 1110 930 1153 roient dans la mer, ou s'ils nous laiſſeroient
159 1152 927 1201 vivre. Il fut décidé qu'on ne perdroit pas
160 1198 930 1246 de bons aliments pour raſſaſier une canaille
161 1243 931 1290 affamée. On nous dépouilla ſcrupuleuſe-
161 1289 930 1334 ment; & je vis jeter dans la mer, l'un
161 1335 955 1382 après l'autre, tous mes compagnons, à qui
161 1380 958 1427 l'on daignoit auparavant lier les mains.
163 1424 955 1470 Mon tour arrive: l'on vient à moi pour
165 1469 933 1519 me faire la même cérémonie. On m'ôte
167 1515 945 1559 mes fers, à deſſein de me lier avec une
168 1561 961 1608 vieille corde. Dès que j'eus les mains li-
853 104 927 152 5
