1116 1854
187 142 960 202 Tout-à-coup, du haut d'une vague, je
176 196 946 247 crois appercevoir quelque choſe de bleuâtre
175 244 945 291 au bord de l'horizon. „Eſt-ce un nuage?
174 291 945 335 “eſt-ce la terre, me dis-je? Et je retombe
174 333 945 382 dans un fond, & je remonte ſur un flot,
173 380 946 426 mais ſans me retrouver de long-temps
172 424 950 473 aſſez haut pour voir de nouveau l'objet
172 470 947 516 bleuâtre. Enfin je le revois, & j'en perds
171 513 949 563 la vue ſur le champ: l'eſpoir renaît, je
172 562 952 609 retrouve mes bras & je nage avec ardeur
170 606 954 653 vers la terre que j'ai cru découvrir; mais
171 650 954 700 elle paroiſſoit à une prodigieuſe diſtance.
170 695 945 744 Comment y aborder? j'étois déja épuiſé;
170 741 945 790 je deſcendois malgré moi vers le fond.
171 783 945 834 Bientôt je ſens le ſol ſous mes pieds; c'étoit
170 832 951 877 une roche à fleur d'eau, ſur laquelle je
172 875 954 926 tombois; j'en gagne le ſommet, qui s'éle-
171 921 952 969 voit au-deſſus de la mer; je m'y repoſe;
172 965 954 1015 de là j'apperçois diſtinctement la terre à
170 1013 955 1057 peu de diſtance, & je treſſaille de joie.
173 1057 967 1105 Quelques coquillages que je ſaiſis à la pointe
170 1100 946 1150 de la roche, me reſtaurent légérement.
172 1146 948 1194 Enfin la mer ſe calme. Je reprends un peu
172 1190 955 1241 de forces, & je me remets à nager: je vais
172 1238 954 1285 en haut, je vais en bas; j'avance, je recule;
170 1283 956 1330 je me débats contre les flots, qui ſe jouent
173 1328 955 1386 long-temps de mon foible individu; enfin
173 1373 553 1417 je ſuis jeté ſur la rive.
190 1412 955 1464 Cette rive étoit nue: j'étois nu; j'ap-
171 1464 954 1509 perçus, dans une eſpece de bourbier plein
174 1508 956 1553 d'eau ſalée, ma triſte nudité. Il n'y avoit
153 1554 955 1608 pas la moindre production terreſtre ni
773 1600 849 1641 A 4
