1116 1854
150 66 214 119 L
104 123 975 177 marine ſur le bord de la mer, & je ne
104 171 974 230 découvris pas un filet d'eau douce pour
104 218 974 268 me déſaltérer. Je pouvois me vanter d'être
104 261 974 313 l'homme le plus rigoureuſement pauvre de
104 306 974 358 l'univers; je ne jouiſſois exactement que de
104 350 974 403 l'air & de la lumiere. La nuit vint bientôt
104 399 974 448 m'enlever ce dernier tréſor; mais tandis
104 444 974 494 qu'elle approchoit, il tomba une pluie
104 490 974 539 aſſez abondante; je la laiſſai tomber; je
104 531 974 582 la reçus à nu ſur ma peau; je ne craignois
103 579 974 633 pas la pluie. J'eus ſoin de faire un petit
103 623 973 672 creux dans le ſable, où l'eau vint s'amaſ-
103 667 973 717 ſer; &, pendant qu'il pleuvoit, je profitai
103 714 973 761 de la foible lueur qui reſtoit, pour tâcher
103 759 973 812 de déterrer quelques coquillages ſur le bord
103 803 973 854 de l'eau. J'en trouvai enfin quelques-uns;
103 849 973 902 je les ouvris comme je pus; je les dévorai.
103 895 973 943 Je revins enſuite à mon petit creux, que
103 939 973 992 j'avois bien remarqué pour ne pas le per-
103 984 973 1041 dre; il s'y trouvoit un peu d'eau douce;
103 1029 973 1082 j'en humai le plus qu'il me fut poſſible,
102 1074 972 1121 & je me ſentis l'eſtomac leſté vaille-que-
102 1119 972 1176 vaille. Il falloit chercher à me nicher pour
102 1164 972 1218 paſſer la nuit; car il faiſoit froid, & j'étois
102 1210 972 1257 dans le cas de ne rien perdre des moin-
102 1255 972 1303 dres impreſſions de l'air. Je tremblois
102 1299 972 1353 comme le feuillage le plus mobile. Je
102 1343 972 1395 m'éloignai du rivage, ſans rencontrer un
102 1388 972 1438 ſeul arbre. Enfin, j'en vis un à demi-dé-
102 1433 972 1486 pouillé, par un effet de l'automne qui ré-
102 1478 972 1531 gnoit dans cette iſle. J'obſervai ſur la terre
101 1521 972 1575 une partie de ſa chevelure tombée & diſ-
