1116 1854
178 142 953 199 cieux. Une eſpece de palmier, dont j'eus
177 197 940 243 bien de la peine à ouvrir l'écorce, me
175 243 951 291 fournit une liqueur aſſez agréable, que je
171 289 857 335 humai le mieux qu'il me fut poſſible.
214 333 940 372 Etant bien reſtauré du côté de la nour-
169 378 950 425 riture, il s'agiſſoit de me couvrir; mais
168 424 950 472 de quoi? J'appercus une eſpece de laine
169 470 947 515 attachée à des buiſſons, ce qui m'annonca
169 514 952 562 que je pourrois par la ſuite, rencontrer
169 560 950 607 les bêtes qui y laiſſoient ainſi leur toiſon.
168 606 944 651 Je ramaſſai tout ce que j'en trouvai, &
171 650 949 701 n'en ayant pas aſſez pour m'habiller, j'y
169 696 944 743 joignis des feuilles; je collai tout cela en-
170 741 952 787 ſemble, avec de la gomme que les arbrer
171 786 952 833 me fourniſſoient abondamment. J'en com-
171 831 978 880 poſai une eſpece de ſeutre, que je ſoulai
171 875 979 922 le mieux qu'il me fur poſſible avec de
172 921 949 969 gros cailloux. J'ajuſtai, non ſans peine,
172 967 952 1016 autour de mon corps cette plaiſante étoffe;
170 1012 947 1062 & bientôt je marchai le plus qu'il me fut
171 1057 951 1112 poſſible, pour reconnoître le pays, m'éloi-
171 1103 943 1152 gnant peu du rivage. Je tuai dans ma
171 1147 953 1197 courſe, à coups de pierre, un petit ani-
171 1193 953 1244 mal aſſez ſemblable à un lievre. Le ſoir,
172 1238 953 1284 ayant fait du feu, j'attachai ma viande,
171 1282 955 1331 pour la cuire, aux filaments d'une plante
173 1327 954 1377 qui me ſervit de ficelle, & qui me mit
171 1372 957 1422 dans le cas de faire tourner mon rôti de-
172 1419 948 1466 vant le ſeu. Je le mangeai de bon appé-
174 1464 949 1511 tit; je bus du vin de palmier & de l'eau
176 1508 945 1590 e pluie a nneeai enſuite ſur un abre,
588 1553 845 1590 e feuillages &
880 90 974 139 t
