1116 1854
175 138 959 188 un filet, avec lequel j'attrapois, quand je
177 185 949 233 voulois, du poiſſon, que je faiſois cuire
178 230 943 278 dans l'eau ſalée & le vin de palmier, le
175 275 947 311 tout dans mes vaſes de terre. Je taillois
173 320 947 368 de petites baguettes, j'attachois au bout
172 365 945 413 les arrêtes les plus aiguës des poiſſons, &
170 409 959 457 j'en faiſois ainſi des fleches. Je n'eus pas
173 456 944 502 de peine à me former un arc, & j'abat-
175 501 957 549 tis aiſément du gibier: de ſorte qu'en peu
172 546 956 593 de jours je parvins à me procurer une
173 591 944 638 nourriture aſſez abondante en gras &
171 635 943 685 en maigre, avec du fruit pour deſſert.
172 682 939 727 Me voilà déja avec un habit, un arc,
174 726 942 770 des fleches, un filet, des vaſes, & un
171 784 317 809 couteau.
218 810 944 863 Je pourſuivois toujours mon voyage
174 862 943 909 dans les terres; mais il falloit traîner avec
174 905 942 963 moi tout cet attirail; ce qui n'étoit pas
172 951 945 999 aiſé. De plus, j'étois oblige de m'arrêter
176 997 943 1044 chaque jour pour faire du feu, chercher
173 1042 942 1091 mon manger, l'apprêter, & ſatisfaire à
175 1088 981 1132 tous les beſoins de la vie. Je ne tardai pas
175 1133 958 1180 à me fabriquer des haches, toujours avec
176 1177 942 1225 des pierres aiguiſées. Je tuai des animaux
175 1224 944 1269 d'un aſſez gros volume, que j'écorchai. Je
172 1267 957 1316 me fis des habits de leurs peaux, après les
175 1312 945 1359 avoir préparées, le mieux qu'il me fut
175 1357 962 1406 poſſible, avec une eſpece d'huile que je
165 1404 947 1449 tirai d'un certain fruit huileux, en le pilant:
177 1449 961 1497 de cette maniere, je rendis ces peaux
176 1484 961 1541 ſouples, & moins promptes à ſe ſécher.
180 1533 963 1593 Je me trouvai ainſi beaucoup mieux vêtu
895 90 968 132 L.E
