1116 1854
162 146 932 201 de cette poſture; je me releval; je regar-
165 196 932 244 dai autour de moi. Ma priſon, c'eſt-à-dire
164 245 940 290 mon iſle, pouvoit avoir une cinquantaine
161 289 933 334 de lieues de tour. „Après tout, me dis-
161 334 932 381 “je, il me ſemble que je n'y ſuis pas trop
160 379 937 427 “à l'étroit; & puiſque je m'y vois ſeul,
160 424 932 470 “j'y ſuis roi du moins. Je regne ſur un
164 469 941 516 “aſſez grand pays; perſonne ne me trou-
163 515 936 559 “blera dans mon travail. Je vivrai, & je
162 561 935 607 “travaillerai; je conſtruirai un vaiſſeau;
131 607 949 651 “je m'embarquerai, & j'irai revoir ma
161 650 934 695 “Julie.“ Dans ce doux eſpoir, je ſaute
161 693 961 742 avec tranſport: mon appétit me follicite;
161 740 934 787 je tue une eſpece de petit chevreuil que
162 785 937 831 je fais cuire, & je le mange avec des
164 830 934 876 fruits & du grain rôti. Un palmier me
161 874 932 922 fournit une liqueur fort agréable. Pour con-
163 921 935 966 noître exactement tout mon empire, je
162 965 933 1011 prends le parti de continuer tout le tour
162 1011 946 1058 de l'iſle, dont la montagne occupoit à peu
162 1054 949 1101 près le centre. Je finis cette tournée au
163 1100 933 1149 bout d'un mois, & je reconnus un pays
162 1145 946 1193 où il y avoit des ſites admirables; mais je
161 1190 935 1235 ne rencentrai pas un ſeul de mes ſembla-
161 1235 952 1282 bles. Je trouvai peu d'animaux féroces,
162 1279 933 1326 & je vins aiſément à bout de les détruire.
163 1324 950 1371 La bête la plus dangereuſe de l'iſle, étoit
161 1371 936 1418 le ſerpent à ſonnenes; mais je l'entendois
162 1416 937 1458 venir de loin, & je ſavois très-bien m'en
164 1460 950 1507 défaire. Je vis enfin des troupeaux d'ani-
167 1506 950 1555 maux bêlants, qui reſſembloient beaucoup
144 1551 930 1599 à nos moutons: je raſſemblai les plus
870 105 946 148 L.
