1116 1854
160 125 938 175 beaux, à qui j'appris aiſément à me ſuivre,
162 173 940 220 ſous la garde d'un chien muet, intelligent
164 218 936 266 & fidele, mais qui ne pouvoit aboyer;
166 262 942 310 ce qui lui étoit commun avec ſes confre-
164 307 938 354 res d'Amérique, ſoumis par la nature au
163 354 617 401 ſilence le plus rigoureux.
184 399 941 446 Le lait de mes brebis me fit une nour-
163 440 937 491 riture précieuſe, & je filai leur laine, pour
163 489 940 537 en former par la ſuite des eſpeces d'étof-
162 533 940 581 fes. Je trouvai encore d'aſſez gros animaux,
163 579 938 624 qui me ſervirent à porter & traîner mon
161 623 935 673 bagage. Je voyois le pays ſûr, puiſque j'y
163 667 970 715 étois ſeul. Le climat paroiſſoit fort doux;
162 714 939 762 je ne voulus donc pas perdre mon temps
163 760 938 807 à me bâtir une maiſon; & avec des pieux
163 803 942 852 & des peaux couſues enſemble, je me fis
162 849 942 894 une tente aſſez commode, qui me mit
163 896 942 941 dans le cas d'aller planter mon logement
162 940 941 987 par-tout où il me plairoit. Mon lit étoit
163 984 937 1033 compoſé de peaux aſſez chaudes. Je poſſé-
163 1029 936 1075 dois déja des richeſſes, & je les faiſois
163 1075 937 1123 voiturer à mon gré. N'ayant pas de quoi
164 1120 938 1167 enfermer mes innocents troupeaux, & les
163 1165 949 1211 ſachant accoutumés au grand air, je les
162 1207 937 1257 attachois à la belle étoile. Au bout de quel-
165 1256 935 1302 ques mois enfin, j'avois déja ſu me pro-
164 1300 936 1348 curer pluſieurs commodités de la vie. Il
167 1345 935 1393 ne me manquoit plus que de la compagnie:
164 1391 934 1438 que dis-je? j'avois celle de mes brebis &
165 1437 934 1482 de mon chien fidele: eſt-on plus heureux
166 1482 615 1518 dans celle des hommes?
213 1528 934 1575 Je me propoſois de conſtruire un vaiſ-
148 71 224 113 é.
