1116 1854
856 112 931 154 L
111 154 940 211 ſeau; mais ce chef-d'œuvre exigeoit bien
111 204 939 256 du temps; &, pendant cette longue opé-
111 249 939 299 ration, je voulois me procurer ma ſubſiſtan-
111 295 939 346 ce. D'ailleurs, combien d'inſtruments il
111 339 939 391 me falloit forger pour travailler à ce bâ-
111 386 939 436 timent! combien de choſes pour le leſter!
111 427 939 481 J'avois beſoin de toile pour en former les
111 476 939 526 voiles, & pour m'habiller. Je vins à bout
111 521 939 573 de compoſer un métier de tiſſerand; je
111 563 939 618 filai d'une plante ſemblable au chanvre,
110 610 939 664 & j'en fis une toile aſſez fine, que j'éten-
110 656 938 706 dis ſur l'herbe pour la blanchir. J'eus l'a-
110 702 938 751 dreſſe de me tailler & de me coudre des
110 748 938 796 chemiſes ſupportables, en me diſpenſant
110 792 938 841 de faire de la mouſſeline pour les garnir;
110 839 938 886 mais je fabriquai du drap, qui approchoit
110 883 938 931 de celui des ſoldats pour la fineſſe, & je
110 928 938 977 m'en formai des habits tels quels. Je me
110 975 938 1022 tricotai des bas & des bonnets, & je me
110 1019 938 1069 fis des ſouliers avec le cuir des bêtes que
110 1064 938 1113 je tuois. Le beſoin & la réflexion m'appre-
109 1108 938 1159 noient tous ces métiers. Je ſus faire juſqu'à
109 1157 937 1203 un tour pour tourner, tant mes inſtruments
109 1200 937 1253 que mes vaſes. Je me compoſai une petite
109 1246 937 1295 vaiſſelle de terre, qui avoit des formes;
109 1290 937 1340 je trouvai même une compoſition pour la
109 1334 937 1384 verniſſer. Je brûlois de pouvoir écrire mes
109 1379 937 1431 penſées, & une infinité de vers que j'adreſ-
109 1425 937 1473 ſois à ma Julie. Le fiel d'un certain poiſ-
109 1469 937 1519 ſon me ſervit d'encre, une écorce d'arbre,
109 1514 937 1562 très-mince & très-ſouple, me tint lieu de
108 1559 937 1615 papier; avec une pierre fort tranchante,
