1116 1854
110 151 953 205 mon empire où j'aurois voulu la couron-
110 194 952 248 ner. Enfermé ſeul ſous une tente, je con-
110 239 952 294 templois le portrait de ma Julie, & je me
110 283 952 339 paſſionnois: je baiſois mille fois cette chere
109 330 952 384 image; je lui adreſſois les diſcours les plus
109 375 951 432 touchants. Il me ſembloit la voir remuer,
109 419 951 477 voir ſa ſtatue ſe changer en elle-même;
108 463 951 521 alors je redoublois mes baiſers dévorants.
108 510 950 564 Je prenois une lyre que j'avois ſu com-
108 554 950 610 poſer; je montois ſur une colline ſolitaire
108 599 950 656 qui ſe miroit dans l'océan, & ſur laquelle
107 645 949 703 brilloit auſſi un plâtre de la ſtatue chérie.
107 694 949 747 Aux rayons paiſibles de l'aſtre des nuits,
107 739 949 791 à la lueur ſcintillante des étoiles, dans le
106 785 949 837 ſilence de la nature, un ſaint enthouſiaſme
106 831 948 880 me ſaiſiſſoit. Je chantois mon adorable Ju-
106 875 948 924 lie, en m'accompagnant de ma lyre; je
105 922 948 971 croyois voir toute la nature s'attendrir &
105 966 947 1021 partager ma douce mélancolie; je me
105 1012 947 1066 plongeois alors dans une rêverie délicieuſe;
105 1058 947 1114 je croyois appercevoir ma Julie; le moin-
104 1102 947 1152 dre zephyr me paroiſſoit ſon haleine; au
104 1148 946 1197 moindre bruit je tournois la tête pour la
104 1193 946 1244 voir; je tendois les bras pour l'embraſſer.
103 1233 946 1286 Moments adorables, qui ne renaîtront ja-
103 1284 945 1344 mais pour moi, dont on ne peut jouir qu'en
103 1329 635 1381 ſe trouvant ſeul au monde!
102 1368 945 1423 Je finis auſſi en miniature le portrait de
102 1419 944 1467 ma divinité; je le portois toujours avec
102 1464 944 1512 moi dans mon ſein; je le regardois, je le
102 1508 944 1557 baiſois amoureuſement dans mes prome-
101 1550 944 1607 nades ſolitaires. O quelles ſublimes idées
864 100 912 136 E
