1116 1854
185 150 974 200 m'inſpiroit le grand ſpectacle de la nature!
183 198 962 246 Comme je m'égarois dans les mondes,
183 243 963 290 pendant le cours de la nuit étoilée! comme
186 286 961 335 je ſentois mon ame élevée, épurée, dans
185 332 962 390 un pays dont j'étois le maître, où je n'étois
184 379 975 426 obligé de connoître aucune maniere de
185 423 968 471 feindre ni de ramper, où nul, en m'ap-
185 468 976 517 prochant, n'aviliſſoit ou ne ſouilloit mon
184 513 978 563 être! Julie n'étoit pas le ſeul objet que
183 558 978 605 j'adorois; j'oſois m'élever juſqu'à mon
185 602 958 651 Dieu; je n'eus jamais de ſi grandes idées
185 649 960 696 de l'Etre ſuprême. Je le contemplois dans
185 694 962 742 le grand ſpectacle de l'univers. Je chan-
186 740 961 789 tois la nature, je la peignois, je l'étudiois,
184 784 959 832 depuis l'aſtre juſqu'à l'inſecte, depuis les
185 831 960 879 terres & les mers juſqu'au brin d'herbe.
186 876 975 929 La peinture, la poéſie, la muſique, l'aſtro-
184 922 965 964 nomle, toutes les ſoiences, tous les arts
185 966 960 1014 s'uniſſoient pour verſer des délices ſur
185 1012 966 1056 tous mes inſtants; & l'amour, en rendant
186 1056 960 1104 mon cœur ſenſible, répandoit à mes yeux,
184 1100 966 1152 ſur tous les objets, un nuage tendre, un
185 1148 958 1195 preſtige enchanteur qui me faiſoit délicieu-
185 1193 957 1240 ſement ſoupirer. O jours de ma ſolitude!
184 1240 939 1288 qui pourroit croire que je vous regrett
182 1286 957 1332 aujourd'hui dans le centre des plaiſirs & de
186 1328 367 1369 la ſociété.
216 1376 955 1425 Nes lecteurs de Paris, qui ſavent tout,
183 1421 957 1473 qui jugent à merveille de toutes les ſitua-
185 1468 955 1519 tions qu'ils n'ont jamais éprouvées, qui
184 1511 956 1561 calculent parfaitement la portée de la na-
184 1558 980 1611 tur dans tous les pays qu'ils n'ont pas vus;
174 100 259 139 e
