1116 1854
148 79 230 127 Te
311 1596 379 1627 i
169 135 941 192 briſa point mon vaiſſeau contre un rocher;
166 188 939 236 il ne m'engloutit point dans les abymes de
167 232 938 277 la mer; il ſe contenta de m'enterrer dans
167 278 939 327 le ſable. Je m'y trouvai auſſi immuable-
166 322 937 371 ment établi, que le palais le plus maſſif. Il
166 369 938 416 fallut renoncer à ſe débarraſſer de là. Je
164 414 938 462 jétai ma petite chaloupe en mer; je la
168 459 939 506 chargeai de proviſions ſuffiſantes; je dis
165 504 935 549 adieu, juſqu'au revoir, à mon cher vaiſſeau.
170 551 938 591 Je m'avançai ſur ma nacelle vers l'embou-
167 595 940 641 chure d'un grand fleuve, & j'entrai dans le
164 640 931 687 canal. Les bords m'en parurent charmants;
166 684 938 730 mais je n'appercevois ni maiſons ni habi-
166 730 943 775 tants. Pourvu de vivres, je ne craignois pas
163 774 940 822 la diſette; d'ailleurs, voguant ſur un fleuve,
164 819 939 867 je ne riſquois pas de m'égarer, & je pou-
165 864 941 909 vois toujours redeſcendre quand il me plai-
164 910 937 956 roit, pour retrouver mon vaiſſeau. Je re-
166 952 940 1002 montai l'eſpace de ſix jours, trouvant tou-
167 999 938 1046 jours le canal large & preſque droit; mais
166 1044 653 1090 point de traces d'habitation.
173 1089 942 1136 Bientôt je parvins à un endroit où le
166 1133 942 1182 fleuve ſe ſéparoit en deux bras; l'un deſ-
124 1178 938 1230 cendoit vers l'oueſt, l'autre étoit celui que
167 1225 940 1271 'avois parcouru. A quarante pas plus haut,
164 1269 933 1318 je voyois une cataracte qu'il ne m'étoit pas
168 1313 940 1363 poſſible de franchir. Il falloit retourner par
166 1359 934 1407 le même chemin ſur mes pas, ou entrer
165 1402 937 1454 dans l'autre bras qui étoit auſſi très-large &
168 1448 940 1498 très-beau. Je pris ce dernier parti. Je n'avois
167 1495 943 1542 pas vogué deux heures de ce côté, que le
167 1539 940 1591 courant devint très-rapide, au point qu'il
