1116 1854
849 104 947 157 La
688 1595 823 1652 n
155 164 936 214 m'entraînoit, & qu'il m'étoit impoſſible de
159 211 938 260 rebrouſſer chemin: cet incident m'inquié-
161 257 937 306 toit beaucoup; je cherchois au moins à
157 303 929 351 gagner le bord; mais la rapidité des eaux,
158 347 928 395 qui augmentoit toujours, ne me le per-
156 392 937 440 mettoit pas. „Après tout, me diſois-je,
156 438 936 483 “le courant me conduira toujours à la
160 483 939 529 “mer, & il ne me ſera pas difficile,
158 528 939 587 “en côtoyant vers l'eſt, de rejoindre mon
158 573 459 612 “vaiſſeau.“
202 607 942 665 En faiſant ces réflexions, j'appercevois,
158 664 941 711 dans le fond de la perſpective, une mon-
161 708 941 756 tagne bleuâtre, vers laquelle je deſcendois
158 755 929 801 comme un trait; elle s'approchoit, s'agran-
159 798 930 844 diſſoit: & par où va donc le fleuve, me
161 842 936 889 “diſois-je? cette maſſe énorme doit l'arrê-
160 887 935 935 “ter. Sans doute qu'il ſe détourne au pied
126 931 937 983 “du mont, & qu'il le côtoie, pour ſe
160 978 928 1024 “rendre plus promptement à la mer vers
160 1021 937 1071 “le nord.“ La montagne déja voiſine
161 1067 940 1114 devenoit immenſe. J'en diſtinguois les am-
149 1113 931 1160 fractuoſités, & je ne voyois rien qui m'in-
161 1157 925 1204 diquât que le fleuve fît un détour. Bien-
126 1204 928 1249 tôt j'appercois dans la roche une vaſte
161 1247 928 1295 ouverture qui s'élargit à vue d'œil, juſte-
161 1292 940 1340 ment vis-à-vis de moi. Le courant m'y en-
162 1335 942 1380 traînoit avec une violence irréſiſtible. Je
160 1381 928 1429 vois bientôt que le fleuve s'y engouffre, &
160 1427 926 1480 je m'y engouffre avec lui. Me voilà ſous
161 1471 946 1520 une voûte immenſe, inégale; tantôt haute,
164 1516 927 1564 tantôt baſſe. Je ſuis à tous moments ſouf-
162 1559 927 1606 fleté par des branchages qui ont leur racine
