1116 1854
774 1586 845 1627 Ba
877 86 948 128 .
178 140 947 189 cette ravine, privé de la lumiere, je ne
179 189 689 232 renonce pas encore à la vie.
224 225 944 276 A meſure que j'avance, j'entends tou-
176 278 951 322 jours plus diſtinctement un bruit qui s'ac-
174 321 944 369 croît, & devient épouvantable. Il n'y a pas
175 368 951 415 moyen de s'y tromper, c'eſt une cataracte
175 411 945 458 où l'eau doit tomber de très-haut, à en
175 459 946 505 juger par le tintamarre qu'elle fait. „Mon
177 504 945 549 “Dieu, me dis-je à moi-même, que
174 548 958 595 “vais-je devenir?“ J'embraſſe avec un
175 586 947 642 redoublement de tranſport la branche qui
176 638 950 682 me ſoutient. Je me recommande de nou-
178 683 950 731 veau à Dieu. Le bruit devient cent fois plus
178 728 943 777 épouvantable, il mugit ſous les cavernes;
177 773 944 811 il doit aſſourdir de cent lieues. Je m'écrie:
180 818 949 865 “m'y voilà, m'y voilà; ô Dieu!“ Je fais
177 862 798 911 le ſaut, & je perds connoiſſance.
223 909 946 956 Pour peindre ce moment, je crois me
177 954 946 1001 rappeller que je me ſentis d'abord précipité
176 998 998 1045 dans un abyme; j'entendois confuſément
178 1037 945 1091 comme le bruit de cent mille marteaux;
178 1088 977 1135 mais je tombai enfin dans un état parfai-
179 1135 946 1181 tement ſemblable à la mort. J'ignore com-
177 1179 947 1226 bien de temps j'y reſtai. Quand je rouvris
179 1224 946 1270 les yeux, j'étois ſuſpendu par les pieds,
179 1268 948 1316 & j'entendois parler beaucoup de monde
179 1312 946 1361 autour de moi En m'éveillant je pouſſe
178 1360 954 1406 un profond ſoupir; ceux qui m'environ-
178 1404 942 1449 nent me détachent ſur le champ, avec de
180 1452 942 1497 grandes exclamations: je concus que,
180 1495 945 1539 m'ayant ſauvé du fleuve, ils m'avoient
179 1538 944 1584 ſuſpendu la tête - en bas, pour me faire
