1116 1854
154 92 232 133 a
169 141 944 186 rendre l'eau que j'avois avalée. Je les re-
169 186 939 234 garde; ils me regardent de même, je leur
168 230 936 277 fais des ſignes de reconnoiſſance, ils m'en
168 275 391 318 font de joie.
215 309 941 368 Ces hommes avoient à mes yeux une
165 363 948 412 igure aſſez étrange: j'en devois avoir une
168 411 939 457 auſſi étrange à leur vue. Ils tenoient chacun
166 455 941 503 un flambeau, dont ils m'éclairoient lugu-
168 500 936 548 brement. Je vis ſur notre tête la voûte qui
168 545 947 592 me parut infiniment plus haute. Nous étions
166 590 939 637 ſur le bord du fleuve, qui couloit beau-
168 635 939 682 coup plus paiſiblement que dans le lieu
166 680 940 727 de ſa chûte; j'entendois au deſſus de nous
165 725 941 766 le bruit de la caſcade, mais dans un loin-
166 769 940 816 tain fort profond. Ce qu'il y a de ſingulier,
168 814 939 862 c'eſt que je tenois encore embraſſé un mor-
169 859 938 904 ceau de la branche qui m'avoit ſoutenu:
167 901 939 952 il paroiſſoit qu'on avoit ſcié le reſte, que
167 948 943 995 je vis en effet à mes pieds; mais on n'avoit
165 991 943 1042 pu, dans mon évanouiſſement, me forcer.
169 1037 946 1085 à lâcher priſe. On me fit ſigne de laiſſer
142 1083 936 1129 tomber le morceau de bois. J'eus peine
163 1124 936 1173 à en détacher mes bras, qui étoient de-
163 1172 952 1215 venus roides comme des barres de fer.
164 1213 940 1264 Bientôt je retombai en foibleſſe & ſans
166 1265 399 1301 connoiſſance.
208 1296 933 1354 On ne tarda pas à me rendre une ſeconde
159 1353 931 1400 fois l'uſage de mes ſens. Je regardai autour
161 1395 933 1445 de moi: on m'avoit étendu ſur de la cen-
159 1442 933 1488 dre chaude; j'étois entouré de bonnes gens,
160 1488 931 1535 qui me rendoient du fond du cœur tous
159 1531 930 1582 les ſervices qui étoient en leur pouvoir.
