1116 1854
757 1596 825 1643 s
188 153 953 207 J'ignorois leur langage; mais l'expreſſion
189 200 954 253 de la plus pure humanité me ſembloit
187 246 955 297 peinte ſur leur viſage en caracteres uni-
186 292 957 337 verſellement intelligibles. J'aurois bien voulu
185 334 955 384 ſavoir au juſte comment on m'avoit ſauvé.
185 382 956 430 J'appris au moins à qui j'avois cette obli-
185 426 955 478 gation: c'étoit à un beau jeune homme,
186 470 956 521 qui parcouroit le fleuve ſur un petit bateau,
187 517 957 565 quand il me trouva. On me le montra; &
186 561 958 609 je le reconnus à l'empreſſement particulier
189 607 968 654 avec lequel il me ſecouroit. Je compris,
189 652 960 701 par ſes geſtes, qu'il m'avoit trouvé peu loin
190 694 959 738 de l'endroit où nous étions, flottant ſur
190 740 961 788 l'onde au gré du courant, ſoutenu par la
190 784 961 833 branche que je tenois embraſſée. Quoique
190 830 962 880 je fuſſe ſans mouvement & ſans connoiſ-
195 873 960 922 ſance, il avoit jugé, à mon tein vermeil,
194 921 960 970 que je ne devois pas être mort; & ſans
195 966 964 1013 doute il étoit en cela moins ſtupide que
195 1011 963 1059 nos peuples, qui tous les jours enterrent
194 1056 962 1103 des noyés, dont le viſage eſt enluminé
193 1101 963 1146 d'un brillant coloris. Mon libérateur m'avoit
194 1145 962 1192 recueilli dans ſa nacelle, & porté à terre,
197 1190 963 1237 où l'on m'avoit, comme je l'ai dit, pendu
195 1236 963 1284 par les pieds, (ce qui n'étoit peut-être pas
200 1281 963 1326 fort ſain). En cet état, on m'avoit fait
200 1325 963 1373 rendre l'eau que j'avois avalée, & la con-
201 1370 965 1416 noiſſance m'étoit revenue. C'étoit au ſaut
199 1415 963 1463 de la cataracte que je l'avois perdue, abymé
201 1459 828 1506 dans une eau blanchiſſante d'écume.
199 1495 987 1554 Je demandai, par fignes, ſi l'on avoit
205 1550 971 1603 point vu paſſer ma chaloupe. On me con-
