1116 1854
119 145 913 202 duiſit alors gaiement ſur le bord du fleuve
143 200 910 246 où elle étoit arrêtée. Je fis entendre que
144 245 913 288 c'étoit moi qui l'avois conſtruite, & je com-
144 289 913 336 pris que l'on me complimenta beaucoup.
143 335 914 381 Un autre jeune homme me fit entendre
144 377 913 425 que c'étoit lui qui l'avoit trouvée. Toutes
145 423 914 472 mes proviſions étoient perdues; rien de
146 468 917 517 plus naturel, après le ſaut qu'elles avoient
147 515 919 561 fait. Je regrettois peu cette perte, & j'en
145 557 916 605 étois bien dédommagé par la ſtatue de
147 603 919 652 ma Julie, qui étoit reſtée au fond de la
145 648 918 697 chaloupe, inébranlable par ſon propre
126 694 922 742 poids, & qui, par ce poids même, avoit
113 738 919 786 empêché la nacelle de verſer. Cette chere
147 780 921 830 idole étoit en effet peſante, & j'avois peine
147 828 922 877 à la ſoulever. Je m'élancai ſur cette image
113 874 920 925 adorée, & je lui donnai mille baiſers. Je
148 919 921 968 priai qu'on la tirât de la chaloupe, & je la
148 961 715 1009 fis élever ſur ſon piédeſtal.
152 1010 939 1054 Quand ces pauvres gens virent ce ſimu-
150 1054 925 1097 lacre, ils demeurerent d'abord immobiles
151 1097 924 1146 d'extaſe; & tout - à - coup, comme s'ils
150 1140 924 1190 s'étoient donné le mot, ils ſe proſternerent
151 1187 918 1235 enſemble à ſes pieds, la face contre terre.
151 1232 927 1276 Enſuite ils ſe mirent à chanter & à danſer
153 1279 926 1325 autour de l'image, avec des geſtes groteſ-
150 1324 927 1370 ques, qui me firent beaucoup rire: elle fut
153 1367 927 1414 couronnée de fleurs, & portée reſpectueu-
152 1412 923 1461 ſement dans une maiſon, devant laquelle
134 1456 925 1507 j'avois été ſoigné. Cette maiſon étoit taillée
153 1503 926 1552 dans; le rou, dont la matiere me paroiſ-
149 1548 922 1596 ſoit tirer beaucoup ſur la nante de l'or;
