1116 1854
172 98 252 147 L“
188 142 966 201 même donna des marques de reſpect. Je
193 197 965 247 vis que ce peuple étoit idolâtre, & pre-
187 244 964 292 noit ma ſtatue pour une divinité; mais
192 291 965 337 j'étois enchanté des hommages qu'on ren-
183 334 965 381 doit à la figure de celle que j'adorois, &
186 380 963 426 à mon ouvrage. Le roi ordonna qu'on bâ-
183 424 966 471 t un temple à la nouvelle déeſſe; en
184 468 966 516 atendant qu'il fût conſtruit, on la logea
184 514 965 561 dans le plus beau fanctuaire de la ville.
183 556 967 605 On lui conſacra un autel, & je fus établi
193 605 967 652 prêtre de ma Julie. Qui pouvoit mieux
192 647 965 695 l'adorer que moi? O ma déeſſe! que n'étois-
182 694 688 742 je le prêtre de ta perſonnel
181 739 964 786 On me donna, dans le palais du roi, un
181 784 972 831 appartement magnifique, & je fus traité
191 829 965 876 avec la plus reſpectueuſe diſtinction. On
180 874 967 922 m'envoya un maître pour m'enſeigner la
180 919 963 969 langue du pays. Je fis ſous lui des progrès;
180 964 965 1010 mais l'amour me donna une maîtreſſe qui
177 1008 965 1056 m'inſtruiſit bien plus vîte. Cette perſonne
178 1054 966 1101 n'étoit pas moins que la fille du roi. Mal-
191 1098 964 1148 gré ſon air aſſez étranger pour nous, je
182 1142 966 1192 la trouvois ſinguliérement jolie. Elle étoit
180 1190 966 1237 d'une blancheur éblouiſſante; qualité com-
174 1234 966 1283 mune aux femmes de ce pays, qui n'unt
194 1278 966 1328 jamais eu le teint brûlé du ſoleil, par la
193 1325 964 1370 raiſon qu'elles n'ont jamais vu cet aſtre.
176 1370 967 1417 Almanzine, c'eſt le nom de cette belle
177 1413 965 1463 princeſſe, avoit ſur ſon viſage un air de
178 1457 966 1508 donceur, de candeur & d'innocence, qui
178 1502 966 1553 et nendu intéreſſants les traits lesplus com-
177 1549 964 1597 muns:: lle étit d'ailleur grande & faite
