1116 1854
100 149 928 209 à peindre. Nos regards ſe parlerent d'abord.
100 206 974 254 Je la vis rougir à mon aſpect, d'une pu-
101 251 974 299 deur adorable. Nous nous entendîmes dès
101 295 974 345 la premiere entrevue: je n'ai jamais été
101 341 974 388 un moment avec elle ſans la comprendre.
101 385 974 434 Ses yeux, ſes ſoupirs, le ſon de ſa voix,
101 431 974 478 tout étoit expreſſif & intelligible. Nous par-
101 477 974 524 lions d'abord chacun notre langue, ſans
101 521 974 568 nous en appercevoir. Il faut bien que cela
101 566 974 614 ſoit, puiſqu'au bout de deux mois il ſe
101 611 974 659 trouva qu'elle parloit François, & moi
101 656 975 705 Gnôme. Conſervons à ce peuple ce nom,
102 701 975 750 puiſque je le lui ai donné d'abord; car le
102 746 975 809 véritable nom de cet empire ſouterrain
102 788 675 838 étoit celui des Alfondons.
102 822 975 884 Oh! quels doux moments je paſſois uvec
102 881 975 929 ma chere Almanzine! Après Julie, elle
102 926 975 975 étoit ce que j'aimois le mleux au monde;
102 971 975 1020 & encore, ſi je n'avois pas eu conſtam-
102 1016 975 1065 ment ſous les yeux le portrait de ma pre-
102 1062 975 1111 miere amante, pour ſoutenir mon amour,
102 1106 976 1156 qui ſait ſi l'objet abſent n'auroit pas eu
103 1151 976 1204 tort auprès de moi? Pardonne, ma Julie!
103 1196 976 1243 On nous accordoit la plus grande liberté
103 1237 976 1290 de nous voir. Almanzine en profitoit; elle
103 1285 976 1336 venoit me trouver à chaque moment; le
103 1330 976 1381 plus ſouvent c'étoit dans mon temple, de-
103 1376 976 1426 vant l'image que j'encenſois. J'étois fort
103 1422 976 1472 ſenſible à l'amour de cette beauté royale;
103 1466 976 1515 mais la ſtatue de ſa rivale m'en impoſoit;
103 1512 976 1560 je ſemblois craindre mon ouvrage. Je ne
103 1556 977 1621 redoutoit pas moins les remords de na
164 1602 359 1640 conſcience.
