1116 1854
126 170 956 225 ſeroit payé en échange par des vivres &
126 222 955 270 autres denrées, le tout à leurs périls &
126 266 955 315 riſques; que la mine ne ſeroit point rou-
126 312 955 360 verte, & qu'il faudroit que le peuple ſou-
126 356 955 403 terrain tâchât de voiturer ſon or, & de
126 402 955 449 recevoir ſes proviſions par le fleuve. On
126 447 955 495 exigea ſur-tout que ce peuple redouté
126 493 955 540 n'envoyât pas plus de deux hommes pour
126 538 955 586 ce commerce, menacant de tuer tous ceux
126 583 955 632 qui excéderoient ce nombre. On ſavoit
125 627 955 677 qu'il étoit impoſſible de remonter l'eau;
125 673 954 720 mais on connoiſſoit, très-loin de là, l'ou-
125 717 954 765 verture par laquelle vous êtes entré, cher
125 759 954 811 Merveil; on y conduiſit le député, qui
125 806 954 855 ſe laiſſa emporter par le courant; il ar-
125 851 954 908 riva bientôt à la caſcade, & fut préci-
125 894 954 945 pité comme vous l'avez été. Abyme dans
125 941 954 990 l'eau comme vous, il perdit connoiſſance,
125 987 954 1050 roula au gré des flots, & fut vomi ſur le
125 1032 250 1079 bord.
125 1063 954 1125 “Des mineurs, en cherchant une iſſue
124 1122 954 1170 pour ſortir du ſouterrain, appercurent ce
124 1168 953 1216 cadavre & le reconnurent. Ils gémirent de
124 1212 953 1259 la mort de cet homme, ſur le retour du-
124 1256 953 1306 quel ils fondoient l'eſpoir de leur ſalut;
124 1302 953 1350 mais ils furent étonnés de voir que le cou-
124 1346 953 1396 rant ſupérieur du fleuve l'avoit ramené,
124 1392 953 1440 par une route oppoſée à celle qu'il avoit
124 1437 953 1485 priſe en les quittant; il ſembloit qu'étant
124 1480 953 1529 parti en deſcendant la partie inférieure du
124 1527 953 1573 canal, il auroit dû revenir en la remon-
123 1571 953 1624 tant. On réſolut de faire au moins de ma-
863 130 944 175 L.
