1116 1854
169 117 252 166 L.
124 170 978 225 gnifiques funérailles au héros malheureux
124 222 977 269 qui avoit gagné la mort pour ſauver ſes
124 268 977 315 compagnons; & l'on apprêtoit la pompe
124 311 977 359 funebre, qui devoit flatter au moins les
124 357 977 419 veux d'un peuple dont on ne pouvoit ſou-
124 401 448 454 lager la faim.
124 434 977 497 “Cependant la diſette des vivres aug-
124 487 977 540 mentoit, & l'on ſe trouvoit réduit à la plus
124 535 977 585 borrible famine. On avoit chargé un petit
124 582 977 631 negre affamé de garder le corps qu'on de-
123 627 977 675 voit enſevelir. La chair lui en parut fraî-
123 670 976 720 che. Il ſe trouva ſeul; &, regrettant que
123 715 976 765 les vers dévoraſſent une ſi belle proie, il
123 761 976 811 réſolut d'en manger ſa part. L'hiſtoire, qui
123 806 976 854 plaiſante peut-être en cet endroit, dit qu'en
123 852 976 900 effet il ſe mit en devoir d'en goûter, &
123 897 976 945 qu'il mordit d'abord la feſſe. Le cadavre
123 943 976 991 pouſſa un cri terrible; le negre tomba
123 988 976 1036 mort de peur. On accourt, on regarde:
123 1031 976 1079 le cadavre n'en étoit point un; il rendit
123 1074 976 1125 l'eau qu'il avoit priſe, & ſe leva: il fut
122 1121 976 1169 bientôt rétabli; ſa vie produiſit des tranſ-
122 1168 975 1215 ports de joie inexprimables. Il fit aſſembler
122 1214 975 1260 le peuple, & rendit compte de ſon voyage
122 1256 975 1306 & de ſa commiſſion. On décide qu'il fal-
122 1303 975 1351 loit promptement envoyer à la nation ſu-
122 1346 975 1397 périeure une grande barque chargée d'or,
122 1393 975 1442 afin de la mettre en état d'acheter des vi-
122 1440 975 1486 vres, & d'en fournir à la colonie ſouter-
122 1484 975 1531 raine. Le même homme fut chargé de con-
122 1528 975 1577 duire comme il pourroit ce tréſor, & de
121 1575 975 1628 ramener les proviſions qu'il obtiendroit en
