1116 1854
862 89 942 137 ae
146 143 924 191 échange. On conſtruiſit bien vîte une bar-
150 187 926 236 que, on la remplit d'or bien aſſujetti, pour
151 235 962 282 qu'il ne pût s'échapper. L'homme ſe revêtit
148 278 922 327 d'une eſpece de ſurtout de liege; il ſe re-
147 325 923 371 commanda à la providence, & s'abandonna
145 367 923 416 au courant. Il fit le ſaut, fut jeté, malgré
145 414 924 464 ſes efforts, loin de la barque, & s'échappa
141 459 924 507 à l'aide de ſon ſurtout. La barque elle-même
149 503 924 551 ne périt point; elle roula au gré des eaux,
151 549 926 597 & fut arrêtée à une chaîne qu'on avoit ten-
150 595 925 636 due à l'endroit où le fleuve ſortoit de deſ-
150 640 926 681 ſous la voûte. Le commiſſionnaire vint à
152 686 926 731 bout de rejoindre ſon bateau. Il fut bien
153 730 925 779 recu. Avec ſon or, on ſe procura prompte-
154 777 928 824 ment des vivres, dont on lui céda une par-
156 822 928 865 tie; mais il falloit les conduire à ſes com-
156 879 311 913 pagnons.
205 910 929 958 “Il n'y avoit pas deux voies; il étoit
155 957 926 1004 impoſſible de remonter le fleuve; il falloit
158 1002 928 1044 donc le deſcendre. Pour cet effet, ce com-
157 1047 929 1095 miſſionnaire fut obligé de faire voiturer
158 1092 928 1142 par terre ſes marchandiſes & ſa barque,
156 1138 934 1186 juſqu'à l'endroit par où vous êtes entré,
159 1183 933 1227 avec la riviere, ſous la voûte. Il aſſujettit,
155 1228 931 1274 le mieux qu'il put, ſes proviſions dans le
158 1273 931 1320 bateau, & il s'embarqua; il s'engouffra ſous
158 1318 933 1365 la roche, & ſuivit le courant. Il eſſuya mille
159 1363 932 1411 dangers dans ſa route; mais, comme il
162 1410 934 1457 avoit de la lumiere, il ſut éviter les en-
160 1453 945 1502 droits où la voûte abaiſſée auroit pu l'écra-
162 1497 949 1548 ſer. Tout le peuple qui l'attendoit, s'étoit
163 1541 934 1603 aſſemblé le plus près qu'il pouvoit de la
