1116 1854
835 94 890 136 L
95 143 883 192 cependant, comme ils avoient envie de peu-
122 190 881 234 pler, ils conſentirent à recevoir des femmes
128 235 892 282 telles quelles. On leur envoya des mal-
126 280 883 328 heureuſes dignes d'être renfermées. Le
121 325 886 369 pauvre Alfondor eut beſoin de toute ſa
120 369 888 418 patience & de toute ſon adreſſe pour les con-
118 416 890 457 duire dans la mine, en leur mettant à cha-
117 459 891 506 cune un ſurtout de liege. Pluſieurs perdirent
119 505 926 556 connoiſſance dans la chûte de la caſcade;
120 550 888 597 mais elles furent repêchées: on les fit ai-
98 595 890 644 ſément revenir à la lumiere, & aucune ne
119 641 893 689 ſe noya. Si elles n'étoient pas intactes,
122 687 892 734 elles étoient du moins toutes ſaines; au
123 733 893 779 bout de neuf mois chacune donna ſen
125 777 894 823 fruit. La troupe ſouterraine multiplia, &
125 822 895 869 forma bientôt une nation qui s'eſt agran-
128 865 895 915 die, & qui, ſans voir le ſoleil, eſt
127 912 898 957 peut-être une des plus heureuſes de ce
130 956 931 1018 globe. Je m'en rapporte à vous, mon cher
129 1004 369 1043 Merveil.“
176 1045 898 1094 Tel fut à peu près le récit du philoſo-
133 1092 898 1139 phe Gnôme. J'appris avec plaiſir l'origine
136 1137 899 1185 de cette nation; il ne me reſtoit plus qu'à
135 1182 902 1226 bien connoître ſa patrie. J'obtins bientôt
137 1225 906 1273 aſſez de confiance du gouvernement, pour
137 1270 906 1316 qu'il conſentît à me faire conduire par-tout.
139 1316 908 1366 Le pays n'a guere qu'une lieue & demie de
138 1360 905 1407 largeur; mais il a bien cinq à ſix lieues
141 1404 904 1450 de longueur. Le fleuve qui le traverſe, eſt
140 1449 904 1497 large de deux cents toiſes. Il coule preſqu'en
144 1492 903 1543 droite ligne dans tout le petit état: il eſt
145 1538 904 1583 même tiré au cordeau dans la ville; on le
241 1587 397 1622 Tome II.
