1116 1854
684 1614 783 1643 a
132 162 915 221 ire, & j'inventai pour eux l'horlogerie;
136 216 916 265 je dis que je l'inventai, parce que ce fut
143 265 916 311 de moi-même que je l'appris, n'ayant
140 310 915 356 jamais examiné une montre auparavant;
132 353 914 400 de ſorte que mes rouages ſe trouverent tout
131 397 915 446 différents de ceux que nous connoiſſons en
132 442 914 490 Europe. Avant moi ce peuple n'avoit pas
130 485 914 535 la moindre idée d'un art ſi utile; cette
137 532 912 589 ignorance venoit de ſa poſition ſous la terre
137 576 911 625 Nous avons commence par des cadrans
133 621 915 670 ſolaires; mais, dans leur mine, les Gnômes
133 667 911 714 ne voyoient pas le ſoleil. Ils avoient cepen-
136 711 912 758 dant une facon de marquer l'heure par le
133 757 908 804 moyen d'un cadran ſingulier. Ce cadran
133 799 911 846 étoit vivant; car c'étoit une jeune fille &
133 847 910 893 un jeune garçon. Il y avoit, au milieu de
133 889 910 939 la place publique, un piédeſtal, ſur lequel
130 936 908 986 on poſoit une jolie fille, la gorge nue.
132 981 916 1028 Un jeune homme appuyoit ſa main ſur le
133 1026 909 1072 cœur de cette belle; il en comptoit tout
132 1071 907 1118 haut les battements. Chaque battement
130 1115 907 1163 revenoit à ce que nous appellons une ſe-
131 1160 908 1208 conde. Je goûtois aſſez de pareilles horloges:
136 1205 907 1250 on ſent que c'étoient des filles de mauvaiſe
135 1249 906 1295 vie & des libertins, qu'on plaçoit ſur le
133 1294 909 1343 piédeſtal; car ſi l'on eût choiſi des filles
139 1339 906 1385 modeſtes, pour leur poſer ſur la poitrine
139 1384 905 1430 la main de leur amant, le cœur leur auroit
136 1429 902 1477 battu trop vîte. Quoi qu'il en ſoit, cet uſage
140 1472 902 1529 étoit gai dans ſa bizarrerie; & j'ignore ſi
142 1518 903 1565 tout le monde me ſut bon gré d'avoir
129 1559 903 1600 ſubſtitué mes horloges artificielles à ces
138 1608 441 1645 cadrans naturels.
