1116 1854
180 103 272 149 Le
207 154 974 202 Adorez, la lumiere va paroître; & la lumiere
198 201 976 246 parut. On m'ôta le pied de deſſus la tête;
205 245 976 293 je levai les yeux, je les baiſſai ſoudain,
199 289 974 337 confondu par le grand jour: je les relevai
199 335 975 382 bientôt, & par degrés je parvins à ſoutenir
170 380 972 426 les rayons du ciel. J'étois dans un édifice im-
199 425 971 467 menſe & circulaire, couronné d'une voûte
205 468 972 516 ſemblable à celle du Panthéon, mais beau-
200 515 970 559 coup plus haute. Le tout étoit d'or poli
205 560 1001 606 comme un miroir, tant le parquet, que la
203 605 967 652 voûte & les murailles. Ce temple étoit une
204 650 968 697 rotonde d'or. La voûte, percée au milieu,
203 694 969 739 laiſſoit voir le ciel & le ſoleil, qui paſſoit
202 738 968 786 devant l'ouverture circulaire. On ſent quel
200 784 965 832 effet ce ſpectacle devoit opérer ſur des gens
201 829 964 875 qui, accoutumés à vivre à la lueur des
199 875 965 921 lampes, croyoient ſurnaturel cet éclat
199 918 962 964 extraordinaire. Il ſe multiplioit par le poli
200 964 962 1010 des murs, qui ſembloit mettre en feu tout
199 1007 961 1054 l'édifice. Des miroirs, poſés au deſſus de
168 1055 961 1101 l'ouverture de la voûte, comme ceux d'un
166 1098 960 1146 optique, peignoient dans leur ſein les objets
196 1142 959 1190 extérieurs, & faiſoient voir une perſpective
195 1188 959 1234 immenſe & champêtre, qui devoit entourer
196 1233 959 1279 ce lieu. Tous ces objets formoient un ſpec-
195 1277 959 1323 tacle intéreſſant pour tout le monde, &
193 1322 682 1367 raviſſant pour des Gnômes.
241 1368 956 1415 Le grand-prêtre dit: Adorez la face de
191 1410 954 1458 votre Dieu. Je vis qu'ils prenoient le ſoleil
191 1457 983 1508 pour Dieu même. Une voix cachée parla
191 1501 984 1549 au nom de la Divinité; & les Gnômes au-
188 1546 947 1594 roient juré que c'étoit le ſoleil lui-même
