1116 1854
717 1615 791 1650 LC
861 104 943 172 L
155 163 934 223 e ſe préſentoit.) Je ne pus m'empêcher
161 220 930 267 de rire, en ſongeant que de malheureux
161 263 930 313 mineurs, enſevelis ſous la terre, privés
159 309 928 370 de l'aſpect du ciel, s'en croyoient le peu-
161 357 331 404 ple chéri.
146 399 930 446 Cependant ils me firent bien vîte ceſ-
157 445 933 489 ſer de rire. Je les entendois autour de moi
158 490 934 537 dire aux prêtres: C'eſt ce malheureux
158 534 932 582 “étranger qui nous a attiré la colere de
159 581 928 627 “Grondinabondo: croyez-vous que ſon
157 625 927 673 “ſang appaiſe la Divinité? “ Ma vie dé-
158 670 929 717 pendoit de ces faints miniſtres. Heureuſe-
157 714 929 762 ment ils ſe contenterent de répondre: At-
158 763 606 808 tendez l'ordre du Seigneur.
197 804 931 852 Celui qui m'avoir conduit au temple
161 851 930 897 me reconduifit chez moi. Il paroiſſoit me
160 895 930 941 haïr moins que les autres. En chemin il
159 940 929 986 me diſoit à l'oreille: „Malheureux! n'êtes-
159 985 928 1032 “vous pas frappé du ſpectacle que vous
160 1031 929 1077 “avez vu? Pouvez-vous ne pas craindre
159 1073 929 1121 “un Dieu irrité contre vous, & qui vous
160 1120 930 1167 “annonce lui-même ſa colere? Changez de
159 1165 945 1210 “conduite; reſpectez l'Eternel dans ſes
162 1209 930 1256 “prêtres; ſi non le peuple, ſur qui vous
161 1255 931 1301 “attirez ſon courroux, vous facrifiera fur
162 1299 954 1347 “ſon autel.“ Je vis que le bon homme
158 1345 931 1392 avoit cru me faire beaucoup de peur avec
159 1390 931 1438 ſon orage. Je le remerciai le mieux que je
131 1434 930 1482 pus de ſes avis. Quand je fus rentré chez
142 1479 930 1527 moi, le roi me dit: „Cher Merveil, fai-
161 1524 933 1571 “tes réflexion, je vous prie, à ce que
142 1569 922 1611 “vous avez vu, & laiſſen-vous toucher.
