1116 1854
143 181 995 230 ſon, me conjurant à mains jointes de vou-
143 227 994 276 loir bien l'avaler. On ſent que je refufai
143 271 994 320 conſtamment. „Hé bien, dit-elle, je vais
143 318 994 365 “te donner l'exemple.“ Elle alloit boire
143 362 994 419 intrépidement; je lui fis voler la taſſe des
143 409 284 451 mains.
143 450 994 502 Elle m'entraîna vers le roi ſon pere,
143 495 994 545 qu'elle pria de ſe joindre à elle, pour
143 540 994 595 m'engager à m'empoiſonner. „Faites - lui
143 586 994 636 “ce petit plaiſir, me dit le monarque,
142 631 994 679 “d'un air aiſé, comme s'il eût été queſtion
142 674 993 723 “de la choſe la plus ſimple; elle va vous
142 719 993 767 “en donner l'exemple.“ Je frémis de
142 758 993 816 Pidée de ſa mort. Non, m'écriai-je avec
142 808 993 857 feu, je ne le ſouffrirai pas.“ Le roi ſou-
142 855 993 902 rit, & me dit à l'oreille: „Eh! mon
142 898 993 952 “enfant, êtes - vous ſi ſimple que cela?
142 941 993 995 “ne voyez-vous pas que ce poiſon n'eſt
142 989 993 1038 “qu'un ſoporatif très-doux? me croyez-
142 1033 993 1082 “vous capable de laiſſer mourir ainſi ma
142 1076 993 1127 “fille de galeté de cœur? Vous ſentez
141 1123 993 1170 “bien que cette idée d'empoiſonner & de
141 1167 992 1217 “de reſſuſciter les gens, eſt un préjugé
141 1213 992 1261 “qu'on laiſſe ſubſiſter, parce qu'on en tire
141 1256 992 1308 “parti. Les honnêtes gens ſavent à quoi
141 1303 992 1352 “s'en tenir. Au reſte, vous verrez de drô-
141 1348 992 1396 “les de choſes; c'eſt vraiment une par-
141 1392 992 1440 “tie de plaiſir.“ Il n'en fallut pas davan-
141 1437 992 1487 tage pour me faire conſentir à tout. „Je
141 1483 992 1529 “ſuis prêt, dis-je tout haut.“ Almanzine
141 1527 992 1578 me ſauta au cou, & m'embraſſa de joie.
140 1569 992 1628 Les prêtres entrerent; ils ſe rangerenr
881 121 960 177 .
