1116 1854
857 125 936 176 L
144 184 922 232 dans quelque cuve profonde, pour nous
147 229 921 276 faire imaginer que nous paſſions à travers
144 274 918 323 la profondeur de l'eau. Je ſavois à quoi
140 320 919 365 m'en tenir; mais Almanzine croyoit fer-
139 366 923 411 mement que nous parcourions ſucceſſive-
137 410 921 456 ment tous les pays qu'on nommoit; & que
136 453 920 500 nous deſcendions réellement, depuis un
137 498 919 540 mois, dans les entrailles de la terre. Il ne
136 540 918 598 m'étoit pas permis de la détromper, &
136 586 426 631 j'en étois ſaché.
181 632 921 680 Enfin nous arrivâmes dans un lieu que
135 677 916 730 les Gnômes appellent le Tamner, & qui
138 722 924 771 eſt comme une eſpece de purgatoire; ils
137 765 920 810 y enfermoient leurs criminels, en leur
138 809 919 857 faiſant accroire qu'ils étoient morts, pour
138 853 914 902 s'épargner la peine de leur arracher la vie.
140 897 917 945 Il n'y a dans ce triſte ſéjour aucun ſoup-
142 946 919 990 çon de lumiere, & l'on me permettra de
140 989 928 1037 donner à ſes habitants le nom de peuple
146 1034 918 1081 Taupe, pour les diſtinguer du peuple
139 1078 920 1126 Gnome, chez lequel du moins on jouit de
136 1121 919 1170 la clarté des lampes. On perſuade à ces
142 1168 915 1215 honnêtes gens qu'ils ſont là en purgatoire
145 1214 915 1257 Le mot Tamner veut même dire, dans la
143 1257 922 1305 langue de ce pays, lieu d'expiatdon. Il y
143 1302 920 1347 a un Tamner pour les hommes, & un au-
142 1347 917 1394 tre pour les femmes. On ne veut point
140 1392 918 1439 qu'ils communiquent enſemble, parce qu'ils
141 1438 919 1483 pourroient peupler; & comment nourrir
144 1481 932 1526 tout ce monde? Mais on laiſſe, de tempe
144 1525 921 1573 en temps, les meilleurs & les plus ſains
144 1567 918 1619 de ces honmes taupes, s'unir avec des fem-
