1116 1854
169 111 249 156 ye
185 157 959 208 ſpectacle, & ſon plaiſir devint plus calme,
186 205 963 251 ſans être moins délicieux. Elle regardoit
188 250 961 292 autour de nous, elle admiroit tout, les
188 295 968 342 feuilles & les fleurs, le gazon qu'elle
186 339 961 385 fouloit, les oiſeaux qui chantoient. Elle ſe
140 384 961 432 pencha ſur l'eau pure du ruiſſeau; elle
192 430 961 477 y vit ſon image, & elle me regarda ten-
191 475 961 523 drement. A chaque objet qui la frappoit,
194 518 961 568 à chaque plaiſir qu'elle éprouvoit, il y
192 566 819 612 avoit toujours un regard pour moi.
239 610 962 646 Almanzine étoit raviſſante dans ce bo-
191 654 961 702 cage où tout inſpiroit la volupté. Je ne
196 700 962 743 ſais ſi ma Julie m'embraſa jamais d'autant
193 744 963 791 de feux. Je reconduiſis cette belle Gnô-
197 790 964 836 mide dans le cabinet de verdure; je l'éten-
197 836 965 882 dis ſur le lit de fleurs; elle dut voir dans
197 880 964 927 mes yeux l'impreſſion des deſirs les plus
196 923 964 969 dévorants. J'avois toujours été fort reſ-
196 969 966 1019 pectueux devant elle; ſon ſexe & ſon rang
197 1015 965 1071 m'impoſoient la plus grande réſerve; mais
199 1059 964 1105 là, je ne fus plus maitre de l'ardeur qui
199 1104 966 1150 me conſumoit, & je haſardai quelques
198 1149 968 1197 careſſes un peu hardies. Je m'attendois à
198 1193 967 1241 être foudroyé de ſes regards; je les vis ſe-
199 1239 968 1287 reins, & même reconnoiſſants. Elle ſe
200 1284 968 1331 félicita de l'honneur que lui avoit fait le
199 1328 992 1374 dieu Grondinabondo, de la choiſir pour
200 1375 970 1422 contribuer à mon bonheur; &, voyant que
202 1419 969 1466 je recevois toutes ſes faveurs comme des
202 1463 971 1513 graces: „Ah, mon cher ami, me dit-elle,
202 1508 971 1554 “vous êtes bien bon de me ſavoir gré de
198 1553 971 1605 “ce que je conſens à ma félicité! J'étois
802 1593 970 1642 “obligée
