1116 1854
242 1608 520 1657 Tome II.
621 1608 814 1655 D
127 168 896 227 “obligée de contraindre mes deſirs dans
129 223 896 268 “l'autre monde; mais ici, c'eſt le ſéjour
125 267 898 316 “des récompenſes & de la volupté. Nous
127 314 889 362 “jouiſſons du pur commerce des ames.“
124 356 896 407 C'étoit là le nom qu'elle donnoit aux vo-
123 402 901 452 luptés phyſiques dont je m'enivrois avec
122 448 898 497 elle. La pauvre enfant! elle ne me refuſoit
119 495 896 538 rien; &, en m'accordant tout: „comme
125 539 896 587 “tout cela paroîtroit drôle, diſoit-elle, ſi
124 583 912 631 “j'étois encore en vie! avec quelle peine
123 628 906 677 “je ſerois obligée de réſiſter! Mais ici plus
119 674 919 717 “de contrainte.“ Elle ſe livroit donc à
122 719 897 767 toutes mes careſſes; & ſi de temps en
127 765 903 811 temps, uniquement par une habitude de
125 808 896 855 pudeur, il lui échappoit un ſoupçon de
128 854 896 902 réſiſtance, elle m'en faiſoit ſur le champ
128 898 900 943 ſes excuſes, rejetant cela ſur le malheur
127 942 904 991 qu'elle avoit d'être encore trop récemment
129 989 897 1034 privée de ſon corps. Quels moments! ah,
129 1033 906 1082 grand Dieu! Ce plaiſir que je lui donnois
130 1079 904 1126 étoit auſſi nouveau pour elle, que celui
125 1123 900 1169 de la lumiere. Il fut auſſi adorable pour moi
128 1166 909 1215 que pour elle. J'étois hors de moi: je
132 1212 902 1260 m'écriois tout haut, ma chaire Almanzine!
134 1259 915 1307 Et je diſois tout bas en moi-même: par-
134 1305 421 1347 donne, ma Julie.
180 1347 907 1395 Tandis que nous étions dans l'enchan-
134 1395 906 1441 tement, une muſique enivrante, qui ſe fit
135 1441 907 1483 entendre autour de notre berceau, ralluma
135 1484 906 1532 chez nous le flambeau de la volupté,
135 1526 905 1574 malgré les rayons du jour, qui ſembloient
127 1572 906 1616 devoir le bannir. Nous nous levâmes enfin;
