1116 1854
146 164 912 212 “entiere; & nous nous diſputons la gloire
150 209 912 254 “de ſervir à leurs paſſe-temps. Ce petit
148 251 917 300 “délaſſement leur eſt trop dû, pour toutes
146 299 922 346 “les fatigues qu'ils eſſuient continuellement
144 342 918 389 “chez nos freres les vivants.“ Oh! les
132 388 912 436 fourbes! me diſois-je en moi-même, avec
133 433 914 481 leur pur commerce des ames, ils faiſoient
149 479 418 522 des enfants.
192 518 916 571 J'avois des converſations réguliérement
147 570 914 616 tous les matins avec ma dévote, & elle
148 613 917 661 continuoit de m'enſeigner tous les uſages
149 658 916 705 de ce charmant Eliſée. Je lui demandai ce
149 703 918 751 que ſignifioient pluſieurs décorations qu'elle
149 748 917 796 portoit, & qui reſſembloient à des marques
152 794 920 838 de dignité. „Ces trois rubans que vous
150 838 915 884 “me voyez, dit-elle, annoncent que trois
150 881 922 929 “prêtres ont daigné viſiter la nuit leur
150 927 919 974 “très - humble ſervante. Ces trois petits
151 973 918 1028 “cordons, qui bordent chacun d'eux,
152 1017 922 1064 “font connotre que ces glorieux amants
152 1062 919 1109 “m'ont honorée, chacun trois nuits, de
153 1106 923 1153 “leurs complaiſances; & les trois points,
154 1151 920 1198 “dont ces rubans ſont marqués, indiquent
153 1196 921 1241 “qu'ils ont bien voulu s'oublier avec moi
152 1240 921 1285 “trois fois chaque nuit. Les petits trous
151 1284 925 1332 “déſignent les embraſſements des laïques
151 1332 920 1379 “morts comme moi. Cette couronne que je
151 1375 921 1422 “porte, annonce que le grand-prêtre, lui-
152 1418 924 1466 “même, a daigné laiſſer tomber ſur ſa
152 1464 925 1513 “plus humble ſervante, ſes auguſtes fa-
154 1506 927 1554 “veurs. Le ciel n'a pas voulu qu'un fruit
152 1551 924 1590 “deſiré couronnât les embraſſements ſa-
845 107 920 154 L
707 1597 786 1643 Da
