1116 1854
178 132 258 181 a
193 186 972 235 “crés de ce ſaint perſonnage: les années
191 233 970 280 “accumulées ſur ſa tête ne l'ont pas per-
193 278 965 325 “mis; ſans cela, tout cet empire me re-
194 322 965 368 “connoîtroit pour ſa ſouveraine; mais au
195 369 968 414 “moins je porte autant de marques de
195 410 967 459 “dignité que les plus honorées de mes
195 467 968 504 compagnes, comme vous pouvez vous
195 503 967 548 “en aſſurer par vos yeux; & je puis me
192 548 967 593 “flatter que mes enfants occuperont les
194 592 786 640 “premiers trônes du monde.“
249 637 966 685 Qu'appellez - vous vos enfants? lui
195 682 962 728 “dis - je. -- Oui, répondit-elle, j'en ai
196 727 966 773 “eu trois du commerce dont noſſeigneurs
196 772 962 818 “les prêtres m'ont honorée; & vous devez
195 816 969 863 “ſavoir que tous les enfants qui naiſſent
182 862 965 909 “de nos ſaints pontifes avec nous, ſont
196 905 964 953 “remis à des étrangers vivants, pour aller
195 951 962 997 “occuper tous les trônes de l'univers. --
185 996 964 1042 “Mais, puiſque vous êtes morts, lui dis-je,
193 1040 961 1087 “comment pouvez-vous faire des enfants?
185 1085 964 1131 “ce ne ſont donc que des ombres comme
193 1128 968 1177 “vous? -- Oh! me répondit - elle,
194 1175 961 1222 “noſſeigneurs les prêtres étant vivants,
192 1220 962 1265 “viennent ici en corps & en ame: leurs en-
196 1265 963 1312 “fants ont un corps au moins de leur part,
193 1310 963 1356 “mais de leur part ſeulement; ce qui ne
192 1353 963 1401 “forme réellement qu'un demi - corps;
193 1400 962 1445 “c'eſt-à-dire, une ſubſtance plus pure &
195 1444 963 1491 “plus vaporeuſe que celle des hommes or-
194 1488 962 1534 “dinaires. Ce ſont des eſpeces de demi-
194 1534 961 1580 “dieux, que les vivants adorent. Quant aux
195 1577 960 1625 “enfants que nous avons des hommes morts
