1116 1854
852 121 926 153 Lr
111 162 984 222 d'une iſſe ou d'un cap? c'eſt ce que j'ignore.
111 215 983 266 La mer préſentoit un bel aſpect. Je vis
111 258 983 311 beaucoup d'iſles voiſines qui s'élevoient au
111 306 983 359 deſſus de l'eau, comme autant de bouquets;
111 351 983 400 mais je n'appercus pas un ſeul vaiſſeau.
111 394 983 446 Jai toujours aimé les hauts lieux; mon
111 438 983 493 ame ſemble s'y étendre avec la perſpective.
111 483 983 534 Je paſſai pluſieurs heures à jouir de celle-
111 530 983 580 ci. L'appétit m'obligea enfin de quitter ce
111 573 983 626 beau ſpectacle. Je redeſcendis avec autant
110 620 983 674 de peine que j'étois monté. Je regagnai le
110 664 982 715 logis, où je trouvai Almanzine toute en lar-
110 709 982 761 mes, qui trembloit qu'il ne me fût arrivé
110 754 982 809 quelque malheur. „Il n'y en a point, lui
110 799 982 850 “dis-je, à redouter dans ce ſéjour. Crai-
110 845 982 901 “gnez-vous qu'on ne me tue? ne ſuis-je
110 888 982 943 “pas mort, ſelon vous? -- Cela eſt vrai,
110 932 982 986 “me répondit-elle en eſſuyant ſes larmes;“-
110 976 657 1031 & je lui donnai un baiſer.
110 1019 982 1075 Je trouvai le roi, qui étoit venu dîner
110 1066 982 1122 avec nous; il eſt le ſeul des laïques qui
109 1111 982 1172 ait le privilege d'entrer dans ce ſéjour, ſans
109 1154 981 1212 eſſuyer la cérémonie de la prétendue mort;
109 1200 981 1254 mais il ne ſe ſoucie pas beaucoup de jouir
109 1246 981 1300 de cette prérogative, parce que, comme
109 1290 981 1348 ce lieu eſt l'empire des prêtres, il s'y trouve
109 1335 981 1392 au deſſous du plus ſimple preſtolet. Cepen-
109 1380 981 1435 dant nous obtînmes de lui qu'il reſtât avec
109 1426 981 1480 nous quelques jours. Je ris bien avec lui
109 1471 981 1522 des préjugés de ces morts, de toutes ces
109 1515 981 1566 prétendues ombres, parmi leſquelles il y
108 1559 981 1617 en avoit de fort épaiſſes. Sa fille me de-
687 1602 807 1657 D
