1116 1854
148 167 928 215 pect qu'on avoit pour eux, ne permettoit
147 212 922 259 pas d'épier leurs démarches; & d'ailleurs
146 255 920 302 il défendoient, fous peine de retourner à
144 301 921 347 la vie, d'approcher d'eux pendant la nuit.
143 345 925 392 Alors, chaque mort s'éloignoit reſpectueu-
141 391 922 437 fement, dès qu'il les entrevoyoit. Je me fis
140 436 920 493 en ſecret un habir de prêtre, dont je m'af-
140 480 924 527 fublois queueſois dans l'obſcurite. Grace
146 526 921 573 à ce vêtement, le peuple fuyoit à mon
144 570 922 618 aſpect, & je rodois à mon aiſe de tous
142 615 921 663 côtes pour faire mes obſervations. Enfin,
145 660 921 709 je découvris un ſoir un prêtre qui s'eſqui-
145 705 924 753 voit; je le ſuivis ſans qu'il s'en appercût.
146 749 921 798 Je le vis ſe gliſſer adroitement dans une
147 794 922 844 fente qui étoit au pied d'un rocher, & que
148 841 942 888 des feuillages couvroient ſi bien, que j'eus
147 886 919 932 de la peine à la trouver, après y avoir vu
154 930 646 976 moi-même entrer le prêtre.
198 956 922 1021 Au bout d'une heure ou deux, j'allumai
153 1020 923 1068 une petite lanterne ſourde, & je m'enga-
151 1065 924 1113 geai moi-même dans l'ouverture du roc
153 1108 921 1158 J'atachai à l'entrée un fil; pour ne pas
154 1155 923 1202 m'égarer; & je m'enfoncai ſous la voûte,
153 1201 926 1245 en défilant mon peloton. Je m'avancai
155 1242 922 1291 dans un labyrinthe de détours entortillés,
153 1289 923 1336 s'il en fut jamais, où je me ſerois perdu
152 1334 922 1382 mille fois, ſans mon fil ſecourable. Je par-
141 1379 925 1426 vins bientôt à un petit foſſé très-profond,
153 1424 924 1471 mais peu large. Je trouvai là une planche
154 1469 923 1516 qui me ſervit à le paſſer, & j'allai en avant.
156 1515 923 1561 A peine avois-je fait quelques pas au-delà
154 1560 923 1607 du foſſé, que j'entendis tout-à-coup, au-
700 1605 786 1646 DD
858 108 944 161 t
