1116 1854
184 115 248 147 ss
181 166 958 213 ſur le cœur même. Je reconnus, dans ſa
153 211 963 257 facon de voir progreſſivement, toutes les
183 254 960 301 nuances que j'avois lues dans des récits
183 299 960 347 d'aveugles-nés, à qui l'on avoit donné la
182 345 952 389 vue. En un mot, je lui appris à voir, &
186 389 961 435 ce fut l'ouvrage de pluſieurs ſemaines. Je
183 434 949 481 la conduiſis par degrés, d'une foible lu-
183 479 962 524 miere à une plus conſidérable. Il étoit inu-
178 524 967 571 tile d'abord de lui montrer des perſpectives
179 568 961 615 bien étendues; cela ne la frappoit nulle-
186 614 995 658 ment; elle ne diſtinguoit point les diſtan-
187 659 961 705 ces, & elle croyoit que tout la touchoit,
183 704 958 749 ou plutôt qu'elle pouvoit porter par-tout la
186 747 961 786 main. Enfin elle commenca à diſcerner les
185 792 959 839 objets. Je fus le premier qu'elle ſut re-
187 836 960 883 connoître. „Ah! cette figure-là, dit-elle,
188 882 958 929 “eſt vivante, tout le reſte eſt mort. On
188 927 960 975 “peut ſe laſſer de tout, mais jamais de
190 971 959 1016 “cela.“ Je l'embraſſai; mes yeux de-
187 1016 959 1065 voient être expreſſifs. „C'eſt une ame qui
191 1059 960 1107 “parle, s'écrioit-elle, la mienne lui ré-
189 1104 959 1152 “pond.“ Je la menai ſur le bord d'un
187 1149 960 1195 ruiſſeau, je lui fis voir ſon viſage dans le
188 1195 961 1242 courant. „ Quelle eſt cette autre ame,
188 1239 960 1284 “s'écria-t-elle à cet aſpect? - C'eſt vous-
188 1285 960 1333 “même, lui répondis-je. C'eſt une image
189 1329 961 1378 “qui vous repréſente.“ Elle me regarda
189 1374 960 1420 tendrement, & ſes yeux me demanderent
188 1418 999 1464 ſi je la trouvois bien: les miens lui répon-
188 1464 959 1511 dirent que je la trouvois adorable. Je la
188 1509 958 1553 laiſſai pluſieurs jours dans le cabinet de
188 1552 958 1603 verdure. Il falloit me partager entre mes
