1116 1854
140 154 1029 209 “Juge. La fin du monde eſt arrivée.“ Elle
140 202 1028 255 dit, & reſta immobile & preſque évanouie,
140 246 1028 295 le viſage caché dans mon ſein. Elle re-
140 292 1028 341 grettoit amérement l'état paiſible où elle
140 338 1028 387 vivoit dans l'ombre, & le préféroit au mal-
140 379 1028 431 heur d'exiſter ſous un ciel ouvert & capri-
140 427 1028 492 cieux, qui vomit ſans ceſſe les eaux, les
140 469 698 533 ſeux, la mort & le ravage.
258 502 1028 566 Tous les effets de la nature, auxquels
140 545 1028 610 nous ne penſons point, la frappoient d'une
139 607 1028 655 maniere qui m'étonnoit à chaque moment,
139 650 1027 700 & me rendoit ſurpris de ſa ſurpriſe. La
139 696 1027 745 grêle lui parut un déluge de pierres lan-
139 742 1027 789 cées du ciel pour l'aſſommer. Un peu de
139 786 1027 833 neige qu'elle vit tomber ſur le haut d'une
139 831 1027 879 montagne, l'étonna ſans l'effrayer. Je la
139 876 1027 924 menai dans une glaciere, où j'eus une peine
139 921 1027 967 inconcevable à lui perſuader que la glace
139 962 1027 1013 étoit de l'eau. Je lui expliquois tous les phé-
139 1010 1027 1056 nomenes qui s'offroient à nos yeux. Je lui
139 1053 1027 1103 faiſois comprendre la nature; mais je ne l
138 1096 1027 1147 réconciliois pas toujours avec elle. Les cou-
138 1144 1026 1192 leurs des feuilles, des fleurs, des gazon
138 1188 1026 1237 lui plaiſoient; elle goûtoit auſſi celles des
138 1234 1026 1282 nuages du matin & du ſoir, & les nuances
138 1279 1026 1327 de l'arc-en-ciel; mais elle conſervoit tou-
138 1324 1026 1372 jours un amour particulier pour la nuit
138 1364 1026 1415 Elle aimoit paſſionnément les étoiles, &
138 1412 1026 1462 ſur-tout la lune; & je la plongeois dans
138 1456 1026 1507 l'extaſe, quand je lui donnois quelque
138 1502 1026 1552 connoiſſance aſtronomique des cieux. J'étu-
137 1547 1026 1595 iois moi-même la nature, en la faiſant
