1116 1854
116 168 892 214 connoître à cette belle éleve; & en ob-
117 213 892 261 ſervant l'impreſſion que ſes effets produi-
119 258 893 305 ſoient ſur elle, j'étois, à mon tour, frappé
118 304 891 349 de mille choſes merveilleuſes, auxquelles
119 348 894 395 l'habitude nous rend inſenfibles, & que je
118 394 897 440 n'aurois peut-être pas ſenties, ſi je n'avois
117 438 746 485 eu ſous les yeux ma jeune adepte.
169 483 897 531 Cependant Almanzine s'inquiétoit de mes
123 527 895 576 abfences, dont elle ignoroit la cauſe. Je lui
119 572 906 618 menai Tatonille; elles furent réciproque-
122 617 895 665 ment ſurpriſes à la vue l'une de l'autre. Elles
122 663 891 709 s'admirerent mutuellement. Almanzine de-
125 708 900 755 manda à ſa rivale laquelle figure lui plai-
124 751 899 801 ſoit davantage de la ſienne ou de la mienne.
104 798 900 844 „Ah! princeſſe, lui répondit la jeune
124 843 904 889 “ingénue, vous êtes un ange, mais notre
108 886 904 924 “ami eſt un homme.“ Elles s'embraſſe-
128 931 904 981 rent toutes deux; & voilà un couple d'amies
128 975 507 1025 juſqu'à nouvel ordre.
176 1023 902 1071 Je paſſai quelque temps dans cette vie,
131 1065 906 1113 qui avoit en vérité bien des délices. Je
132 1112 903 1161 n'étois pas fâché, me trouvant dans l'âge
114 1157 906 1206 des plaifirs, de goûter tous ceux qui ſe
133 1202 907 1249 préſentoient. La danſe, les ſeſtins, les par-
136 1247 918 1295 tes de toute eſpece varioient mes journées.
135 1291 906 1336 Les plus doux amuſements étoient ceux de
135 1334 906 1385 l'amour. Je voltigois entre Almanzine &
137 1372 907 1427 Tatonille, mes deux principales favorites;
138 1425 907 1473 mais d'ailleurs, les plus jolies mortes de ce
135 1467 907 1521 ſéjour céleſte paroiſſoient très-flattées quand
137 1513 908 1558 je recherchois leurs faveurs; & elles ſe
134 1560 909 1614 ſeroient fait un très-grand ſcrupule de me
825 123 887 156 L
