1116 1854
105 164 889 214 parer; c'eſt-à-dire, ramener Almanzine
107 206 889 254 dans le ſéjour des vivants, & laiſſer Ta-
106 252 888 303 tonille dans celui des morts; mais je vou-
103 294 883 349 lois conſerver la jouiſſance de l'une & de
107 338 886 394 l'autre. Pour en venir à bout, je réſolus
106 383 887 439 d'entrer dans l'état de la prêtriſe. Je concus
108 434 886 482 que, par ce moyen, j'aurois l'avantage
109 474 885 527 d'aller & venir librement d'un monde à
107 518 894 572 l'autre, & de poſſéder la blonde dans l'un,
112 564 893 618 & la brune dans l'autre: projet coupable,
108 608 760 663 ſur-tout dans un amant de Julie.
98 658 890 701 Je parlai de cette idée à l'un des bienheu-
111 704 892 752 reux miniſtres de la religion des Gnômes,
114 746 886 797 qui me dit: „Pour être prêtre, il faut être
115 792 890 845 “vivant, & vous êtes mort.“ Je lui ré-
112 836 893 888 pondis que j'étois en état de prouver in-
115 882 896 932 conteſtablement que j'étois vivant; que
113 923 890 977 d'ailleurs il ſuffiſoit de me reſſuſciter avec
115 970 896 1022 Almanzine, qui y conſentit. Ce ſéjour com-
116 1018 896 1067 mencoit à lui peſer, parce qu'elle y voyoit
117 1058 896 1111 ſa rivale; elle s'ennuya de la mort, & de-
117 1106 898 1154 manda qu'on nous rendît à la vie. On nous
117 1149 900 1201 fit encore eſſuyer, pour notre retour, des
117 1193 900 1247 cérémonies bizarres. Il fallut prendre une
117 1239 899 1292 ſeconde fois la potion ſoporique. Je ſavois
117 1286 880 1336 le vrai chemin; mais il ne me fut pas per-
117 1331 900 1380 mis de détromper Almanzine. Nous fûmes
117 1378 884 1426 environ ſix heures-en route; il n'y avoit
117 1424 882 1471 qu'un quart d'heure de chemin; ma maî-
119 1466 887 1516 treſſe crut avoir voyagé au moins quatre
118 1511 881 1561 mois, & nous arrivâmes bien éveillés.
151 1552 883 1615 Je retrouvai à mon retour dans la mi-
818 115 897 164 L
