1116 1854
241 1584 416 1630 ſone Il.
118 158 902 208 “nelle, qu'il dit être l'œil de Dieu même,
118 206 894 252 “avance ſur la tête des hommes dans l'im-
122 248 895 297 “menſité de l'eſpace, & fournit un jour
122 295 894 342 “brillant, auprès duquel des millions de
118 339 894 385 “flambeaux ne ſont qu'une étincelle; où
125 382 897 431 “la voûte ſublime, azurée, ne pourroit
126 430 901 476 “être touchée par des millions de pyra-
128 473 894 517 “mides élevées l'une au deſſus de l'autre,
130 519 897 565 “dans les ſiecles des ſiecles. Pour me
129 562 897 611 “peindre ce beau ſéjour, il m'étale des
128 607 898 655 “idées inexprimables, que toi ſeul pour-
130 653 898 698 “rois me faire comprendre; car tu es tout
132 697 897 744 “pour moi, & toi ſeul peux me rendre
131 742 897 789 “heureuſe. Te rappelles - tu ces moments
135 787 903 833 “de délices que nous coulions enſemble,
132 831 898 878 “aſſis, dans une ombre favorable, ſur le
133 877 900 924 “bord du fleuve, dont le murmure nous
134 921 898 969 “plongeoit dans une douce rêverie, tan-
134 966 901 1015 “dis que nous appercevions dans le loin-
132 1011 940 1052 “tain les lumieres de la ville, dont les
136 1055 900 1103 “rayons venoient juſqu'à nous, en trem-
134 1100 902 1147 “blant ſur l'onde émue? Je laiſſois ma
134 1145 904 1192 “main repoſer dans la tienne, & j'étois
136 1190 905 1236 “ſans doute heureuſe, puiſque je ne de-
134 1234 906 1280 “ſirois plus rien. Que peut le ſéjour cé-
135 1278 920 1326 “leſte, dont on nous parle, nous offrir
134 1323 906 1369 “de ſemblable à cette ſituation? Viens,
136 1369 904 1415 “mon cher Sombreval, viens m'enlever
138 1413 904 1461 “au grand-prêtre. Un ſeul de tes regards
138 1460 904 1505 “vaut mieux pour moi que toutes ſes
138 1503 903 1548 “promeſſes, & quel que ſoit l'aſyle qu'il
139 1549 903 1586 “me propoſe, la douleur & la mort re-
