1116 1854
131 167 951 224 “près d'elle, dans le profond abyme inao-
131 220 950 271 “ceſſible à tout mortel. Le grand - prêtre
131 263 950 316 “lui avoit ordonné de boire la potion fa-
131 309 950 358 “tale qui donne la mort. Elle étoit lan-
131 354 950 403 “guiſſammem étendue ſur le lit funéraire.
131 398 950 449 “Déja ſes yeux nageoient dans l'ombre
131 444 950 493 “éternelle. La pâleur du trépas étoit ré-
131 490 950 538 “pandue ſur ſes belles joues. Jamais elle
131 534 950 584 “ne fut fi touchante; jamais elle ne fut
131 579 950 628 “ſi belle. Elle m'a ſerré la main, de ſa
130 625 950 674 “main mourante. J'ai vu ſes beaux yeux
130 669 949 719 “ſe ranimer un moment, pour me dire le
130 714 949 764 “dernier adieu, & ſe fermer bientôt au
130 759 949 809 “ſommeil de la mort. J'ai vu ſa belle ame
130 805 949 853 “s'envoler vers le ſéjour du bonheur, en
130 850 949 898 “regrettant ſon amant, qu'elle préféroit
130 893 949 943 “au ciel même. Mon cœur déchiré a ſai-
130 938 949 988 “gné cruellement. Elle a emporté ma vie.
130 984 949 1033 “D'épaiſſes ténebres ſe ſont répandues ſur
130 1031 949 1080 “mes yeux: ténebres fugitives, pourquoi
129 1073 949 1123 “n'ont - elles pas duré? Mon ame, à
129 1119 948 1168 “préſent, voleroit après l'ame céleſte de
129 1164 948 1213 “ma chere Phoſphorine, & s'uniroit pour
129 1209 948 1257 “jamais avec elle, tandis que mon corps
129 1253 948 1303 “dormiroit avec le ſien dans la paix du
129 1300 948 1346 “tombeau. J'ai voulu me donner la mort
129 1345 948 1393 “pour la ſuivre; le grand-prêtre me l'a
129 1390 948 1439 “défendu, & m'a voulu attacher malgré
129 1435 948 1483 “moi à cette vie périſſable. Ma chere
129 1480 948 1528 “amante n'eſt plus qu'une ombre: ſes
129 1525 948 1572 “divins attraits ſont éteints. Ce corps an-
128 1567 948 1617 “gélique eſt ſans doute enſeveli ſous la
708 1617 784 1651 E a
865 126 945 169 L.
