1116 1854
225 168 761 249 Phoſphorine à Sombreval.
854 103 915 127 L
160 268 917 324 „Je te ſalue, mon bien aimé; je t'écris
148 322 916 371 “du ſéjour céleſte, où je reſpire le pur
147 367 925 415 “éther, où je ſuis éclairée par l'œil de
148 411 919 460 “Dieu même. Puiſſe une idée du bonheur
149 458 916 504 “ineffable dont je jouis s'échapper vers
150 503 917 550 “toi, & me peindre à ton eſprit dans tes
149 549 915 595 “ſonges heureux! Quoique je reſpire dans
148 594 918 640 “un autre univers que toi, quoique je ſois
150 637 918 685 “dépouillée de ce corps terreſtre, où ton
148 682 916 730 “ame épriſe daignoit trouver des appas,
148 730 918 776 “je m'occupe encore de toi. Oui, tu es
148 773 918 821 “auſſi près de mon cœur, que quand je
152 819 919 866 “vivois auprès de toi, ſous nos voûtes
151 863 920 906 “ſolitaires. Enfin, te voir à mes côtés ſe-
152 909 918 955 “roit pour moi le comble du bonheur.
153 951 919 1000 “Oh! combien je t'ai deſiré! Combien
154 998 922 1045 “j'ai verſé de larmes aux pieds du grand-
154 1044 921 1091 “prêtre, pour le conjurer de te donner
153 1088 920 1133 “auſſi la mort, afin de te faire vivre ici
154 1133 921 1182 “auprès de ton amante: larmes ſuperflues
154 1178 920 1227 “& peut - être criminelles, puiſqu'il n'eſt
154 1221 921 1272 “pas permis d'en répandre dans ce beau
156 1273 310 1315 “ſéjour!
200 1312 921 1361 “Comment te peindrai - je le paradis que
155 1359 941 1406 “j'habite? Il me faudroit des mots nou-
152 1404 924 1451 “veaux pour des idées nouvelles. Com-
156 1447 924 1495 “ment repréſenter la voûte azurée auſſi
156 1492 926 1540 “vaſte que la penſée, pour la hauteur &
160 1537 929 1584 “pour l'étendue? Quel torrent de lumiere,
692 1570 830 1628 Ei
