1116 1854
196 158 967 206 “quand le Dieu des cieux la parcourr
195 204 964 249 “pendant la journée! Quel ſpectacle au-
193 249 961 295 “guſte, quand la lune & des millions d'é-
193 294 965 340 “toiles y étincellent pendant la nuit! Quelle
193 339 968 385 “beauté dans les nuages majeſtueux qui
195 384 967 430 “s'y promenent! quel aſpect ſouriant
192 428 964 476 “que celui de la campagne! Ah! ſi tu
193 473 960 519 “marchois ſur les gazons émaillés, ſi tu
191 519 966 566 “repoſois à l'ombre des arbres verdoyants,
191 564 961 610 “ſi tu reſpirois le baume des fleurs, ſi ta
190 609 962 655 “vue ſe perdoit dans les lointains bleuâ-
192 654 964 696 “tres, ſi tu entendois les concerts des oi-
172 700 963 741 “ſeaux & l'harmonie de la nature, ſi tu
191 745 961 790 “voyois le ciel peint dans le miroir des
192 791 964 835 “eaux! Ah! mon cher Sombreval, pour-
192 835 965 880 “quoi ne jouis-tu pas avec moi de toutes
190 881 494 915 “ces merveilles!
236 921 958 971 “Si tu ſavois la bonté dont m'honore
189 970 962 1015 “le pontife ſuprême! Croirois - tu qu'il
188 1014 959 1060 “me diſtingue de toutes les céleſtes habi-
187 1058 958 1103 “tantes qui parent ce beau lieu, & qu'il
187 1104 964 1149 “daigne me viſiter tous les jours? Il fait
186 1148 964 1195 “plus, ô mon ami, il dépoſe avec moi
185 1194 965 1240 “ſa majeſté ſouveraine, & daigne prendre
186 1240 964 1286 “devant mes yeux cet air attendri & ces
183 1284 963 1331 “regards amoureux, qui te méritoient mes
152 1329 959 1374 “adorations I m'a conduite dans un
184 1373 993 1420 “boſquet ſolitaire, dont rien n'égale les
182 1418 966 1465 “appas. Il a daigné m'y couvrir de ſes
176 1462 960 1509 “baiſers. Je l'ai vu imprimer ſes levres
180 1507 959 1554 “enflammées preſque ſur chaque partie
176 1555 960 1601 “de mon corps: je dis mon corps, car
177 114 265 142 o
