1116 1854
844 100 940 142 ro
144 147 918 196 “qnoique pur eſprit, je conſerve l'appa-
149 193 924 239 “rence de ma dépouille mortelle d'une
145 237 921 286 “maniere ſi frappante, que la foi ſeule eſt
143 283 923 330 “capable de me faire croire que je n'en
144 326 924 375 “ai pas la réalité. Enfin, le grand-prêtre
146 373 920 419 “m'a plongée dans des torrents de volup-
144 417 918 462 “té, & m'a comblée de careſſes, qui m'ont
146 460 917 509 “ôté, pour un moment, la connoiſſance.
145 507 920 549 “O mon cher Sombreval! oſerai-je t'avouer
145 551 918 598 “mon crime, que l'amour ſeul peut ab-
143 596 916 644 “ſoudre? Dans les bras du pontife, je
139 642 918 689 “n'étois occupée que de toi; quand il
144 687 918 734 “m'honoroit de ſes faveurs auguſtes, j'au-
133 732 916 779 “rois, voulu les recevoir de toi; & je te
145 777 914 822 “les aurois, je crois, rendues avec plus
144 820 918 865 “d'ame. Il a renouvellé pluſieurs fois ces
146 864 918 912 “ſcenes voluptueuſes; je porte dans mon
146 909 917 957 “ſein un fruit de ſes chaſtes embraſſe-
146 954 917 1000 “ments, un enfant ſpirituel qui doit naî-
147 1001 915 1046 “tre, pour occuper un des trônes de la
148 1045 917 1089 “terre. Je deſire de le mettre au monde,
148 1090 917 1136 “afin de retourner auprès de toi; car il a
147 1133 918 1182 “daigné me promettre qu'alors il me ren-
147 1179 918 1227 “dra à la vie, pour me joindre à mon
147 1225 917 1268 “amant. Il me dit même que je pourrai
117 1269 917 1315 “goûter dans tes bras une ombre des
147 1312 916 1362 “plaiſirs que j'ai goûtés dans les ſiens. O
146 1358 919 1405 “mon bien aimé! c'eſt peut-être un crime
147 1404 916 1450 “de le croire; mais, avec plus d'amour,
149 1448 714 1495 “ils ſeront peut-être plus grands.
196 1495 918 1538 “Que fais - tu cependant, chere ame
147 1536 918 1576 “de mon ame? Tandis que je nage dans
685 1577 800 1626 E
