1116 1854
111 100 175 134 oc
112 153 879 201 “ſais quoi qui aigrit mon cœur contre lui.
113 199 880 245 “Phoſphorine me dit qu'il daignera peut-
113 244 878 290 “être encore venir la viſiter dans notre
113 289 885 336 “lit nuptial. Qu'il y vienne! je punirai
114 334 878 379 “ſon inſolence. J'ai cru voir dans ſes re-
113 377 881 426 “gards, quand nous étions à ſes pieds,
113 422 881 470 “quand il nous uniſſoit enſemble, je ne
112 467 881 514 “ſais quoi de moqueur, je dirai même
112 512 880 559 “de ſourbe. Pardonne tant de blaſphêmes;
114 560 886 604 “c'eſt l'excès de mon amour qui me les
112 604 883 648 “arrache. Ma jalouſe délicateſſe s'effarou-
112 648 882 695 nche de ce que l'ombre de mon amante
113 693 919 737 “a volé dans d'autres bras que les miens.
114 738 887 781 “Je voudrois être ſeul à faire ſon bonheur,
113 782 884 831 “comme elle ſeule peut faire le mien. Mais
111 828 887 865 écartons les ſombres idées amoncelées dans
115 873 889 920 “mon ame, comme des ombres nuiſibles;
112 918 886 966 “goûtons ſans mélange les plaiſirs que le
113 964 886 1008 “ciel nous accorde. Viens, mon cher Vou-
113 1006 897 1055 “tondo, viens être témoin de notre féli-
97 1051 889 1098 “cité, & t'en procurer une pareille dans
114 1099 600 1136 “les bras de ton amante.“
161 1142 886 1189 Ce peu de lettres doit ſuffire, je crois,
113 1188 886 1237 pour donner une idée du ſtyle des Gnômes.
148 1234 887 1281 Cependant tous les extravagants préju-
112 1278 889 1330 gés de ce pays ſouterrain commençoient
114 1324 887 1370 à m'ennuyer, d'autant plus qu'étant prê-
117 1369 889 1415 tre, je me voyois doublement obligé de
114 1412 889 1457 les reſpecter. J'aurois bien voulu chercher
118 1460 888 1505 à ouvrir les yeux de quelque Gnôme;
116 1504 905 1552 mais le roi m'avoit fait jurer que je ne
115 1548 905 1596 parlerois bon ſens à perſonne. „Vous
