1116 1854
717 1616 792 1654 E
168 177 942 222 “vous feriez, me diſoit - il, aſſaſſiner en
164 223 939 271 “pure perte; que dis-je, aſſaſſiner! les
162 268 938 314 “prêtres vous ayant admis dans leur ſo-
163 311 939 362 “ciété, vous regarderoient comme un
164 358 940 405 “traître; & il n'y auroit point de ſupplice
164 404 942 450 “qu'ils ne vous fiſſent ſouffrir. -- Mais vos
165 449 941 494 “préjugés, lui répondis-je, peuvent - ils
163 491 939 538 “être plus abſurdes? -- Je conviens, ré-
164 538 940 584 “pliquoit le roi, qu'ils ſont d'une abſur-
164 582 939 630 “dité inſoutenable. Je vois bien, à votre
165 628 938 675 “éducation, que votre patrie doit être plus
163 673 937 720 “éclairée, & que par conſéquent vos
162 718 936 765 “dogmes religieux doivent beaucoup plus
163 761 937 808 “approcher de la raiſon. (Je trouvai cette
161 807 937 854 “phraſe fort cavaliere.) Donnez - m'en je
161 852 935 900 “vous prie, une idée, me dit-il un jour;
161 897 934 943 “peut-être les pourroit-on, peu - à - peu,
157 942 935 988 “ſubſtituer aux nôtres, ou au moins cor-
161 986 936 1033 “riger les uns par le mélange des autres.“
206 1030 935 1077 A cette propoſition, je me ſentis un loua-
157 1076 932 1123 ble deſir de propager notre ſainte foi, &,
161 1121 934 1167 nouveau miſſionnaire, je fis au roi, le
159 1163 933 1212 mieux que je pus, un expoſé elair &
160 1209 936 1257 méthodique de ce que l'on nous enſeigne
157 1255 934 1299 dans notre enfance. J'étois un apôtre ſans
158 1300 932 1346 miſſion, je le confeſſe à ma confuſion, &
157 1345 931 1393 j'en ſuis ſi honteux, que je ne ſais trop
157 1391 931 1437 ſi je devrois raconter ici l'effet de ma pré-
158 1436 930 1483 dication. Qu'on attribue mon mauvais ſuc-
158 1480 931 1528 cès à l'indignité, à l'ignorance du mi-
162 1528 265 1564 niſtre.
202 1568 935 1618 Je voulois aller faire des proſélytes ail-
