1116 1854
197 165 989 213 leurs; car je m'ennuyois tous les jours de
198 209 987 259 plus en plus ſous terre. On ſent bien que
199 255 986 303 je n'aurois eu garde d'y reſter ſi long-
198 301 984 349 temps, ſi l'on ne m'y avoit retenu malgré
198 346 982 392 moi. Je pouvois demander tout ce que je
198 389 981 438 voulois, excepté mon congé. Dans la nou-
212 433 999 484 veauté, ce ſéjour m'avoit plu par ſa fingu-
197 478 979 527 larité; mais au bout de deux ans, la
210 524 979 570 voûte infernale de cette mine me peſoit ſur
199 568 406 616 les épaules.
266 612 976 662 Un haſard imprévu me fournit les
206 660 977 707 moyens de quitter ce ſéjour. Les dépu-
205 703 968 751 tés de la nation alloient réguliérement,
205 749 973 797 comme je l'ai dit, porter leur or aux ha-
197 794 973 840 bitants du dehors, & recevoir des provi-
201 838 972 886 ſions en échange. Ils apprirent, un beau
200 884 977 934 matin, que le pays ſupérieur qui les nour.
196 929 988 975 riſſoit, venoit d'être conquis par une puiſ-
200 974 968 1021 ſance voiſine, & que par conſéquent il
198 1019 971 1065 n'y avoit plus de vivres à eſpérer, à moins
198 1063 913 1112 qu'on ne s'accordât avec le vainqueur.
248 1106 966 1156 On envoya ſur le champ des députés
198 1151 964 1199 vers le général des troupes victorieuſes.
197 1196 966 1243 “C'étoit, nous diſoit - on, un fort bel
194 1242 968 1288 “homme, très-poli, très-franc, & très-
194 1287 964 1335 “gaillard.“ Nos gens allerent le trouver;
192 1331 967 1379 ils n'entendirent pas plus ſa langue, qu'il
191 1377 964 1421 n'entendoit la leur. Ils lui raconterent, en
194 1422 965 1469 s'expliquant comme ils purent, qu'ils ha-
192 1467 962 1512 bitoient ſous la terre, dans une ville d'or,
189 1512 961 1560 qu'ils formoient un peuple nombreux. Il
188 1557 958 1607 leur dit que cela devoit être curieux; qu'il
