1116 1854
204 170 981 218 lettre à s'expliquer. Toute l'opération con-
202 216 979 264 ſiſta, de ma part, à la lire, en la tradui-
203 259 979 308 ſant à ce peuple ſubtil. Elle étoit en fran-
204 305 979 353 çois; jugez de ma ſurpriſe. En voici la te-
207 363 309 387 neur:
257 394 978 446 „On m'a envoyé des extravagants, qui
206 438 978 489 “m'ont dit être les députés d'un peuple
204 484 977 533 “qui vit ſous la terre. S'il exiſte un peu-
204 529 979 579 “ple ſi privilégié, je lui en fais mon com-
204 576 974 624 “pliment: je ſens qu'il a beſoin de pain,
204 621 977 667 “qu'il faut lui en fournir; je ne m'y re-
206 667 976 713 “fuſe pas; mais qu'il m'envoie au moins
201 711 979 760 “quelqu'un de raiſonnable, avec qui je
203 755 979 804 “puiſſe faire des conventions. Ces nobles
205 800 976 847 “ambaſſadeurs m'ont dit des abſurdités;
207 844 975 891 “& m'ont invité fort poliment à me laiſ-
206 891 977 937 “ſer empoiſonner pour voir de belles cho-
203 933 975 982 “ſes. Ces diſparates peuvent faire rire;
175 980 978 1026 “mais on n'avance pas un ſou là-deſſus.
203 1025 976 1072 “Salut au peuple Gnôme. Signé, Tronnon
202 1070 634 1118 “Tonnerre, général.
248 1114 977 1160 J'expliquai cette lettre au brave ſénat,
204 1158 977 1206 aux prêtres & aux ambaſſadeurs, qui fu-
197 1203 979 1251 rent tout étonnés. Il ne leur ſeroit jamais
202 1249 977 1295 venu dans l'idée qu'on les prît pour des
201 1295 976 1342 extravagants. Mais comment faire pour
202 1340 978 1386 traiter avec l'homme fingulier qui leur
201 1382 976 1432 écrivoit? quel député lui envoyer? On
203 1430 975 1476 chercha encore long-temps; il falloit trou-
201 1475 972 1521 ver quelqu'un qui pût parler avec cet
202 1517 980 1568 étranger; on paſſa en revue tout le monde,
199 1564 981 1625 l'un après l'autre, & l'on ne voyoit per-
