1116 1854
127 169 901 217 ſonne capable de remplir cette commiſſion:
128 215 899 262 enfin on penſa à moi, quand on ne ſut
126 261 450 306 plus à qui penſer.
163 304 901 350 On m'envoya donc, avec deux Gnô-
127 349 899 394 mes, en qualité d'ambaſſadeur, pour of-
128 395 903 440 frir de l'or au vainqueur, & lui deman-
128 439 897 486 der des vivres en échange. Les adieux
127 483 901 527 d'Almanzine furent extrêmement tendres,
131 529 898 575 quoiqu'elle comptât me revoir le lende-
129 573 896 620 main. Elle verſa des larmes, & je fus at-
129 618 901 665 tendri. Pour me mettre à même de faire
129 662 903 711 plus d'impreſſion ſur le général étranger,
129 708 899 754 on me revêtit de mes habits ſacerdotaux
129 753 900 801 dans toute leur ſolemnité, & l'on m'aſſura
131 800 904 845 qu'en me voyant dans cet équipage, tous
131 843 901 886 les rois de la terre devoient ſe mettre à
132 889 902 935 genoux devant moi. Je partis avec tout
129 932 903 979 le cérémonial requis, je deſcendis le fleuve,
130 977 905 1023 & je vis enfin le grand jour. J'en avois déja
128 1022 903 1069 joui, dans ce que les Gnômes appelloient
133 1068 903 1114 les Champs-Eliſées; mais c'étoit dans un
133 1112 907 1159 lieu renfermé, & ſeulement pour quelque
132 1158 905 1204 temps, au lieu qu'à préſent je me trouvois
131 1204 905 1250 en plein air; je comptois bien ne pas retour-
133 1246 907 1296 ner dans ma cage, & je me flattois même
129 1294 521 1330 de retrouver ma Julie.
832 125 909 151 L
