1116 1854
208 146 984 200 gea fort bien à la francoiſe, & l'on chanta
212 197 981 243 de vieilles chanſons du temps de Louis XIV.
208 241 983 290 Ce galant homme me fit accueil à ſa ma-
209 287 981 333 niere, c'eſt-à-dire fort gaiement & ſans
208 331 981 387 façon. Il cauſa un quart-d'heure avec moi:
208 377 983 425 j'imitai ſon ton franc & ſans gêne, & je lui
210 423 980 468 revins aſſez. Je lui avouai que je n'avois pas
211 469 982 504 envie de retourner chez les Gnômes! „Vous
209 512 979 558 “avez raiſon, me dit - il; vraiment il
178 556 978 603 “convient bien à des animaux de cette eſ-
179 602 980 648 “pece de poſſéder un homme comme vous!
211 647 977 694 “Vous êtes un luron, ajouta-t-il; je veux
212 691 979 736 “vous préſenter à notre reine.“ Je lui
211 734 979 777 demandai s'il étoit Francois, & comment
209 779 979 827 il y en avoit dans ce pays-là; comme
211 824 976 874 “il s'en eſt trouvé dans votre mine, dit-il;
212 869 977 917 “par un enchaînement burleſque de cir-
211 916 976 960 “conſtances. Nous vous expliquerons tout
212 961 977 1007 “cela. Vous m'apprendrez auſſi par quel
211 1006 983 1052 “haſard vous vous trouvez prêtre & am-
214 1051 976 1097 “baſſadeur des Gnômes.“ Je lui demandai
210 1095 976 1142 encore s'il avoit chez lui une grande jeune
212 1141 975 1187 perſonne, très-jolie, nommée Julie de
210 1183 977 1232 Noirville. „Nous avons, me répondit-il,
212 1230 976 1277 “beaucoup de Julies & de très-jolies per-
212 1273 978 1322 “ſonnes; vous ferez aiſément connoiſſance
213 1320 976 1367 “avec elles,“ Et là-deſſus il ſe mit à parler
209 1364 973 1411 à un tas d'importuns; ce qui termina notre
209 1410 488 1457 converſation.
261 1452 976 1501 Le lendemain, les députés revinrent.
208 1500 975 1544 Comme leur nation avoit faim, ils apporte-
208 1542 978 1590 rent le double de l'or que j'avois fixé. On leur
