<PcGts xmlns="http://schema.primaresearch.org/PAGE/gts/pagecontent/2017-07-15" xmlns:xsi="http://www.w3.org/2001/XMLSchema-instance" xsi:schemaLocation="http://schema.primaresearch.org/PAGE/gts/pagecontent/2017-07-15 http://schema.primaresearch.org/PAGE/gts/pagecontent/2017-07-15/pagecontent.xsd"><Metadata><Creator/><Created>2020-09-17T09:52:30</Created><LastChange>1970-01-01T00:00:00</LastChange><Comments/></Metadata><Page imageFilename="0121.png" imageHeight="1854" imageWidth="1116"><ReadingOrder><OrderedGroup id="g1"><RegionRefIndexed index="0" regionRef="r2"/><RegionRefIndexed index="1" regionRef="r1"/></OrderedGroup></ReadingOrder><TextRegion id="r1" type="paragraph" orientation="-0.0"><Coords points="96,1659 96,138 932,138 932,1659"/><TextEquiv><Unicode/></TextEquiv><TextLine id="r1_l001"><Coords points="622,202 621,202 621,190 621,189 597,189 596,188 544,188 543,189 508,189 507,188 434,188 433,189 392,189 391,188 315,188 314,189 314,199 314,199 308,199 307,200 305,199 305,189 305,188 212,188 211,187 167,187 166,188 166,198 166,198 162,198 161,198 161,188 161,187 114,187 113,186 112,186 111,186 113,184 113,161 112,159 111,159 110,159 112,157 113,157 113,157 113,156 116,153 118,153 119,154 130,154 131,155 132,155 132,156 132,165 133,165 208,165 208,165 208,158 209,157 211,157 214,154 215,154 216,153 217,154 218,154 218,155 218,156 219,157 219,158 220,158 224,158 225,159 226,159 227,160 228,160 228,161 228,165 229,165 258,165 259,166 277,166 278,167 388,167 388,167 388,159 390,157 408,157 409,156 410,156 411,155 417,155 417,156 417,159 418,160 418,167 419,167 490,167 491,166 491,165 492,164 492,162 493,161 493,160 497,156 498,156 499,155 500,155 501,154 502,154 503,155 525,155 526,156 527,156 527,157 527,167 528,167 669,167 670,166 676,166 677,167 711,167 711,167 711,159 713,157 716,157 717,158 728,158 729,159 730,159 730,160 730,164 731,165 731,166 732,166 760,166 761,167 794,167 794,167 794,158 797,155 799,155 800,156 801,156 801,157 801,167 802,167 855,167 855,167 855,165 856,164 856,159 857,158 857,156 858,155 858,154 860,152 862,152 864,155 863,156 863,171 864,172 864,175 865,175 885,175 886,176 887,176 887,177 887,181 885,183 865,183 864,184 864,186 862,188 860,188 859,189 856,189 855,188 803,188 802,189 781,189 780,188 718,188 716,190 716,191 715,192 715,193 713,195 713,196 711,198 709,198 708,198 708,190 708,189 656,189 655,190 655,198 654,199 627,199 626,200 626,202 626,202"/><TextEquiv index="1"><Unicode>livra leurs proviſions ſelon ce que j'avois ré-</Unicode></TextEquiv></TextLine><TextLine id="r1_l002"><Coords points="142,246 141,246 141,243 141,242 128,242 127,243 119,243 118,242 116,242 113,240 113,231 112,230 113,229 113,218 114,217 114,214 117,211 119,211 120,210 135,210 135,210 135,202 137,200 139,200 140,199 161,199 162,198 166,198 166,199 166,202 167,202 215,202 216,203 217,203 218,204 219,204 221,207 221,208 222,209 222,210 224,211 240,211 241,212 339,212 339,212 339,203 341,201 343,201 344,203 344,212 345,212 375,212 376,211 404,211 404,211 404,203 407,200 410,200 411,202 411,213 412,213 469,213 470,212 509,212 510,211 519,211 519,211 519,202 520,201 523,201 524,203 524,212 525,212 605,212 606,213 622,213 622,213 622,203 623,202 656,202 657,201 661,201 661,202 661,205 662,206 662,212 663,212 702,212 703,213 758,213 759,212 765,212 766,211 793,211 793,211 793,209 794,208 794,207 800,201 802,201 803,200 807,200 808,201 809,201 809,202 809,204 810,205 810,212 811,212 860,212 862,215 862,218 863,218 877,218 878,220 878,221 879,221 884,221 884,222 884,223 883,224 883,225 881,227 858,227 857,228 857,230 856,231 856,232 856,232 841,232 840,233 750,233 749,234 743,234 742,233 679,233 678,234 584,234 583,233 456,233 455,234 379,234 378,233 263,233 262,232 257,232 215,232 214,233 207,233 206,234 203,234 202,233 147,233 146,234 146,246 146,246"/><TextEquiv index="1"><Unicode>glé. On convint de continuer à leur en four-</Unicode></TextEquiv></TextLine><TextLine id="r1_l003"><Coords points="417,290 415,289 415,280 415,279 317,279 316,280 316,283 316,283 314,281 312,281 311,280 309,280 308,279 266,279 265,278 220,278 219,277 186,277 185,276 140,276 139,275 117,275 115,274 115,260 114,259 114,258 116,256 124,256 125,255 126,255 127,254 141,254 141,254 141,247 142,246 192,246 193,245 196,245 197,244 201,244 202,246 202,247 203,247 250,247 252,245 255,245 255,246 255,249 256,250 256,258 257,258 306,258 307,257 330,257 330,257 330,255 331,254 331,251 332,250 332,249 333,248 333,247 334,246 336,246 337,248 337,249 338,250 338,258 339,258 367,258 368,257 389,257 390,258 438,258 438,258 438,252 439,251 439,248 440,247 480,247 481,246 482,246 483,245 486,245 487,246 524,246 525,247 526,247 526,248 526,249 527,250 527,251 528,252 528,257 529,257 678,257 678,257 678,250 679,249 679,247 680,246 682,246 684,249 684,251 685,252 685,254 686,255 686,258 687,258 779,258 780,257 813,257 814,256 839,256 839,256 839,248 841,246 843,246 844,245 847,245 848,246 859,246 860,248 860,266 861,266 883,266 883,267 883,270 882,271 882,272 881,273 879,273 878,274 878,278 877,279 877,280 877,280 876,280 875,279 874,279 873,278 802,278 801,279 694,279 693,278 607,278 579,278 578,279 575,279 574,278 528,278 527,279 526,279 525,280 524,280 523,279 520,279 519,278 461,278 460,279 426,279 425,280 425,289 425,289 423,289 422,290"/><TextEquiv index="1"><Unicode>nir ſur le même pied &amp; aux mêmes condi-</Unicode></TextEquiv></TextLine><TextLine id="r1_l004"><Coords points="450,337 449,337 449,335 449,334 238,334 236,333 236,324 236,323 235,323 234,322 164,322 162,320 118,320 114,317 115,316 115,303 120,298 129,298 129,298 129,291 131,289 135,289 137,291 301,291 302,292 654,292 655,291 851,291 852,290 855,290 855,291 855,300 856,301 856,302 857,302 880,302 881,303 882,303 883,305 883,320 884,321 882,323 834,323 833,324 833,336 833,336 793,336 792,337"/><TextEquiv index="1"><Unicode>tions qu'ils en obtenoient ci - devant du</Unicode></TextEquiv></TextLine><TextLine id="r1_l005"><Coords points="818,382 817,382 817,370 817,369 789,369 788,370 775,370 774,371 774,374 772,376 772,377 771,378 770,378 768,380 765,380 764,381 761,381 760,380 759,380 754,376 754,370 754,369 678,369 677,370 674,370 673,369 628,369 627,370 626,370 625,371 624,371 623,370 578,370 577,369 520,369 519,370 517,370 516,369 390,369 389,368 374,368 319,368 318,369 316,369 315,368 274,368 273,369 273,379 273,379 272,379 271,380 264,380 261,378 261,372 261,371 219,371 218,372 218,377 218,377 191,377 190,378 189,378 188,377 184,377 183,377 183,368 183,367 134,367 133,368 133,379 133,379 126,379 125,379 125,378 125,377 117,377 114,375 114,350 113,349 114,348 114,347 115,346 118,346 119,345 121,345 122,344 131,344 132,345 194,345 195,344 195,343 196,342 197,342 199,340 200,340 201,339 202,339 207,334 213,334 214,336 214,343 215,344 215,347 216,347 298,347 298,347 298,341 300,339 303,339 304,340 305,340 305,341 305,346 307,347 332,347 333,348 377,348 378,347 380,347 381,348 447,348 447,348 447,340 448,339 448,338 449,337 453,337 453,338 453,346 454,346 498,346 498,346 498,339 501,336 506,336 506,337 506,348 507,348 583,348 583,348 583,339 585,337 588,337 588,338 588,340 589,341 589,348 590,348 653,348 653,348 653,347 654,346 655,347 694,347 694,347 694,340 696,338 708,338 708,339 708,348 709,348 760,348 761,347 764,347 765,348 785,348 785,348 785,342 786,341 786,338 787,337 828,337 829,336 876,336 877,335 878,335 879,334 884,339 885,339 885,340 884,341 884,368 883,369 821,369 820,370 820,382 820,382"/><TextEquiv index="1"><Unicode>peuple qu'on venoit de vaincre. Le général</Unicode></TextEquiv></TextLine><TextLine id="r1_l006"><Coords points="772,427 771,426 742,426 740,425 740,416 740,415 677,415 676,416 671,416 670,415 624,415 623,416 622,415 484,415 482,417 482,418 481,419 481,420 478,423 475,423 474,423 474,415 474,414 411,414 410,415 409,414 231,414 230,413 165,413 164,412 163,412 162,411 134,411 133,412 133,423 132,424 128,424 127,424 127,412 127,411 121,411 120,410 115,410 113,409 114,408 114,392 117,389 117,387 118,386 118,385 123,380 124,380 125,379 222,379 222,380 222,381 224,382 231,382 232,383 233,383 233,384 233,392 234,392 252,392 253,393 327,393 330,390 332,390 335,393 383,393 384,392 405,392 405,392 405,386 406,385 406,384 408,382 409,382 410,381 412,381 412,382 412,384 413,384 422,384 423,385 424,385 425,387 425,393 426,393 440,393 441,394 506,394 506,394 506,385 509,382 524,382 524,383 524,393 525,393 596,393 596,393 596,391 597,390 597,389 603,383 604,383 605,382 658,382 659,384 659,392 660,392 700,392 701,393 722,393 723,394 770,394 771,393 806,393 807,392 815,392 815,392 815,384 817,382 821,382 821,383 821,392 822,392 881,392 882,393 884,393 884,394 883,395 883,407 882,408 882,409 881,410 881,411 881,411 880,411 878,413 823,413 822,414 809,414 808,415 807,415 806,414 775,414 774,415 774,427 774,427"/><TextEquiv index="1"><Unicode>ſe fit livrer tout l'or; il en fit deux portions</Unicode></TextEquiv></TextLine><TextLine id="r1_l007"><Coords points="526,470 525,470 524,470 524,462 524,461 516,461 515,462 515,463 511,467 510,467 508,466 508,460 508,459 466,459 465,460 461,460 460,459 373,459 372,460 372,470 372,470 369,470 368,471 367,471 366,470 363,470 362,470 362,460 362,459 244,459 242,461 242,462 241,463 241,464 240,465 240,466 239,467 238,467 237,468 235,468 233,467 233,459 233,458 172,458 171,459 155,459 154,460 154,464 152,466 152,467 152,467 151,467 150,468 148,468 147,469 140,469 139,468 138,468 136,467 136,466 135,465 135,464 134,463 134,457 134,456 122,456 121,455 120,455 119,455 119,454 117,452 117,451 116,450 116,449 114,447 115,446 115,442 116,441 116,440 117,439 117,438 119,436 120,436 121,435 123,435 124,434 124,432 125,431 125,429 126,428 126,427 127,426 127,425 128,424 132,424 132,425 132,436 133,436 176,436 176,436 176,428 177,427 180,427 181,426 184,426 184,427 184,437 185,437 214,437 215,438 218,438 219,439 266,439 266,439 266,431 267,430 267,428 268,427 281,427 283,425 285,425 285,426 285,427 286,428 286,438 287,438 340,438 341,439 401,439 401,439 401,431 402,430 402,429 404,427 406,427 407,429 407,430 408,431 408,438 409,438 419,438 420,439 531,439 531,439 531,432 532,431 534,429 535,429 537,427 543,427 544,429 544,431 545,432 545,439 546,439 585,439 585,439 585,430 586,429 587,429 588,428 590,428 591,427 592,428 593,428 594,429 605,429 605,430 605,438 606,438 616,438 617,439 618,439 619,440 620,440 621,441 679,441 679,441 679,440 681,438 688,438 689,437 690,437 691,436 692,438 692,439 693,439 744,439 744,439 744,432 745,431 745,430 747,428 760,428 761,427 775,427 777,430 777,433 778,434 778,436 779,437 779,439 780,439 806,439 807,438 832,438 835,435 836,435 838,437 884,437 885,438 886,438 887,440 884,443 884,444 883,445 882,445 881,446 881,457 879,459 818,459 817,460 814,460 813,461 813,469 812,470 812,471 812,471 803,471 801,470 801,461 801,460 641,460 640,461 603,461 602,460 544,460 543,461 529,461 528,462 528,472 528,472"/><TextEquiv index="1"><Unicode>égales; il en prit une, &amp; dit: voilà pour</Unicode></TextEquiv></TextLine><TextLine id="r1_l008"><Coords points="545,516 544,515 541,515 540,515 540,514 539,513 539,505 539,504 477,504 476,505 473,505 472,504 471,504 470,503 432,503 410,503 409,504 331,504 330,505 329,505 328,504 279,504 278,505 278,516 278,516 275,516 274,516 274,505 274,504 252,504 250,506 250,507 249,508 249,509 247,511 244,511 242,510 242,504 242,503 172,503 171,502 121,502 118,505 116,505 113,503 113,502 114,501 114,486 115,485 115,484 116,483 124,483 125,482 152,482 153,481 202,481 203,482 215,482 216,483 218,483 219,485 219,486 220,487 220,495 221,495 279,495 279,495 279,488 280,487 280,486 282,484 283,484 284,483 299,483 300,482 303,482 304,483 334,483 334,483 334,475 337,472 339,472 340,474 340,482 341,482 353,482 354,483 389,483 389,483 389,473 391,471 406,471 406,472 406,476 407,477 407,482 408,482 454,482 454,482 454,476 457,473 493,473 494,472 495,472 496,471 500,471 501,472 502,472 503,474 503,483 504,483 554,483 555,484 618,484 618,484 618,479 619,478 619,477 621,475 657,475 659,473 660,473 661,472 666,472 667,473 668,473 669,475 669,476 671,478 671,484 672,484 723,484 724,483 877,483 878,482 881,482 883,484 884,484 886,487 886,494 887,495 884,498 884,502 884,502 883,502 881,504 877,504 876,505 837,505 836,504 780,504 775,504 774,505 737,505 736,506 736,515 736,515 725,515 724,515 724,507 724,506 624,506 623,507 623,508 622,509 622,510 621,511 621,512 620,513 618,513 617,513 617,507 617,506 552,506 551,507 551,515 551,515 550,515 549,516"/><TextEquiv index="1"><Unicode>“nous, mais il n'eſt pas juſte que nous</Unicode></TextEquiv></TextLine><TextLine id="r1_l009"><Coords points="857,562 856,561 549,561 506,561 505,562 500,562 499,561 293,561 292,561 292,560 292,559 200,559 199,558 198,558 197,558 197,550 197,549 116,549 115,549 115,548 114,547 114,534 115,533 115,528 116,527 124,527 125,526 273,526 273,526 273,518 275,516 358,516 359,515 362,515 362,516 362,518 363,518 731,518 732,517 737,517 738,518 739,518 740,520 740,527 741,527 878,527 879,528 880,528 882,530 884,530 885,532 885,536 883,538 883,545 882,546 882,547 880,549 879,549 877,551 860,551 859,552 859,562 859,562"/><TextEquiv index="1"><Unicode>“emportions l'autre part, qui excede ce que</Unicode></TextEquiv></TextLine><TextLine id="r1_l010"><Coords points="804,607 803,607 803,596 803,595 798,595 797,594 752,594 751,595 750,595 749,594 687,594 686,595 686,596 685,597 685,598 683,600 681,602 679,602 678,603 677,603 675,602 675,595 675,594 642,594 641,595 639,595 638,596 596,596 595,595 551,595 550,596 550,597 549,598 549,599 548,600 548,601 548,601 547,601 546,602 545,602 544,603 542,602 542,595 542,594 494,594 493,595 493,606 493,606 488,606 487,606 487,594 487,593 463,593 461,595 460,594 435,594 414,594 413,595 400,595 399,594 398,594 397,593 396,593 395,594 395,606 395,606 394,606 393,606 393,594 393,593 264,593 263,594 262,594 261,593 251,593 250,592 179,592 178,593 175,593 174,592 122,592 120,594 118,594 116,593 116,574 118,572 126,572 127,571 221,571 222,572 290,572 290,572 290,563 292,561 295,561 295,562 295,563 296,564 296,571 297,571 379,571 379,571 379,563 380,562 381,562 382,561 383,561 384,560 387,560 387,561 387,564 388,565 388,572 389,572 453,572 455,570 455,571 455,572 456,572 497,572 497,572 497,564 499,562 521,562 521,562 521,560 522,559 523,559 524,558 525,558 526,560 526,575 527,575 576,575 577,574 577,573 578,572 581,572 583,574 635,574 636,573 662,573 664,576 664,586 665,586 705,586 705,586 705,579 706,578 706,577 709,574 710,574 711,573 728,573 729,572 731,572 732,573 734,573 735,574 790,574 790,574 790,565 793,562 860,562 860,563 860,581 861,582 861,585 862,585 879,585 883,590 883,595 882,596 882,597 879,600 878,600 877,601 876,601 875,602 871,602 870,602 870,601 869,600 869,595 869,594 807,594 806,595 806,607 806,607"/><TextEquiv index="1"><Unicode>“nous avions demandé; tenez, me dit-il,</Unicode></TextEquiv></TextLine><TextLine id="r1_l011"><Coords points="866,651 865,651 865,641 865,640 857,640 856,639 756,639 755,640 711,640 708,643 708,645 707,646 707,647 704,650 703,650 702,651 701,651 700,650 698,650 696,649 696,641 696,640 645,640 644,639 595,639 594,640 565,640 564,639 450,639 449,640 449,649 449,649 445,649 444,650 439,650 438,649 437,649 436,649 436,639 436,638 387,638 386,639 384,639 383,638 310,638 309,639 308,638 260,638 259,639 257,639 256,638 226,638 225,637 171,637 170,638 152,638 151,639 151,640 150,641 150,642 149,643 149,644 148,645 148,646 147,647 145,647 143,646 143,640 143,639 120,639 119,638 118,638 117,638 117,619 119,617 125,617 125,617 125,616 126,615 145,615 145,615 145,609 147,607 148,607 149,606 150,606 151,607 152,607 153,609 153,617 154,617 223,617 224,616 244,616 245,617 306,617 307,616 360,616 360,616 360,615 361,614 361,612 362,611 362,610 367,605 369,605 370,604 375,604 377,606 397,606 397,607 397,609 398,610 398,617 399,617 485,617 485,617 485,615 486,614 486,613 487,612 487,608 489,606 507,606 508,605 510,605 511,604 512,604 513,605 514,605 517,609 517,617 518,617 554,617 555,616 556,616 557,617 643,617 643,617 643,612 644,611 644,610 645,609 646,609 647,608 663,608 664,607 666,607 667,606 667,607 667,618 668,618 801,618 801,618 801,611 802,610 802,608 803,607 807,607 808,609 808,616 809,616 819,616 820,617 881,617 882,619 882,620 883,621 883,630 884,631 884,634 886,636 886,637 884,639 883,639 882,640 878,640 877,641 868,641 867,642 867,651 867,651"/><TextEquiv index="1"><Unicode>“je vous en fais préſent.“ Il y avoit au</Unicode></TextEquiv></TextLine><TextLine id="r1_l012"><Coords points="693,697 692,697 692,686 692,685 560,685 559,684 494,684 446,684 445,685 440,685 439,684 426,684 425,683 392,683 391,684 391,696 391,696 362,696 361,696 361,695 361,694 360,694 356,691 356,685 356,684 336,684 335,683 119,683 117,682 117,681 118,680 118,667 117,666 121,662 128,662 129,661 174,661 174,661 174,653 176,651 177,651 178,650 179,650 180,652 180,653 181,654 181,660 182,660 231,660 231,660 231,652 232,651 235,651 237,649 238,649 239,651 239,652 241,653 244,653 245,655 245,662 246,662 298,662 298,662 298,655 299,654 299,653 300,652 301,652 303,650 305,650 306,651 307,651 308,653 308,661 309,661 377,661 378,662 419,662 419,662 419,653 421,651 423,651 424,650 428,650 428,651 428,652 429,653 429,663 430,663 472,663 473,662 477,662 477,662 477,653 478,652 479,652 480,651 481,651 483,649 484,649 485,650 486,650 486,651 486,652 487,653 487,662 488,662 529,662 530,663 637,663 637,663 637,657 638,656 638,655 639,654 640,654 642,652 646,652 647,654 647,661 648,661 677,661 679,663 693,663 694,664 695,664 696,665 734,665 734,665 734,662 735,661 735,656 738,653 739,653 740,652 743,652 744,651 746,651 747,652 748,652 749,654 749,655 750,656 750,662 751,662 762,662 763,663 798,663 798,663 798,656 799,655 800,655 801,654 818,654 818,654 818,651 821,648 824,648 824,649 824,661 825,661 862,661 862,661 862,653 864,651 868,651 869,652 871,652 871,653 871,661 872,661 880,661 882,663 884,663 885,665 885,679 886,680 885,681 885,684 885,684 884,684 883,685 878,685 877,684 865,684 864,683 842,683 822,683 821,684 818,684 817,685 816,685 815,684 784,684 750,684 749,685 717,685 715,687 715,688 714,689 714,690 713,691 712,691 710,693 708,692 708,686 708,685 699,685 698,686 698,697 698,697"/><TextEquiv index="1"><Unicode>moins la charge de douze mulets; &amp; c'étoit</Unicode></TextEquiv></TextLine><TextLine id="r1_l013"><Coords points="190,739 189,738 187,738 185,737 185,730 185,729 151,729 150,728 135,728 134,727 125,727 124,726 123,726 118,722 118,715 119,714 119,711 122,708 123,708 124,707 126,707 127,706 128,706 128,706 128,697 129,696 131,696 132,695 134,695 135,694 136,694 138,697 138,706 139,706 242,706 242,706 242,696 243,695 246,695 247,697 247,699 248,700 248,707 249,707 284,707 285,706 300,706 301,707 355,707 356,706 356,702 358,700 358,699 361,696 392,696 393,698 393,706 394,706 411,706 412,707 538,707 539,706 539,704 540,703 540,702 541,701 541,700 545,696 546,696 547,695 554,695 555,697 555,707 556,707 593,707 594,708 690,708 690,708 690,703 691,702 691,699 693,697 697,697 697,698 697,707 698,707 783,707 784,708 807,708 808,709 849,709 849,709 849,699 850,698 852,698 853,697 858,697 859,698 864,698 864,699 864,707 865,707 879,707 880,708 881,708 882,709 883,709 884,710 885,710 885,711 885,713 886,714 886,724 885,725 885,726 885,726 882,729 881,729 880,730 873,730 872,729 805,729 804,730 761,730 760,729 695,729 694,730 656,730 655,731 654,731 653,730 591,730 590,729 504,729 503,728 427,728 426,729 389,729 388,728 369,728 368,727 321,727 320,728 279,728 278,729 277,729 276,728 197,728 196,729 196,737 195,738 193,738 192,739"/><TextEquiv index="1"><Unicode>de quoi me faire une fortune énorme. Je</Unicode></TextEquiv></TextLine><TextLine id="r1_l014"><Coords points="273,784 271,783 271,775 271,774 250,774 249,773 170,773 168,775 168,776 165,779 164,778 163,778 161,777 161,774 161,773 121,773 118,771 118,755 120,753 121,753 122,752 123,752 124,751 202,751 203,752 251,752 252,751 253,752 317,752 318,751 318,749 319,748 319,746 320,745 320,743 321,742 321,740 322,739 322,738 323,737 326,737 327,738 345,738 346,739 347,739 348,741 348,743 349,744 349,751 350,751 390,751 391,752 497,752 497,752 497,744 499,742 531,742 532,741 534,741 535,742 583,742 585,744 586,744 586,745 586,748 587,749 587,753 588,753 598,753 599,754 671,754 672,753 751,753 751,753 751,748 752,747 752,746 753,745 753,744 754,743 771,743 772,742 773,742 774,741 777,741 778,740 791,740 793,742 794,742 794,743 794,752 795,752 815,752 816,753 859,753 860,754 861,754 861,755 863,757 863,758 864,759 864,766 865,766 883,766 884,767 885,767 885,768 885,769 887,771 887,772 885,774 885,775 884,776 884,777 881,780 881,781 879,783 876,783 873,781 873,776 873,775 855,775 854,774 802,774 801,775 738,775 737,774 677,774 676,775 645,775 644,776 644,783 644,783 641,781 641,777 641,776 636,776 635,775 633,775 632,774 583,774 582,775 577,775 576,774 502,774 501,775 501,778 497,782 495,782 494,782 494,775 494,774 422,774 421,773 283,773 282,774 282,784 282,784"/><TextEquiv index="1"><Unicode>reçus ce préſent avec joie &amp; reconnoiſſance,</Unicode></TextEquiv></TextLine><TextLine id="r1_l015"><Coords points="724,831 723,831 723,820 723,819 597,819 596,820 596,829 595,830 590,830 589,829 588,829 587,829 587,820 587,819 538,819 537,818 473,818 472,819 454,819 453,820 453,830 453,830 449,830 448,830 448,820 448,819 405,819 404,818 377,818 376,819 376,830 376,830 371,830 370,830 370,819 370,818 255,818 254,819 253,818 193,818 192,817 148,817 134,817 133,818 127,818 125,816 124,816 120,813 120,812 119,811 119,806 120,805 120,802 123,799 124,799 125,798 126,798 127,797 129,797 130,796 240,796 240,796 240,790 243,787 245,787 246,786 248,786 249,788 249,796 250,796 303,796 304,795 304,793 305,792 305,790 309,786 310,786 311,785 313,785 314,784 330,784 333,788 333,796 334,796 369,796 370,795 371,795 372,796 410,796 411,797 438,797 439,798 508,798 508,798 508,797 509,796 511,796 512,797 577,797 578,796 578,795 580,793 580,792 585,787 586,787 587,786 593,786 596,790 596,798 597,798 698,798 699,797 700,797 701,798 754,798 755,797 788,797 788,797 788,792 791,789 793,789 794,788 814,788 815,787 819,787 820,789 820,798 821,798 848,798 849,797 855,797 856,796 857,797 859,797 861,800 861,807 862,807 885,807 885,808 885,809 887,811 884,814 864,814 863,815 863,817 862,818 847,818 846,819 805,819 804,820 791,820 790,819 730,819 729,820 729,831 729,831"/><TextEquiv index="1"><Unicode>en embraſſant avec tranſport mon bien-</Unicode></TextEquiv></TextLine><TextLine id="r1_l016"><Coords points="431,875 430,875 430,864 430,863 390,863 389,864 389,872 389,872 387,872 386,873 382,873 380,872 380,864 380,863 368,863 367,862 314,862 313,863 302,863 301,864 268,864 267,863 147,863 146,862 119,862 117,861 117,844 119,842 122,842 122,842 122,841 123,840 123,838 124,837 124,836 126,834 126,832 127,831 129,831 130,830 131,830 132,829 136,829 137,830 138,830 139,831 159,831 160,833 160,841 161,841 214,841 215,842 236,842 236,842 236,836 237,835 262,835 262,835 262,833 263,832 275,832 276,834 276,842 277,842 344,842 345,841 346,841 346,841 346,832 347,831 350,831 352,829 353,829 354,830 375,830 375,831 375,841 376,841 446,841 446,841 446,836 447,835 447,833 448,832 448,831 449,830 497,830 498,831 499,831 500,832 545,832 545,833 545,834 546,835 546,842 547,842 582,842 583,841 619,841 619,841 619,835 621,833 623,833 624,832 626,832 626,833 626,834 627,835 627,838 628,839 628,843 629,843 699,843 700,842 720,842 720,842 720,839 721,838 721,836 722,835 722,834 723,833 723,832 724,831 773,831 774,830 777,830 777,831 777,832 778,832 821,832 822,831 825,831 826,833 826,842 827,842 875,842 876,841 877,841 878,842 886,842 886,843 886,844 888,845 889,845 889,846 889,847 888,848 887,848 886,849 884,849 883,850 883,861 882,862 882,863 882,863 878,863 877,864 791,864 790,863 722,863 721,864 720,863 659,863 658,864 637,864 636,863 547,863 546,864 545,864 544,863 451,863 450,864 440,864 439,865 439,875 439,875"/><TextEquiv index="1"><Unicode>faiteur. Les députés furent charmés de leur</Unicode></TextEquiv></TextLine><TextLine id="r1_l017"><Coords points="605,921 604,921 604,919 604,918 594,918 593,918 593,909 593,908 508,908 507,909 506,909 505,908 491,908 490,907 447,907 446,908 362,908 361,907 315,907 314,908 312,908 311,909 306,909 305,908 303,908 301,906 271,906 270,907 270,909 268,911 268,912 266,914 265,914 263,916 262,916 261,915 260,915 259,915 259,910 259,909 243,909 242,908 124,908 121,906 122,905 122,890 124,888 127,888 128,887 132,887 133,886 149,886 150,887 181,887 182,886 211,886 211,886 211,879 213,877 214,877 216,875 245,875 245,875 245,874 246,873 247,873 248,872 249,872 250,874 250,890 251,891 251,899 252,899 296,899 296,899 296,896 297,895 297,893 298,892 298,883 299,882 299,880 300,879 300,878 302,876 304,876 305,875 310,875 311,876 312,876 313,878 313,879 314,880 314,886 315,886 348,886 348,886 348,885 349,884 349,881 350,880 350,879 355,874 357,874 358,873 361,873 362,874 366,874 367,875 368,875 368,876 368,877 369,877 399,877 400,876 401,876 402,875 438,875 438,876 438,886 439,886 446,886 447,887 480,887 481,886 482,886 482,886 482,878 484,876 486,876 487,875 490,875 490,876 490,882 492,884 492,887 493,887 540,887 541,886 543,886 544,887 661,887 661,887 661,879 664,876 665,876 666,875 668,875 670,878 670,887 671,887 703,887 707,891 733,891 733,891 733,878 735,876 754,876 756,874 758,874 758,875 758,881 759,882 759,886 760,886 803,886 804,887 851,887 852,886 860,886 860,886 860,880 861,879 861,877 862,876 866,876 867,878 867,896 868,896 886,896 887,898 887,900 888,901 886,903 882,903 881,904 880,904 879,905 871,905 870,906 870,908 869,909 866,909 865,908 846,908 829,908 828,909 800,909 799,910 799,918 798,919 789,919 788,919 788,918 787,917 787,908 787,907 747,907 746,908 713,908 712,909 694,909 693,910 693,920 693,920 689,920 688,920 688,909 688,908 629,908 628,909 610,909 609,910 609,920 608,921"/><TextEquiv index="1"><Unicode>marché, &amp; fâchés de me perdre. Ils parti-</Unicode></TextEquiv></TextLine><TextLine id="r1_l018"><Coords points="832,966 831,966 831,957 831,956 830,957 830,958 829,959 828,959 827,960 826,960 825,961 824,961 823,961 823,960 822,959 822,955 822,954 797,954 796,955 796,965 795,966 791,966 790,966 790,965 790,964 770,964 768,963 768,954 768,953 689,953 688,954 673,954 672,953 661,953 660,952 628,952 627,953 625,953 624,954 601,954 600,953 486,953 483,956 483,957 481,959 481,960 479,962 477,962 475,961 475,955 475,954 448,954 447,953 414,953 413,954 410,954 409,953 230,953 229,954 229,962 227,964 224,964 223,963 220,963 218,962 218,953 218,952 188,952 187,953 186,952 152,952 151,953 123,953 122,953 122,952 121,951 121,935 123,933 124,933 125,932 127,932 128,931 184,931 186,929 187,929 187,930 188,931 188,932 189,932 221,932 222,931 274,931 275,930 276,931 278,931 279,932 319,932 319,932 319,923 320,922 321,922 323,920 324,920 325,919 326,919 327,921 327,922 328,923 328,932 329,932 343,932 344,933 376,933 377,932 384,932 385,931 408,931 408,931 408,925 409,924 409,923 411,921 413,921 415,924 415,931 416,931 433,931 434,932 455,932 456,933 500,933 500,933 500,923 501,922 503,922 505,920 506,920 507,919 509,922 509,923 510,923 519,923 520,924 521,924 521,925 521,926 522,927 522,931 523,931 531,931 532,932 603,932 603,932 603,925 604,924 604,922 605,921 609,921 609,922 609,932 610,932 623,932 624,933 626,933 627,934 658,934 659,933 660,933 661,932 664,932 664,932 664,923 665,922 666,922 667,921 669,921 670,920 693,920 693,921 693,932 694,932 745,932 746,931 785,931 786,932 805,932 806,933 807,933 808,935 808,945 809,945 852,945 852,945 852,942 853,941 853,939 854,938 854,931 855,930 855,925 856,924 856,923 857,922 858,922 859,921 860,921 861,920 864,920 865,921 868,921 869,923 869,924 870,925 870,931 871,931 884,931 884,932 884,933 885,934 885,945 888,948 888,951 886,953 868,953 867,954 864,954 863,953 838,953 837,954 837,966 837,966"/><TextEquiv index="1"><Unicode>rent pour la mine; l'armée décampa, &amp;</Unicode></TextEquiv></TextLine><TextLine id="r1_l019"><Coords points="762,1009 761,1008 760,1008 757,1006 757,1005 756,1004 756,1000 756,999 735,999 734,998 702,998 701,999 701,1002 699,1004 699,1005 698,1006 696,1006 695,1007 693,1007 691,1006 691,1000 691,999 656,999 655,1000 653,1000 652,999 601,999 600,998 555,998 554,999 552,999 551,998 480,998 479,999 478,999 476,1001 475,1001 474,1001 474,999 474,998 401,998 400,999 371,999 370,1000 369,1000 368,1000 368,999 368,998 268,998 267,999 266,998 212,998 211,997 125,997 122,994 121,994 120,994 120,993 119,992 119,990 118,989 119,988 119,983 120,982 120,981 124,977 125,977 126,976 129,976 129,976 129,968 131,966 132,966 133,965 137,965 138,967 138,971 139,972 139,976 140,976 171,976 172,975 196,975 196,975 196,974 197,973 197,971 198,970 198,969 200,967 200,966 201,965 202,965 203,964 205,964 206,963 209,963 210,964 211,964 211,965 211,967 212,968 212,976 213,976 306,976 306,976 306,968 308,966 309,966 310,965 311,965 312,964 313,964 314,966 314,972 315,973 315,974 316,975 316,977 317,977 457,977 457,977 457,967 458,966 460,966 462,964 464,964 465,966 465,977 466,977 516,977 516,977 516,975 517,974 517,973 518,972 518,971 519,970 519,969 523,965 524,965 525,964 530,964 531,965 532,965 533,967 533,976 534,976 541,976 542,977 574,977 575,976 592,976 593,975 600,975 600,975 600,969 602,967 603,967 604,966 605,966 606,968 606,969 607,970 607,977 608,977 658,977 659,978 714,978 714,978 714,968 715,967 717,967 718,966 719,966 720,965 723,965 724,967 724,977 725,977 764,977 765,976 788,976 788,976 788,972 789,971 789,968 791,966 795,966 795,967 795,977 796,977 829,977 829,977 829,973 830,972 830,969 831,968 831,967 832,966 836,966 836,967 836,976 837,976 875,976 875,976 875,969 878,966 880,966 881,965 882,965 883,964 884,964 885,966 885,968 887,970 887,992 888,993 888,994 889,995 889,996 890,997 888,999 778,999 777,1000 777,1002 776,1003 776,1005 773,1008 772,1008 771,1009"/><TextEquiv index="1"><Unicode>dut ſe rendre vers les frontieres; le général</Unicode></TextEquiv></TextLine><TextLine id="r1_l020"><Coords points="632,1055 631,1054 630,1054 627,1052 627,1045 627,1044 617,1044 616,1043 597,1043 596,1042 537,1042 536,1043 510,1043 509,1044 504,1044 503,1043 350,1043 349,1044 349,1053 349,1053 347,1053 346,1054 345,1054 344,1053 340,1053 338,1052 338,1044 338,1043 246,1043 245,1044 245,1052 244,1053 244,1055 244,1055 242,1055 241,1054 238,1054 235,1052 235,1044 235,1043 224,1043 223,1042 171,1042 170,1043 134,1043 133,1044 133,1052 133,1052 127,1052 126,1051 121,1051 120,1051 120,1027 119,1026 119,1025 121,1023 122,1023 123,1022 125,1022 126,1021 165,1021 165,1021 165,1014 166,1013 166,1012 167,1011 199,1011 201,1009 204,1009 204,1010 204,1013 205,1014 205,1015 206,1016 206,1021 207,1021 282,1021 282,1021 282,1019 283,1018 283,1016 287,1012 287,1011 288,1010 290,1010 291,1009 296,1009 298,1012 298,1013 299,1014 299,1021 300,1021 438,1021 439,1020 439,1017 440,1016 440,1015 445,1010 446,1010 447,1009 448,1009 449,1008 450,1008 451,1009 453,1009 454,1010 474,1010 475,1011 476,1011 477,1013 477,1021 478,1021 564,1021 565,1022 725,1022 725,1022 725,1010 726,1009 729,1009 730,1010 761,1010 762,1011 763,1011 766,1015 766,1022 767,1022 876,1022 877,1021 878,1022 879,1022 881,1024 882,1024 882,1025 882,1038 883,1038 886,1038 888,1041 888,1043 887,1044 887,1045 887,1045 883,1045 881,1043 833,1043 832,1044 809,1044 808,1043 786,1043 741,1043 740,1044 692,1044 691,1045 691,1051 689,1053 688,1053 687,1054 686,1054 685,1055"/><TextEquiv index="1"><Unicode>prit la poſte pour faire un voyage à la cour.</Unicode></TextEquiv></TextLine><TextLine id="r1_l021"><Coords points="533,1100 532,1099 531,1099 530,1099 530,1098 529,1097 529,1089 529,1088 483,1088 482,1089 481,1088 363,1088 362,1089 359,1089 358,1088 243,1088 242,1087 200,1087 199,1086 149,1086 148,1087 135,1087 134,1088 125,1088 124,1089 123,1088 122,1088 120,1087 120,1052 121,1051 126,1051 127,1052 132,1052 132,1053 132,1054 133,1054 145,1054 146,1055 147,1055 147,1056 147,1066 148,1066 201,1066 202,1065 236,1065 236,1065 236,1058 237,1057 239,1057 241,1055 277,1055 277,1056 277,1057 278,1058 278,1064 279,1064 289,1064 289,1065 289,1066 290,1066 398,1066 398,1066 398,1057 399,1056 401,1056 402,1055 403,1055 404,1054 405,1054 406,1056 406,1066 407,1066 464,1066 465,1065 467,1065 468,1066 508,1066 509,1067 552,1067 552,1067 552,1059 554,1057 555,1057 558,1054 605,1054 606,1055 607,1055 608,1057 608,1059 609,1060 609,1067 610,1067 710,1067 710,1067 710,1058 711,1057 713,1057 714,1056 715,1056 717,1054 718,1055 719,1055 719,1056 719,1063 720,1063 765,1063 765,1063 765,1062 766,1061 766,1060 768,1058 769,1058 772,1055 773,1055 774,1054 776,1054 777,1055 779,1055 779,1056 779,1057 780,1058 780,1067 781,1067 828,1067 828,1067 828,1065 829,1064 829,1061 832,1058 833,1058 835,1056 836,1056 837,1055 841,1055 842,1056 865,1056 866,1058 866,1063 867,1064 867,1075 868,1075 880,1075 881,1076 888,1076 889,1078 889,1081 887,1083 871,1083 870,1084 870,1088 869,1089 845,1089 844,1088 786,1088 785,1089 729,1089 728,1088 675,1088 674,1089 606,1089 605,1090 605,1091 604,1092 603,1092 601,1091 601,1090 601,1089 592,1089 591,1088 545,1088 543,1090 540,1090 539,1091 539,1099 539,1099 537,1099 536,1100"/><TextEquiv index="1"><Unicode>Il vouloit me donner pluſieurs de ſes ſol-</Unicode></TextEquiv></TextLine><TextLine id="r1_l022"><Coords points="766,1144 764,1144 763,1144 763,1134 763,1133 704,1133 703,1134 655,1134 654,1135 653,1134 593,1134 592,1135 592,1138 589,1141 588,1141 587,1142 584,1142 583,1142 583,1134 583,1133 543,1133 542,1134 540,1134 539,1133 538,1133 537,1132 489,1132 488,1133 444,1133 443,1132 404,1132 403,1133 401,1133 400,1134 397,1134 396,1133 329,1133 328,1134 328,1142 327,1143 326,1143 325,1144 323,1144 322,1145 321,1145 320,1144 317,1144 315,1143 315,1133 315,1132 275,1132 274,1133 225,1133 224,1134 224,1142 223,1143 222,1143 221,1144 220,1143 213,1143 211,1142 211,1133 211,1132 163,1132 162,1133 129,1133 128,1132 127,1132 125,1130 124,1130 122,1129 122,1126 121,1125 121,1122 122,1121 122,1116 123,1115 125,1113 126,1113 127,1112 128,1112 129,1111 132,1111 132,1111 132,1102 133,1101 135,1101 136,1100 137,1100 138,1099 140,1099 141,1101 141,1105 142,1106 142,1110 143,1110 173,1110 174,1111 243,1111 244,1110 292,1110 293,1111 380,1111 382,1109 384,1111 512,1111 513,1112 566,1112 567,1113 629,1113 630,1112 647,1112 648,1113 688,1113 688,1113 688,1105 689,1104 689,1102 690,1101 703,1101 704,1100 706,1100 707,1102 707,1112 708,1112 754,1112 754,1112 754,1108 755,1107 755,1105 756,1104 760,1104 761,1103 762,1104 763,1104 763,1105 763,1107 765,1108 766,1108 766,1109 766,1112 767,1112 810,1112 811,1111 812,1112 865,1112 865,1112 865,1103 866,1102 867,1102 868,1101 870,1101 871,1103 871,1111 872,1111 882,1111 884,1113 888,1113 890,1116 890,1119 889,1120 889,1131 887,1133 886,1133 885,1134 784,1134 783,1135 777,1135 775,1137 775,1139 774,1140 774,1141 771,1144 768,1144 767,1145"/><TextEquiv index="1"><Unicode>dats pour porter mon or; car il n'y avoit</Unicode></TextEquiv></TextLine><TextLine id="r1_l023"><Coords points="777,1190 776,1190 776,1189 775,1188 775,1180 775,1179 744,1179 743,1180 743,1189 743,1189 742,1189 741,1190 736,1190 735,1189 733,1189 731,1188 731,1180 731,1179 706,1179 705,1178 672,1178 659,1178 658,1179 617,1179 616,1178 596,1178 595,1177 566,1177 565,1178 547,1178 546,1179 545,1179 544,1178 440,1178 430,1178 429,1179 428,1179 427,1178 403,1178 402,1177 382,1177 374,1177 373,1178 329,1178 328,1179 296,1179 295,1178 249,1178 248,1177 241,1177 240,1176 212,1176 211,1177 157,1177 156,1178 133,1178 132,1179 132,1183 129,1186 127,1186 126,1186 126,1185 125,1184 125,1182 124,1181 124,1164 123,1162 122,1162 121,1162 121,1160 123,1158 124,1158 125,1157 128,1157 129,1156 168,1156 168,1156 168,1149 169,1148 169,1146 170,1145 174,1145 175,1147 175,1155 176,1155 209,1155 209,1156 209,1157 210,1157 240,1157 241,1156 245,1156 245,1156 245,1147 247,1145 248,1145 249,1144 253,1144 254,1146 254,1156 255,1156 292,1156 292,1156 292,1149 295,1146 298,1146 299,1145 324,1145 325,1146 326,1146 327,1148 327,1149 328,1150 328,1151 329,1152 329,1154 330,1154 340,1154 341,1155 342,1155 343,1156 359,1156 360,1157 401,1157 402,1156 404,1156 404,1156 404,1147 405,1146 407,1146 408,1145 409,1145 410,1144 413,1144 413,1145 413,1146 414,1147 414,1148 415,1149 415,1156 416,1156 454,1156 454,1156 454,1154 455,1153 455,1152 457,1150 457,1149 459,1147 460,1147 462,1145 463,1145 464,1144 468,1144 469,1145 470,1145 470,1146 470,1156 471,1156 541,1156 542,1157 565,1157 566,1158 595,1158 596,1157 599,1157 599,1157 599,1148 601,1146 602,1146 603,1145 604,1145 605,1144 607,1144 607,1145 607,1146 608,1147 608,1148 609,1148 610,1148 610,1149 610,1157 611,1157 641,1157 642,1156 645,1156 646,1157 805,1157 806,1156 808,1156 809,1157 811,1157 812,1159 812,1161 813,1162 813,1172 814,1172 844,1172 844,1172 844,1171 846,1169 851,1169 851,1169 851,1149 853,1147 856,1147 857,1146 858,1147 866,1147 866,1148 866,1157 867,1157 882,1157 883,1158 884,1158 888,1163 888,1174 884,1178 883,1178 882,1179 850,1179 849,1178 846,1178 821,1178 820,1179 788,1179 787,1180 787,1184 785,1186 785,1187 783,1189 782,1189 781,1190"/><TextEquiv index="1"><Unicode>point de bêtes de ſomme dans ce pays. Je</Unicode></TextEquiv></TextLine><TextLine id="r1_l024"><Coords points="510,1235 509,1235 509,1223 509,1222 503,1222 502,1223 475,1223 474,1224 474,1231 473,1232 472,1232 471,1233 464,1233 463,1233 463,1232 462,1231 462,1230 462,1229 438,1229 436,1228 436,1223 436,1222 399,1222 398,1223 386,1223 385,1222 351,1222 350,1223 350,1232 349,1233 342,1233 340,1232 340,1224 340,1223 281,1223 280,1222 265,1222 242,1222 241,1223 240,1222 207,1222 167,1222 166,1223 123,1223 121,1222 121,1207 120,1206 123,1203 124,1203 125,1202 134,1202 135,1201 146,1201 146,1201 146,1194 148,1192 153,1192 154,1194 154,1197 155,1198 155,1201 156,1201 192,1201 193,1202 224,1202 225,1201 240,1201 241,1200 244,1200 245,1201 273,1201 273,1201 273,1194 276,1191 277,1191 278,1190 279,1190 281,1188 282,1188 283,1190 283,1201 284,1201 304,1201 305,1202 345,1202 347,1200 348,1201 384,1201 384,1201 384,1195 385,1194 385,1192 387,1190 389,1190 391,1192 392,1192 392,1193 392,1194 393,1195 393,1201 394,1201 407,1201 408,1200 425,1200 425,1201 425,1202 426,1202 428,1202 429,1203 430,1203 431,1204 461,1204 462,1203 463,1203 464,1202 465,1202 466,1201 632,1201 633,1202 634,1202 635,1203 666,1203 667,1202 669,1202 670,1201 670,1194 673,1191 674,1191 675,1190 679,1190 682,1193 691,1193 693,1196 693,1201 694,1201 741,1201 742,1200 743,1201 744,1201 745,1202 818,1202 819,1201 869,1201 870,1200 871,1201 872,1201 872,1202 872,1205 873,1205 880,1205 880,1206 880,1210 881,1210 889,1210 889,1211 889,1212 890,1213 890,1215 889,1216 889,1217 887,1219 871,1219 870,1220 870,1222 870,1222 850,1222 849,1223 826,1223 825,1224 825,1233 825,1233 816,1233 815,1232 814,1232 813,1232 813,1224 813,1223 772,1223 771,1222 729,1222 710,1222 709,1223 708,1222 667,1222 666,1221 636,1221 635,1222 634,1222 633,1223 629,1223 628,1222 599,1222 598,1223 598,1231 596,1233 587,1233 585,1232 585,1223 585,1222 552,1222 551,1223 548,1223 547,1222 513,1222 512,1223 512,1235 512,1235"/><TextEquiv index="1"><Unicode>n'en voulus point, parce que d'autres por-</Unicode></TextEquiv></TextLine><TextLine id="r1_l025"><Coords points="539,1275 536,1273 536,1267 536,1266 510,1266 509,1267 458,1267 457,1268 384,1268 383,1267 350,1267 349,1268 328,1268 327,1269 323,1269 322,1268 285,1268 284,1269 283,1269 282,1268 229,1268 228,1267 197,1267 196,1268 195,1267 145,1267 144,1268 124,1268 122,1267 122,1266 121,1265 121,1264 120,1263 120,1252 119,1251 119,1250 124,1245 127,1245 128,1246 199,1246 200,1247 239,1247 239,1247 239,1241 240,1240 240,1239 242,1237 246,1237 247,1238 277,1238 280,1235 281,1235 282,1234 299,1234 300,1235 315,1235 316,1236 317,1236 317,1237 317,1246 318,1246 383,1246 384,1245 410,1245 410,1245 410,1235 412,1233 414,1233 416,1236 416,1237 417,1238 417,1240 418,1241 418,1243 419,1244 419,1246 421,1247 454,1247 455,1246 462,1246 463,1245 507,1245 507,1245 507,1237 509,1235 513,1235 513,1236 513,1246 514,1247 514,1248 515,1248 516,1248 516,1249 516,1251 517,1252 517,1259 518,1259 562,1259 562,1259 562,1258 563,1257 563,1254 564,1253 564,1252 566,1250 566,1239 569,1236 570,1236 571,1235 577,1235 578,1236 579,1236 580,1238 580,1243 581,1244 581,1246 582,1246 626,1246 627,1245 641,1245 642,1246 661,1246 662,1247 693,1247 693,1247 693,1246 695,1244 695,1241 702,1234 703,1234 704,1233 709,1233 710,1234 742,1234 743,1235 754,1235 755,1236 785,1236 786,1238 786,1244 787,1244 797,1244 798,1245 835,1245 836,1246 866,1246 867,1245 882,1245 884,1243 886,1243 887,1245 887,1247 888,1247 890,1247 891,1249 891,1265 889,1267 815,1267 814,1268 809,1268 808,1267 807,1267 806,1266 772,1266 771,1267 695,1267 694,1266 670,1266 663,1266 662,1267 661,1267 660,1268 659,1268 658,1267 581,1267 580,1268 577,1268 576,1269 547,1269 542,1274 541,1274 540,1275"/><TextEquiv index="1"><Unicode>teurs s'offrirent à moi, &amp; me ſolliciterent</Unicode></TextEquiv></TextLine><TextLine id="r1_l026"><Coords points="388,1325 387,1325 387,1314 387,1313 366,1313 365,1312 334,1312 333,1313 330,1313 329,1314 329,1323 328,1324 322,1324 319,1322 319,1315 319,1314 310,1314 309,1313 276,1313 275,1314 271,1314 270,1313 201,1313 200,1312 155,1312 154,1313 130,1313 129,1312 128,1312 123,1308 123,1307 122,1306 122,1305 121,1304 121,1303 120,1302 121,1301 121,1298 122,1297 122,1296 126,1292 129,1292 130,1291 133,1291 133,1291 133,1281 134,1280 135,1280 136,1279 137,1279 138,1278 140,1278 141,1280 141,1281 142,1282 142,1288 143,1289 143,1291 144,1291 181,1291 181,1291 181,1284 182,1283 182,1282 185,1279 187,1279 188,1281 188,1291 189,1291 263,1291 264,1290 265,1290 267,1292 325,1292 326,1291 347,1291 349,1289 351,1289 351,1290 351,1291 352,1291 389,1291 390,1292 391,1292 391,1293 391,1306 392,1306 423,1306 423,1306 423,1304 424,1303 425,1303 426,1302 429,1302 429,1302 429,1282 430,1281 442,1281 443,1283 443,1291 444,1291 495,1291 496,1290 554,1290 555,1289 557,1289 558,1290 663,1290 663,1290 663,1283 664,1282 664,1281 666,1279 669,1279 670,1280 715,1280 716,1279 719,1279 721,1282 721,1291 722,1291 752,1291 753,1290 769,1290 770,1289 783,1289 783,1289 783,1288 785,1286 785,1282 786,1281 786,1280 787,1279 788,1279 789,1278 791,1281 791,1282 792,1283 792,1286 793,1287 793,1288 794,1288 827,1288 827,1288 827,1287 828,1286 828,1284 832,1280 833,1280 834,1279 835,1279 837,1277 839,1277 840,1278 842,1278 843,1280 843,1281 845,1282 876,1282 877,1281 878,1281 879,1280 880,1280 881,1279 882,1279 883,1278 886,1278 886,1279 886,1280 888,1282 888,1283 889,1284 889,1300 890,1301 890,1311 889,1312 888,1312 887,1313 844,1313 843,1312 736,1312 735,1313 734,1312 702,1312 701,1313 692,1313 691,1312 638,1312 637,1313 637,1319 637,1319 636,1319 636,1313 636,1312 532,1312 531,1313 526,1313 525,1312 460,1312 459,1313 390,1313 389,1314 389,1325 389,1325"/><TextEquiv index="1"><Unicode>de les accepter. Je me trouvai bientôt ſeul</Unicode></TextEquiv></TextLine><TextLine id="r1_l027"><Coords points="461,1369 460,1368 459,1368 458,1368 458,1358 458,1357 393,1357 392,1358 348,1358 347,1359 345,1359 344,1358 324,1358 271,1358 270,1359 269,1359 268,1358 251,1358 250,1357 141,1357 140,1358 132,1358 131,1359 127,1359 126,1358 125,1358 124,1358 122,1356 122,1355 121,1354 121,1342 126,1337 129,1337 130,1336 257,1336 258,1337 308,1337 309,1336 383,1336 383,1336 383,1327 384,1326 385,1326 386,1325 401,1325 403,1328 403,1334 404,1334 413,1334 415,1336 471,1336 472,1335 521,1335 522,1334 525,1334 526,1335 566,1335 567,1336 639,1336 639,1336 639,1328 641,1326 643,1326 644,1325 672,1325 672,1326 672,1335 673,1335 689,1335 690,1336 765,1336 766,1335 797,1335 798,1334 805,1334 805,1334 805,1329 806,1328 806,1326 808,1324 810,1324 811,1325 812,1325 812,1326 812,1336 813,1336 859,1336 861,1334 861,1332 862,1331 862,1330 863,1329 863,1328 865,1326 866,1326 868,1324 869,1324 870,1323 874,1323 875,1324 876,1324 877,1326 877,1336 878,1336 883,1336 884,1337 886,1337 888,1340 888,1344 889,1345 889,1352 890,1353 888,1355 888,1356 887,1357 887,1358 886,1359 883,1359 882,1360 881,1359 879,1359 878,1358 863,1358 862,1357 775,1357 774,1358 747,1358 746,1359 746,1367 745,1368 736,1368 734,1367 734,1359 734,1358 663,1358 662,1359 661,1358 604,1358 603,1357 542,1357 541,1358 520,1358 519,1359 519,1366 519,1366 517,1366 516,1366 516,1359 516,1358 469,1358 468,1359 468,1366 466,1368 465,1368 464,1369"/><TextEquiv index="1"><Unicode>avec ces maudits porteurs. Une partie ſe</Unicode></TextEquiv></TextLine><TextLine id="r1_l028"><Coords points="209,1414 208,1413 205,1413 202,1411 202,1410 201,1409 201,1404 201,1403 131,1403 130,1402 128,1402 127,1401 126,1401 121,1397 122,1396 122,1388 128,1382 129,1382 130,1381 142,1381 142,1381 142,1373 144,1371 145,1371 146,1370 149,1370 149,1371 149,1374 150,1375 150,1381 151,1381 216,1381 217,1380 323,1380 323,1380 323,1371 324,1370 410,1370 411,1369 417,1369 418,1371 418,1372 420,1374 420,1380 421,1380 523,1380 524,1379 563,1379 563,1379 563,1372 565,1370 566,1370 568,1368 571,1368 571,1369 571,1379 574,1381 738,1381 738,1381 738,1373 740,1371 770,1371 771,1370 819,1370 820,1369 821,1369 822,1368 840,1368 842,1371 842,1381 843,1381 861,1381 862,1382 863,1382 864,1384 864,1386 865,1387 865,1391 866,1391 886,1391 886,1392 886,1393 889,1395 890,1395 890,1396 890,1397 891,1398 891,1400 892,1401 892,1402 893,1403 893,1404 892,1405 891,1405 890,1406 890,1407 889,1408 888,1408 887,1409 886,1409 885,1410 884,1410 883,1411 881,1411 879,1410 879,1404 879,1403 670,1403 669,1404 667,1404 666,1403 582,1403 581,1402 498,1402 462,1402 461,1403 332,1403 331,1404 326,1404 325,1403 222,1403 220,1405 220,1408 216,1412 216,1413 216,1413 211,1413 210,1414"/><TextEquiv index="1"><Unicode>chargea très-leſtement de mes richeſſes,</Unicode></TextEquiv></TextLine><TextLine id="r1_l029"><Coords points="237,1459 236,1459 236,1448 236,1447 129,1447 128,1446 126,1446 125,1445 124,1445 123,1445 123,1444 122,1443 122,1442 121,1441 121,1440 120,1439 120,1436 121,1435 121,1432 122,1431 122,1430 125,1427 126,1427 128,1425 130,1425 130,1425 130,1417 132,1415 134,1415 135,1414 817,1414 818,1415 819,1415 819,1416 819,1418 821,1420 821,1426 822,1426 872,1426 873,1427 875,1427 876,1428 880,1428 881,1430 881,1441 882,1441 886,1441 887,1442 888,1442 889,1444 889,1445 892,1448 891,1449 871,1449 870,1448 439,1448 383,1448 382,1449 277,1449 276,1450 276,1459 276,1459"/><TextEquiv index="1"><Unicode>d'autres voulurent m'enlever moi - même.</Unicode></TextEquiv></TextLine><TextLine id="r1_l030"><Coords points="601,1504 600,1504 600,1493 600,1492 519,1492 518,1493 515,1493 514,1492 447,1492 446,1493 374,1493 373,1494 371,1494 370,1493 268,1493 267,1492 208,1492 203,1492 202,1493 198,1493 197,1494 197,1504 197,1504 164,1504 163,1504 163,1492 163,1491 136,1491 135,1492 134,1492 133,1493 129,1493 128,1492 125,1492 124,1492 121,1489 121,1486 122,1485 122,1484 124,1482 128,1482 128,1482 128,1462 130,1460 133,1460 134,1461 143,1461 144,1463 144,1470 145,1470 154,1470 155,1471 202,1471 202,1471 202,1465 203,1464 235,1464 235,1464 235,1463 236,1462 236,1460 237,1459 275,1459 275,1460 275,1471 276,1471 314,1471 314,1471 314,1462 316,1460 353,1460 354,1459 355,1459 356,1461 356,1464 358,1466 358,1472 359,1472 405,1472 406,1471 483,1471 483,1471 483,1462 485,1460 488,1460 489,1459 490,1461 490,1463 491,1464 491,1471 492,1471 564,1471 564,1471 564,1460 566,1458 567,1459 569,1459 569,1460 569,1462 570,1463 570,1466 572,1468 572,1471 574,1472 625,1472 625,1472 625,1463 626,1462 627,1462 628,1461 629,1461 630,1462 665,1462 665,1462 665,1461 666,1460 668,1460 669,1459 672,1459 672,1460 672,1467 673,1468 673,1484 674,1484 725,1484 725,1484 725,1480 726,1479 726,1478 727,1477 727,1476 728,1475 728,1463 732,1459 734,1459 735,1458 736,1459 739,1459 741,1461 742,1461 742,1462 742,1467 743,1468 743,1469 744,1469 754,1469 755,1470 781,1470 781,1470 781,1461 783,1459 799,1459 800,1461 800,1471 801,1471 859,1471 860,1470 862,1470 863,1471 887,1471 890,1475 890,1476 891,1477 891,1485 892,1486 892,1487 893,1488 892,1489 892,1490 892,1490 890,1492 889,1492 887,1494 886,1494 885,1493 843,1493 842,1492 801,1492 800,1493 793,1493 792,1492 739,1492 738,1493 703,1493 701,1495 701,1496 698,1499 696,1499 695,1500 693,1500 691,1499 691,1494 691,1493 645,1493 644,1494 614,1494 613,1495 613,1503 612,1504"/><TextEquiv index="1"><Unicode>Je préférai de marcher à pied, &amp; ils me</Unicode></TextEquiv></TextLine><TextLine id="r1_l031"><Coords points="279,1538 278,1537 270,1537 269,1536 228,1536 227,1535 155,1535 154,1536 132,1536 131,1537 125,1537 122,1535 122,1518 125,1515 126,1515 126,1515 126,1514 127,1513 127,1510 133,1504 134,1504 135,1503 142,1503 143,1504 199,1504 200,1506 200,1515 201,1515 267,1515 268,1514 269,1514 272,1517 275,1517 275,1518 275,1531 276,1531 282,1531 283,1533 283,1535 284,1536 282,1538"/><TextEquiv index="1"><Unicode>ſuivirent.</Unicode></TextEquiv></TextLine><TextLine id="r1_l032"><Coords points="167,1548 894,1548 894,1587 167,1587"/><TextEquiv index="1"><Unicode>Je me trouvois immenſement riche. Je</Unicode></TextEquiv></TextLine></TextRegion><TextRegion id="r2" type="page-number" orientation="-0.0"><Coords points="800,142 800,70 891,70 891,142"/><TextEquiv><Unicode/></TextEquiv><TextLine id="r2_l001"><Coords points="802,105 885,105 885,142 802,142"/><TextEquiv index="1"><Unicode>.</Unicode></TextEquiv></TextLine></TextRegion><ImageRegion id="r3"><Coords points="311,93 310,95 308,95 307,96 307,105 308,106 308,107 309,108 309,121 308,122 305,122 305,133 308,135 342,135 344,134 352,134 353,133 353,125 354,123 358,123 359,125 359,134 360,135 409,135 410,136 493,136 494,135 508,135 509,134 511,134 512,135 512,136 513,137 513,139 514,140 551,140 552,139 552,136 553,135 555,136 556,136 557,137 594,137 595,136 658,136 659,137 692,137 694,136 694,135 695,134 695,122 694,122 692,121 684,121 683,120 683,105 682,104 681,104 680,103 677,103 676,101 641,101 640,103 597,103 596,104 595,104 594,103 557,103 556,104 555,104 552,106 551,106 550,105 513,105 511,103 456,103 455,104 454,104 453,103 418,103 417,104 417,107 415,108 415,110 414,111 413,110 413,105 412,104 410,104 409,103 367,103 366,101 366,97 365,96 365,95 346,95 345,93"/></ImageRegion></Page></PcGts>