1116 1854
227 160 1003 210 beaux édifices; la campagne devenoit très-
226 208 1001 254 riante; mais je rencontrois de temps en
228 252 1006 299 temps des ſauvages de couleur de cuivre
227 298 997 344 rouge. Ma peau blanche me donnoit une
229 341 999 387 figure tout-à-fait différente de la leur. Quel-
199 387 997 434 ques-uns me prenoient pour un de ces mores
231 432 997 479 blancs, qu'on appelle Albinos, ou pour quel-
228 478 996 524 que animal approchant de la figure humaine.
229 521 994 569 Pluſieurs vouloient tirer ſur moi ſans facon.
228 567 995 614 Heureuſement la langue de ces peuples
230 611 995 658 reſſembloit preſque entiérement à celle des
231 656 995 703 Gnômes, ce qui m'aida beaucoup à me
223 700 998 748 faire entendre, à exprimer mes beſoins; &
226 745 997 794 je parvins enfin à obtenir d'un des paſſants,
228 791 1000 839 qu'il m'indiquât le chemin qui conduiſoit
231 834 998 883 au palais de la reine. J'appris que j'en étois
230 881 995 929 fort éloigné; il me fallut marcher tout le
230 926 995 973 jour; le chemin devenoit, il eſt vrai, plus
228 970 997 1017 beau; le déſert étoit bien loin derriere moi.
225 1017 998 1062 Je me trouvois dans un pays habité; mais
226 1058 999 1108 où l'on étoit habillé, & par conſéquent
225 1102 999 1153 où ma figure devenoit moins de miſe. Je
236 1149 999 1199 cueillis par-ci par-là des fruits, qui me
232 1196 999 1242 valurent l'avantage de ne pas mourir de
233 1242 998 1288 faim, & m'obtinrent de plus quelques
233 1285 999 1333 coups de bâton de la part de ceux à qui
234 1331 1018 1376 ils appartenoient. On lâcha pluſieurs fois
232 1375 1000 1421 de gros dogues à mes trouſſes; & l'amour
229 1419 999 1466 de la vie me donna la force de courir plus
230 1466 998 1513 vîte qu'eux. A chaque village que je tra-
229 1509 999 1558 verſois, je recueillois une troupe de poliſ-
226 1555 998 1601 ſons, qui couroient après moi en me huant;
226 114 297 142 L
