1116 1854
260 1596 525 1645 Tome Il.
130 156 904 211 & quoique j'en laſſaſſe pluſieurs, mon cor-
126 210 725 267 tege augmentoit continuellement.
174 253 903 299 Je decouvris bientôt la ville capitale, &
126 299 900 346 cette vue me fit redoubler d'ardeur pour y
127 344 902 389 arriver; mais auſſi j'eus plus de peine à
128 389 904 435 avancer, parce que je recueillis une ſuite
126 434 903 481 plus nombreuſe & plus fatigante. Il faut
125 481 903 524 avouer bonnement que mes ſuivants me je-
126 523 918 571 toient de la boue, & toutes ſortes de ſu-
132 570 905 616 perfluités, qui n'étoient pas du choix le
125 614 904 661 plus exquis, & que j'étois déja tout cou-
133 659 903 705 vert de ces matieres hétérogenes, avant
126 703 903 750 d'entrer dans la ville. Malgré mon em-
132 748 906 794 barras, j'avois cependant aſſez de préſence
127 793 904 840 d'eſprit pour réfléchir ſur la bizarrerie de
129 841 346 876 mon entrée.
182 875 906 932 L'aſpect de la ville étoit encore plus ſin-
125 927 906 977 gulier que cette entrée unique. Je la diſtin-
127 975 906 1022 guois déja très-bien, & je la trouvois par-
129 1019 906 1067 faitement ſemblable à Paris; je reconnoiſ-
137 1063 908 1109 ſois, à n'en pouvoir douter, les tours de
135 1108 908 1156 Notre-Dame, le dôme des Invalides, le
138 1153 908 1198 Val-de-Grace, l'Obſervatoire; que ſais-je?
128 1198 908 1245 & tant d'autres édifices. Il y avoit là de
131 1242 909 1289 quoi me plonger dans l'extaſe; mais je
136 1287 907 1334 n'avois pas le temps de m'arrêter ſur cette
136 1334 401 1380 contemplation.
186 1377 911 1419 J'enfilai bientôt une avenue, ſemblable
141 1423 908 1469 à la nouvelle qui conduit du pont de
119 1467 911 1515 Neuilly aux Champs-Eliſées. Il n'y a point
143 1513 912 1558 d'entrée d'ambaſſadeur qui attire autant
143 1557 911 1597 d'affluence que la mienne. La charmante
838 117 897 142 L
