1116 1854
223 106 289 130 a
217 149 990 197 promenade ſe trouvoit pleine du plus beat
205 195 993 242 monde; je ſentois combien ma figure étoit
220 239 992 287 indécente, ſur-tout pour un pays d'étiquette
217 284 989 332 comme celui où je me trouvois: j'en étois
185 330 988 377 confus; mais que faire? La foule des po-
216 375 1015 422 liſſons qui s'amaſſoient ſur mes trouſſes, de-
219 421 988 463 venoit innombrable. La ſueur dont j'étois
217 464 989 512 baigné, attachoit davantage ſur mon corps
216 511 988 557 tout ce qu'on y jetoit; les ſpectateurs ne
216 557 991 602 ſavoient trop pour quel animal ils devoient
180 601 988 649 me prendre; il n'y avoit là perſonne à qui
215 646 845 694 je n'euſſe volontiers cédé ma place.
264 692 988 739 Bientôt je paſſai devant un corps-de-
215 737 989 787 garde; & les ſoldats voyant l'incongruité
210 783 990 829 de ma parure, crurent devoir ſe mettre
217 828 988 876 auſſi à ma ſuite pour m'arrêter; voilà donc
217 873 988 921 mon cortege augmenté d'un ſurcroît pé-
210 919 988 966 nible. Je redoublai d'ardeur pour courir:
216 965 984 1010 je traverſai une place ſemblable à celle de
218 1011 984 1056 Louis XV; je gagnai le pont Tournant,
212 1054 771 1101 & me voilà dans les Tuileries.
262 1100 980 1147 C'étoit exactement la même choſe que
216 1145 984 1191 chez nous; la grande allée ſe trouvoit garnie
216 1191 982 1237 de la plus brillante aſſemblée. Toutes les
215 1236 983 1283 dames ſe leverent ſur mon paſſage; j'en-
217 1282 982 1327 tendois crier: Ah, l'horreur! parmi d'in-
218 1326 984 1372 nombrables éclats de rire. En feignant de
217 1371 983 1418 vouloir embraſſer les gens, je les faiſois
216 1415 983 1462 fuir; on ſe rangeoit pour me laiſſer paſſer;
216 1461 748 1507 & je gagnai enfin le château.
263 1506 982 1554 Heureuſement, les ſoldats & le peuple
199 1551 982 1606 n'avoient pas le droit d'y entrer, par reſ-
