1116 1854
131 153 905 200 peet pour le ſéjour de la ſouveraine. Il n'y
132 200 905 246 avoit point de gardes à la porte, j'ignore
132 246 903 291 pourquoi. Je me vis bientôt accueilli par
129 290 945 335 les valets, qui s'attrouperent autour de moi,
133 334 905 381 dans une cour ſemblable à celle qu'on
133 380 906 427 nomme chez nous la cour des princes. Ces
132 425 907 472 honnêtes gens, en éclatant de rire, alloient
134 470 903 517 recommencer, à mes dépens, un jeu auſſi
135 519 936 564 triſte que celui des poliſſons qui m'avoient
98 563 905 610 pourſuivi: j'apperçus dans un coin de la
132 606 904 655 cour une eſpece de trône élevé au deſſus de
136 653 906 701 pluſieurs degrés, d'où j'ai ſu depuis que
135 699 905 746 la reine jugeoit quelquefois les cauſes de ſes
135 745 907 790 ſujets. Je pris ce trône pour un aſyle, &
136 790 908 836 je m'y réfugiai, comptant qu'on m'y reſ-
134 835 936 883 pecteroit. Je tombai ſur les marches en
137 878 938 925 criant: Grace! grace! On m'entoura, ſans
136 925 907 972 me faire de mal; je reſtai long-temps ſans
135 970 922 1017 pouvoir prononcer un ſeul mot: enfin je
139 1016 909 1062 dis aux nobles gens qui m'environnoient:
145 1059 908 1108 „Meſſieurs, ayez pitié de votre ſemblable;
139 1107 909 1155 “j'ai été dépouillé, comme vous le voyez,
138 1149 910 1198 “par des voleurs; j'ai été mis dans l'état
139 1195 908 1242 “où je ſuis par la populace, qui, me
138 1239 908 1288 “voyant nu, m'a comblé d'outrages. Me
108 1285 912 1334 “voilà dans la ſituation la plus déplorable;
139 1330 909 1381 “haraſſé, rendu, pouvant à peine reſpirer;
141 1378 931 1424 “daignez protéger un ſuppliant, qui n'a
140 1423 911 1468 “jamais fait de mal à aucun de vous, &
141 1466 910 1515 “qui n'a pas mérité ſes malheurs par au-
142 1514 877 1558 “cun crime que vous lui connoiſſiez.“
184 1559 911 1605 Les valets parurent touchés de ma ha-
837 106 903 141 Ln
702 1607 772 1649 Fa
