1116 1854
200 114 291 150 s
221 153 990 209 rangue. „Meſſieurs, repris-je, je ſupplie
221 207 987 254 “quelqu'un d'entre vous d'avertir M. le
218 254 989 300 “général de Trombon - Tonnerre, que je
191 297 990 333 “ſuis arrivé. J'ai eu l'honneur de le voir
220 342 989 389 “il y a deux jours, & de faire même un
220 386 989 434 “traité avec lui pour une nation reſpecta-
218 433 987 480 “ble; j'étois alors plus heureux, & en
221 478 981 526 “meilleur équiqage. Il m'avoit donné ren-
221 523 988 569 “dez-vous pour aujourd'hui dans ce palais;
196 566 985 614 “il devoit même me préſenter à la reine.
219 612 985 659 “Vous voyez à quel point des malheureux
220 657 986 703 “m'ont mis dans l'impuiſſance de recevoir
221 704 985 750 “cet honneur; ſi tout ce que j'avance eſt
190 749 987 795 “une impoſture, on pourra me punir. --
219 793 986 840 “Mes amis, dit un de la troupe qui pa-
220 838 989 880 “roiſſoit être raiſonnable, & s'intéreſſer à
222 883 1023 930 “moi, il ne faut condamner perſonne ſans
221 929 986 975 “l'entendre. Venez, mon ami, me dit-il,
221 972 986 1021 “M. le général eſt ici; l'on va vous con-
222 1017 989 1060 “duire à lui.“ Je le ſuivis; on dit à une
219 1063 988 1109 eſpece de Suiſſe de m'annoncer. Il demanda
188 1105 988 1155 qui j'étois.“ Dites à S. E. lui répondis-je,
221 1151 989 1200 “qu'un prêtre Gnôme, à qui il a donné
221 1195 988 1245 “rendez-vous, eſt arrivé.“ Le nom de
222 1243 990 1290 prêtre Gnôme les fit tous rire, & ils me
221 1288 991 1335 toiſerent de la tête aux pieds. Le Suiſſe,
222 1333 988 1381 flegmatique, me regarda d'un air auſſi
221 1376 1011 1425 froid que ſi j'avois été habillé. On lui donna
223 1423 989 1470 commiſſion d'annoncer, à M. le général,
224 1468 990 1515 un prêtre Gnôme à qui il avoit donné ren-
224 1512 987 1561 dez-vous, pour le préſenter à la reine. A
225 1555 988 1616 cette idée, tout le monde rit, excepté le
