1116 1854
191 158 959 206 “pée; ayez ſoin de lui cependant, ajouta-
193 205 959 250 “t-il, qu'il ne manque de rien.“ En di-
189 250 956 297 ſant cela, il monta en voiture. Je voulois
190 294 957 341 lui faire mes excuſes.“ Oh! ne vous in-
191 339 957 386 “quiétez pas, me cria-t-il de la portiere;
190 384 955 431 “ce ne ſera rien. La reine eſt jeune & in-
188 429 955 476 “génue; elle peut écouter de mauvais ca-
187 474 951 518 “quets; mais dans le fond c'eſt bien la
189 519 953 565 “meilleure ame du monde.“ A ces mots
188 563 952 609 il partit, & me laiſſa au milieu de ſes
187 609 906 655 gens, toujours dans le même déshabillé.
218 653 952 699 A peine ſon carroſſe eut-il diſparu, que
188 698 953 745 ces coquins m'entourerent, de l'air le plus
186 742 951 789 inſolent, bien déterminés à s'amuſer à mes
186 786 952 834 dépens. Je ne répéterai pas leurs propos ré-
188 831 954 877 voltants. Ils convinrent enfin qu'il falloit
188 877 951 924 me nettoyer & m'habiller, ſur le champ;
189 922 955 969 ils eurent la cruauté de m'attacher à la
185 967 951 1014 corde du puits, &, de cette maniere, ils
186 1012 997 1059 s'amuſoient à me plonger dans l'eau, & à
164 1056 949 1103 m'en retirer alternativement. Enfin l'un
186 1101 953 1147 d'eux, qui paroiſſoit aſſez bon homme, obtint
182 1145 951 1192 que ce jeu ceſſât. Pour finir de me nettoyer,
187 1191 953 1235 on ſe contenta de me jeter cinquante ſeaux
185 1235 951 1282 d'eau ſur le corps. Après cette aſperſion,
181 1280 951 1327 on me donna une miſérable ſouquenille pour
182 1325 952 1372 me couvrir, & l'on me ſignifia qu'on dai-
182 1370 947 1416 gnoit m'élever au rang de marmiton. Voilà
182 1415 577 1450 mon début à la cour.
224 1459 949 1506 On concoit combien je fus humilié d'un
178 1504 950 1551 pareil traitement; mais je ſentis qu'il ſal-
175 1549 945 1592 loit faire contre fortune bon cœur, & re-
197 107 259 140 r
