1116 1854
708 1599 820 1653 r..
849 116 913 150 Lr.
146 164 915 206 cevoir de la main droite ce qu'elle m'of-
145 205 917 261 froit de la gauche. Je remplis mon emploi
142 252 915 299 avec gaieté, & ma gaiete me valut des
142 294 942 342 amitiés de la part de ces drôles, qui étoient
140 340 936 392 diſpoſés à me maltraiter, pour peu que
139 385 954 434 j'euſſe eu l'air mélancolique. Un chef de
131 430 916 477 cuiſine que je fis rire, me donna un de ſes
143 475 917 525 vieux habits, qui étoit encore aſſez propre.
146 519 915 565 Je fis faire ma barbe, qui étoit encore
144 566 913 613 jeune; je m'accommodai & m'habillai en
146 612 923 657 tirant le meilleur parti que je pus de mon
147 657 918 705 ajuſtement: ils me trouverent tous un air
147 701 915 751 noble & galant. „Vraiment, diſoient-ils,
147 746 914 794 “c'eſt un gaillard bien bâti; il a l'air de
147 791 915 839 “quelque choſe.“ Je vis que je leur en
138 837 915 883 impoſois. Celui même qui m'avoit donné
145 880 919 929 l'habit, paroiſſoit me reſpecter pour cet
146 928 913 977 habit même. Je trouvai une guitare, je me
146 972 913 1022 mis à en pincer d'une maniere qui plut
146 1016 913 1065 Je compoſai bientôt quelques couplets à la
146 1061 915 1110 louange de la reine, & j'allai les chanter
147 1106 915 1158 ſous ſes fenêtres, en m'accompagnant de
147 1153 913 1204 mon inſtrument. Elle me regarda à travers
148 1197 915 1244 une eſpece de jalouſie. On lui dit que j'étois
144 1243 916 1289 le prêtre Gnôme; on lui raconta comment
146 1285 917 1340 j'avois été volé. Elle témoigna qu'elle goû-
148 1332 918 1380 toit ma figure & mon chant, & elle m'en-
149 1380 916 1427 voya cinquante ninons: car les pieces d'or
147 1421 917 1474 étoient ainſi nommées de ſon nom. Je me
147 1468 914 1514 fis habiller très-promptement, & les valets
147 1513 917 1565 n'oſerent plus me commander rien: je
147 1558 820 1606 reçus même des excuſes de leur part.
