1116 1854
859 113 926 159 rr
154 166 931 215 “pu ſe flatter d'être placé ſur le trône avec
154 211 925 257 “ſa maîtreſſe; mais il en fut exclu, comme
161 259 427 296 “tout ſon ſexe.
199 303 926 349 “Tous ces amants d'accord, ſe jete-
153 348 929 394 “rent aux pieds de leur ſouveraine, en
151 393 927 440 “la ſuppliant d'accepter la couronne. Elle
156 438 928 486 “eut beau les prier de ne pas pouſſer plus
154 482 931 530 “loin cette comédie; ce n'en étoit point
155 529 930 576 “une. On propoſa au peuple l'arrangement
156 573 930 620 “que l'amour avoit dicté. Le peuple ac-
154 617 930 665 “cepta volontiers pour ſa reine, celle
158 664 929 711 “qu'il regardoit comme une déeſſe. Elle
158 708 928 754 “fut forcée de céder au vœu publie; elle
158 751 931 800 “eſt regardée comme la fondatrice de cet
160 799 931 844 “empire, auquel elle donna des loix, &
160 845 932 891 “qu'elle gouverna comme un grand roi.
159 888 933 932 “Tous les amants qui l'avoient élevée à ce
160 934 934 980 haut rang, furent ſes conſeillers; cela ve
160 981 348 1017 “ſans dire.
208 1021 933 1070 “Enfin, pour abréger, notre jeune reine
164 1069 931 1115 “eſt la cinquieme depuis elle. Toutes ces
162 1112 932 1162 “princeſſes ont été belles, parce qu'elles
161 1160 933 1203 “deſcendoient d'une mere très - belle, &
164 1203 931 1252 “qu'elles ont toutes eu le choix du bien-
165 1246 932 1296 “heureux mortel qui leur a donné de la
164 1292 933 1342 “poſtérité. Vous devez trouver cette ca-
164 1339 934 1388 “pitale finguliere, par ſa reſſemblance avec
164 1385 936 1432 “Paris d'Europe. C'eſt la diſpoſition natu-
167 1430 933 1478 “relle du terrein, & le goût de nos peres
167 1475 934 1522 “pour leur patie, qui leur a donné l'idée
166 1516 935 1566 “de pouſſer l'imitation ſi loîn. Nous avons
169 1567 932 1615 “beaucoup embelſi vote Pans, ſens que
