1116 1854
113 167 885 217 je m'amuſois avec la femme du général,
114 214 883 262 petite brune fort piquante, dont les yeux
112 257 886 305 ſemblerent vouloir me dire quelque cho-
90 301 885 351 ſe dès notre premiere entrevue. Je ſen-
114 348 883 398 tois ce que je devois à ſon mari, & je me
115 392 888 440 propoſois d'être fort réſervé avec elle; mais
113 438 884 486 j'avois à combattre une jolie femme &
115 483 316 518 moi-même.
162 526 889 567 Je cherchois à me diſtraire avec des
115 572 885 620 citoyennes. Je m'exprime ici un peu ca-
117 617 887 662 valiérement, & j'en ai honte moi-même.
108 661 890 709 Quel langage & quelle conduite pour un
117 708 888 756 amant de Julie! Quoi qu'il en ſoit, il y
90 752 888 801 avoit à Paris-neuf des Francois, ou plu-
118 797 886 845 tôt des filles de Francois, & des naturelles
119 842 887 889 du pays. Les premieres me plaiſoient par
116 887 886 934 leurs graces; mais il n'y avoit pas moyen
119 931 889 980 d'obtenir d'elles un peu de myſtere; &
117 973 889 1025 mon ſecret éventé mettoit madame la gé-
118 1022 889 1066 nérale dans une grande colere contre moi,
120 1066 890 1114 quand il parvenoit à ſes oreilles. Les ſe-
119 1110 890 1156 condes étoient plus diſcretes; mais je les
120 1156 888 1203 trouvois moins aimables. Elles ne man-
119 1200 891 1247 quoient pas de blancheur, parce que le
121 1244 893 1291 pays eſt un peu froid; elles étoient même
122 1288 889 1336 aſſez réguliérement jolies; mais elles vou-
120 1334 892 1382 loient copier les Francoiſes, & cette manie
120 1380 891 1427 leur donnoit un air gauche. Je les aurois
119 1424 889 1469 mieux aimées dans leur ſimplicité natu-
113 1470 277 1517 relle.
168 1511 889 1561 La générale, pour m'agacer, cherchoit
117 1558 888 1604 à me donner de la jalouſie. Elle avoit,
817 128 885 163 L
