1116 1854
828 134 905 166 L
133 172 908 221 dans une colonie Francoiſe, nous le célé-
133 219 918 269 brions, comme à Paris, par des extrava-
131 266 904 313 gances. Je réſolus de conſacrer toutes mes
132 308 910 360 maſcarades à repréſenter, tantôt un per-
132 352 908 405 ſonnage, tantôt l'autre, aux yeux du fi-
132 401 910 449 nancier, qui ne les avoit pas bons. La gé-
132 443 906 506 nérale, qu'il importunoit quelquefois, vou-
132 487 935 540 lut lui donner une autre maitreſſe, & je
133 536 914 583 me chargeai d'en jouer le rôle. Je n'avois
132 582 911 628 que vingt-ſix ans; ma barbe encore un
132 625 913 675 peu blonde ne paroiſſoit point quand j'étois
130 668 912 709 frîachement raſé. Je m'habillai donc en
134 713 909 764 femme, & je parus aſſez bien ſous cet
134 761 910 810 ajuſtement. On m'inſtalla dans une jolie
134 804 913 860 maiſon, & l'on m'amena l'épais Mydas.
135 849 910 900 Il fut ébloui de ma beauté, je lui fis des
134 897 911 946 agaceries, & lui témoignai quelques atten-
136 943 941 988 tions. Il n'en falloit pas davantage pour
134 987 925 1035 faire prendre feu à ce laid perſonnage, qui
133 1034 915 1079 ſe voyoit ordinairement rebuté par toutes
135 1075 916 1122 les femmes. Il me déclara ſa paſſion; je
137 1121 928 1170 fis les minauderies d'uſage en pareil ons
137 1168 910 1215 chez le beau ſexe. Je lui donnai des lueurs
137 1209 944 1260 d'eſpérance, & il fut tranſporté au troi-
137 1258 318 1294 ſieme ciel.
184 1295 911 1350 Je jouois ce jeu dans un coin d'un ap-
139 1345 911 1396 partement, où toute l'aſſemblée, qui étoit
141 1388 945 1439 prévenue, rioit ſous cap. Après avoir fait
139 1438 914 1485 ſoupirer mon amant pendant quelques jours,
141 1483 913 1526 je lui donnai enfin un rendez-vous en re-
145 1528 912 1575 gle. Nous ſoupâmes tête-à-tête: je le vis
140 1571 913 1620 s'emflammer par degrés. L'heure de ſe
