1116 1854
193 171 970 219 coucher vint; je le laiſſai ſe déshabiller.
183 218 966 267 Quand il fut tout nu & prêt à entrer dans
192 265 963 310 le lit, voilà mon mari qui vient; j'entends
189 309 961 356 ſa voix tonner ſur l'eſcalier. Effrayée, je
190 353 963 389 ne ſais où cacher mon homme de contre-
191 400 963 444 bande. Je le pouſſe ſur le balcon & je
191 443 963 490 ferme la fenêtre, en y arrêtant un coin de
192 488 961 535 ſa chemiſe, pour le tenir en reſpect. Mon
193 533 960 579 mari cria beaucoup; c'étoit une baſſe-taille
192 576 961 624 de l'opéra, qui nous avoit paru propre à
194 623 962 667 jouer ce rôle. Il me demanda des nouvel-
191 667 963 712 les d'un drôle qu'il ſavoit être chez moi.
198 710 958 759 „J'ai apoſté, dit-il, ſix grands coquins,
190 756 958 803 “ſur l'eſcalier, pour l'aſſommer.“ Il
192 801 961 848 diſoit cela très - haut: le malheureux en-
191 847 959 893 tendoit tout & trembloit. Il faiſoit d'ail-
191 891 961 938 leurs froid, & il pleuvoit. Je le vis diſ-
191 935 963 984 tinctement, d'une autre fenêtre; il s'étoit
192 979 962 1026 tapi le derriere ſur ſes talons. Je le laiſſai-
192 1024 962 1072 là paſſer la nuit. Le jour vint & le trouva
191 1067 958 1115 dans cet état; pluſieurs perſonnes qui étoient
195 1112 962 1161 averties le ſaluoient par ſon nom. Le len-
192 1156 962 1205 demain la générale & ſa ſociété vinrent
192 1202 963 1251 me trouver. On rit beaucoup, & je m'é-
191 1249 962 1296 criai: „A propos, il faut délivrer le
191 1293 961 1339 “pauvre priſonnier.“ Je lui ouvris: il étoit
191 1336 961 1385 couvert, par la libéralite des poliſſons, des
191 1383 961 1428 mêmes ornements que moi, quand je fis
191 1427 962 1472 mon entrée dans le pays. Tout le monde
190 1470 960 1518 éclata de rire; il ſe ſauva furieux: mon
191 1516 959 1563 prétendu mari le pourſuivit à coups de
189 1559 965 1609 ſouet ſur l'eſcalier. Pour abréger cette ſce-
