1116 1854
195 144 980 203 diable, & ſe ſauve dans le jardin. Les
200 197 977 246 portes de la maiſon ſe ferment, on lui
199 240 978 292 jette un ſeau d'eau ſur ſon corps nu: il
202 285 979 334 entend de grands éclats de rire, & le bruit
198 327 977 383 de vingt fouets, qui lui rappelle ceux qu'il
196 375 975 426 a eſſuyés dans l'aventure précédente. Il
202 421 974 469 grimpe ſur un mur, ſe ſauve comme il
201 469 970 512 peut en s'écorchant, retourne chez lui en
200 511 973 563 grelottant, & recoit la viſite de pluſieurs
198 556 972 604 amis qui ſavent ſon hiſtoire, & lui font
200 599 971 648 des compliments de condoléance. Il leur
197 647 970 700 jure qu'il a épouſé le diable, ſe le per-
200 690 848 737 ſuade, & ſe voit encore chanſonné.
246 738 971 790 Cependant de bonnes gens viennent lui
199 782 970 833 dire que c'eſt un rival qui lui a joué le tour
201 828 971 879 de remplir de feu ſon appartement, mais
196 874 985 930 que ſa pauvre épouſe en eſt innocente, &
201 921 985 968 qu'elle a même paſſé toute la nuit, éva-
201 966 975 1014 nouie de peur. On le perſuade; on m'amene
201 1010 972 1059 à lui; je lui fais de tendres reproches de
173 1057 974 1107 m'avoir abandonné dans le danger; je lui
200 1099 971 1151 peins ma frayeur, mes évanouiſſements,
202 1146 975 1198 mon abandon, les perſécutions de ſon rival
203 1192 976 1238 auquel il me cédoit lâchement. Il reconnoît
203 1238 974 1287 ſa faute, me demande pardon, & me donne
200 1285 974 1331 rendez-vous, pour le lendemain, dans une
202 1327 725 1379 de ſes maiſons de campagne.
247 1370 972 1424 La générale qui me forçoit, malgré ma
203 1417 971 1466 répugnance, de pouſſer le jeu ſi loin,
203 1465 974 1508 vint avec moi au rendez-vous, avant mon
202 1509 976 1557 prétendu mari. Après avoir ſoupé, elle ſe
205 1555 976 1603 coucha dans le lit nuptial, & me permit
204 105 274 137 t
