1116 1854
841 111 915 144 Ln
89 147 944 203 d'y prendre place auprès d'elle. Notre
89 200 943 251 dupe arrive, s'appercoit que j'ai de la com-
89 245 943 293 pagnie, prend ma compagne pour un rival,
89 289 943 337 ſaute ſur un piſtolet, qui heureuſement
89 332 943 382 n'étoit chargé qu'à poudre, & le tire ſur
89 380 943 430 moi, tandis que je m'élançois hors du lit
89 424 943 475 J'eſquivai le coup: mais, pour l'effrayer,
89 471 943 519 je tombai à la renverſe & je fis le mort. Sur
89 515 943 565 le champ on lui fit accroire qu'il m'avoit
89 560 943 611 tué; la peur le prit, il ſe ſauva de la
88 605 943 656 maiſon, de la ville, du pays. Nous paſſâmes
88 649 942 700 la nuit plus gaiement que lui; mais je
88 695 942 751 plaignis beaucoup le général qui graviſſoit
88 741 942 793 ſur les montagnes, traverſoit les fleuves,
88 786 942 838 tandis que ſa femme prenoit des ébats ſi
88 832 942 887 différents; & je me voulois du mal de con-
88 877 446 934 tribuer à le trahir.
88 917 942 970 Le financier voulut rejeter ſur moi ſon
88 962 942 1017 prétendu crime. Du fond de ſa retraite, il
88 1012 942 1063 m'accuſa d'être le meurtrier de ſa femme;
88 1058 942 1106 de ſorte que je me trouvois dans le cas d'être
87 1103 941 1152 pris pour la victime & l'aſſaſſin. Cet homme
87 1147 941 1195 vindicatif étoit dévot. Il n'y a pas de religion
87 1191 941 1241 révélée dominante à Paris-neuf; mais il
87 1238 941 1287 s'y trouve pluſieurs François qui ont retenu,
87 1283 941 1334 en ſecret, quelque idée du chriſtianiſme.
87 1324 941 1376 Notre homme étoit de ce nombre; il repa-
87 1374 941 1422 rut. Je gagnai un de ſes gens, pour m'aider
87 1417 941 1468 à le tromper; je préparai encore des feux
87 1462 941 1510 d'artifice; je pris une trompette, & je
87 1506 941 1559 réſolus de faire l'ange, me reſſouvenant du
86 1553 941 1602 tour que joua le pape Boniface VIII, à
