1116 1854
220 104 318 146 Lea
229 149 1027 205 Céleſtin IV; j'allai, dans cet équipage;
185 199 1026 247 chez le bon homme; je mis la maiſon toute
185 243 1026 293 en feu; je ſonnai de la trompette, je criai,
185 288 1026 336 par un trou: Fais pénitence. Je renouvellai
185 334 1026 384 le même jeu pluſieurs nuits de ſuite. Bref,
185 378 1026 429 je fis prendre ma voix pour celle du ciel;
185 425 1026 472 mon bon homme, tremblant, demanda un
185 468 1026 517 confeſſeur. Je l'avois prévu; je me déguiſai
185 514 1026 563 en prêtre, avec une grande barbe, & je
185 558 1026 609 me fis conduire à lui. Il ſe jeta à mes pieds,
185 603 1026 651 me corfeſſa ſes fautes. Le ſcélérat, il m'ap-
184 649 1026 699 prit des horreurs. Il avoit ſucé le ſang du
184 694 1025 744 peuple, de la maniere la plus criante; on lui
184 738 1025 787 auroit fait grace de ne le pendre que cent
184 782 1025 832 fois. Et quant à moi, l'infame! quand je me
184 829 1025 877 reprochois les tours que je lui jouois, il m'en
184 872 1025 923 préparoit d'abominables. Il avoit apoſté,
184 918 1025 967 dans pluſieurs endroits, des ſcélérats pour
184 965 1025 1012 m'aſſaſſiner; &, ſans les déguiſements que
184 1008 1025 1065 j'avois pris pour le duper, j'aurois été
184 1055 1025 1103 aſſommé. D'ailleurs, il m'avoit voulu em-
183 1099 1025 1148 poiſonner trois fois: un haſard miraculeux
183 1144 1024 1193 m'avoit préſervé. Le coquin me diſoit avec
183 1190 1024 1239 rage, en me parlant de moi: „Ce malheu-
183 1235 1024 1284 “reux m'a coûté plus de deux cents ni-
183 1276 1024 1329 “nons, & je le crois encore en vie.“ Il
183 1324 1024 1373 avoit de plus inventé des calomnies affreuſes
183 1370 1024 1422 pour me faire pendre: je ne lui dis rien;
183 1413 1024 1463 mais mes remords à ſon égard ſe calme-
183 1459 1024 1508 rent un peu. Il me raconta enfin ſes aven-
183 1504 1024 1554 tures avec moi, ſon mariage & ſes autres
182 1549 1024 1611 infortunes. „Or, à préſent, me dit-il, que
896 1596 1009 1631 “faut-
