1116 1854
245 1611 406 1655 Teme I.
79 147 983 211 “faut-il que je faſſe? il n'y a point ici de
79 201 982 270 “couvent; irai - je m'enterrer dans un dé-
79 245 292 307 “ſert?“
151 286 982 345 „Il faut d'abord reſtituer, lui dis-je.“
78 313 981 387 Cetté idée le frappa; elle ne lui étoit pas
78 383 981 436 venue dans l'eſprit. Il ſe ſeroit plutôt feſſé
78 426 981 482 dix fois par jour, que de rendre un quart
77 474 981 527 d'écu. Il fallut cependant s'y réſoudre.
77 518 980 575 L'honnête homme rendit gorge, & je fus
77 564 980 619 chargé des reſtitutions. Combien de familles,
76 610 980 663 qu'il avoit réduites à la mendicité, furent
76 654 979 711 rétablies & comblées de joie! Je l'obligeai
76 701 979 753 de plus à faire des aumônes, que je diſtri-
75 744 979 799 buai avec équité. Je fus béni dans toute
75 791 978 844 la ville; & je réparai en partie, par ces
75 840 978 893 bonnes œuvres. ce que je me reprochois
75 882 978 935 d'irrégulier dans ma conduite à ſon égard;
74 929 978 975 & cela étoit d'autant plus méritoire, que
74 975 977 1025 la reine, ayant appris les noirceurs qu'il
74 1019 977 1070 tramoit contre moi, avoit confiſqué tous ſes
73 1065 977 1114 biens à mon profit. Toutes les reſtitutions
73 1106 976 1162 faites, il reſtoit encore au pénitent un
73 1155 976 1204 bien honnête qui m'appartenoit, & que ſa
73 1200 976 1249 conſcience le preſſoit de me rèmettre. Je
72 1243 976 1295 lui fis dire, par moi, ſon confeſſeur, que
72 1289 975 1339 je lui laiſſois tout, & que je lui pardonnois.
72 1333 975 1385 Il fut touché juſqu'aux larmes, & il vouloit
71 1380 975 1431 me voir pour m'embraſſer; mais il me
71 1424 974 1477 craignoit. Il alla, au bout de quelques jours,
71 1469 974 1521 à un bal, malgré ſon envie de ſe faire
70 1515 974 1563 hermite: il s'y trouva une dame maſquée,
70 1560 924 1607 qui étoit moi-même, qu'il ne reconnut point,
849 116 911 152 LeE
