1116 1854
718 1605 752 1619 L
716 1617 790 1642 T
141 157 949 206 t-il avec fureur!.“ mais je ſuis converti,
144 203 918 252 “je dois pardonner.“ Il continua de me
144 246 919 298 raconter comment il s'étoit marié; com-
144 293 917 343 ment, la premiere nuit, ſon épouſe &
143 337 918 388 toute la maiſon avoit paru tout en feu;
142 382 920 433 comment il avoit été obligé de ſe ſauver
142 429 920 478 Je lui dis, pour le conſoler: „celui qui
146 475 920 523 “jouoit le perſonnage de votre femme,
146 517 919 570 “c'étoit moi-même.“ Il grinça des dents,
145 566 921 614 & s'écria: „Pourquoi ſuis-je converti? &
146 611 920 659 “moi qui croyois avoir tué la malheureuſe!
146 656 917 704 “Ah ſi cela étoit vrai du moins!.. Enfin,
146 700 920 749 “le ciel a tiré parti de mes malheurs, pour
144 745 918 795 “m'amener à lui. Il m'a envoyé l'ange
145 791 921 840 “Gabriel; j'ai entendu la trompette du
143 834 919 885 “jugement dernier, & la voix céleſte qui
143 882 920 930 “m'a crié de faire pénitence.“ A ces
145 928 921 977 mots, je ne pus m'empêcher d'avouer que
146 971 922 1021 ce bon ange Gabriel, c'étoit moi-même
147 1016 942 1067 Ah! eſprit infernal, s'écria-t-il les poings
151 1062 922 1111 “fermés, puiſſes-tu être confondu à tous
145 1106 916 1156 “les diables!,. Mais hélas! je ſuis converti“
144 1151 923 1201 Il ſe radoucit bientôt, en me diſant qu'il
144 1195 920 1247 avoit trouvé un brave homme de confeſſeun,
146 1243 926 1291 dont il me fit l'éloge, qui lui avoit fait
146 1288 926 1337 diſtribuer tous ſe biens aux pauvres. Je crus
144 1334 926 1382 pouvoir lui avouer que ce confeſſeur, dont
145 1380 925 1429 il étoit ſi content, c'étoit moi-même. „Ah
148 1424 926 1472 “coquin! ah ſcélératl s'écria-t-il. C'eſt
146 1469 930 1518 “auſſi toi qui as fait la dame du bal, qui
147 1513 927 1562 “ſavoit toute ma confeſſion Alors il
146 1560 932 1613 m'apoſtropha d'un ſurieux coup de poing
852 113 918 146 ta.
