1116 1854
701 1611 774 1660 a
134 166 908 215 velours. A mon aſpect, elle pouſſa un grand
132 213 899 259 cri, & dit: „Oh le hideux perſonnage!“
128 257 906 306 Je frémiſſois de me trouver, pour la ſeconde
127 303 908 349 fois, devant elle dans un piteux état: la
128 348 907 396 premiere fois tout nu, & la ſeconde on ne
126 393 908 441 peut pas plus mal habillé; mais ma cruelle
127 439 907 487 maîtreſſe me retint par le bras, & ſe hâta
127 484 908 533 de raconter mon hiſtoire à la reine, avec
125 528 905 577 un détail qui annonca qu'elle avoit une mé-
126 576 908 623 moire d'ange. S. M. ne dit rien; mais ſe
125 619 909 667 ſauva en étouffant, comme elle pouvoit,
127 664 906 712 un rire immodéré qui vouloit s'échapper
127 708 908 758 en éclats. L'hermite s'abſenta pendant quel-
127 757 908 804 que temps, & je ne me ſouviens plus de
131 800 907 848 ce qu'il devint. Cette aventure fit l'hiſtoire
130 846 910 893 du jour, & fut cauſe que la reine parla,
129 891 908 938 dit-on, ſouvent de moi, & rit beaucoup à
130 935 910 984 mes dépens. On me fit mille compliments
131 982 908 1044 ſur l'honneur inſigne que j'avois eu de faire
128 1027 403 1067 rire la reine.
141 1059 909 1120 Le général revint, & ne goûta point
130 1117 906 1167 du tout ce qu'il apprit de mon commerce
129 1163 906 1211 avec ſa femme; mais, en homme prudent,
129 1208 907 1256 il n'en témoigna preſque rien: ſeulement
133 1251 908 1301 il me fit ſentir qu'il n'étoit pas fort à pro-
132 1298 908 1346 pos que je continuaſſe de loger chez lui.
140 1343 909 1391 „Hé bien, dit ſa femme, il faut qu'il
134 1390 909 1437 “prenne un hôtel. -- Que parlez-vous
134 1434 908 1482 “d'hôtel, interrompit ſon mari? Ce jeune
132 1480 909 1528 homme eſt un brave garcon; il a de la
135 1523 911 1572 “figure & de l'eſprit; mais il eſt ſans bien:
133 1568 922 1613 “voulez-vous qu'il aille ſe faire entretenir,
843 123 908 156 re
