1116 1854
713 1580 804 1623 a
886 86 944 122 t
117 128 999 183 “Point de grands laquais; arrangez-vous
117 180 998 228 “pour une bagatelle, avec une bonne
117 226 998 274 “femme, qui fera votre ménage. Point
117 269 998 319 “de dorure; un habit ſimple & uni, mais
117 313 998 370 “décent. Point d'équipage ni de talons
117 358 998 414 “rouges; ſoyez un honnête ſecretaire,
117 405 998 452 “& non un duc; alors vous mérite-
117 447 998 500 “rez que les hommes faſſent attention à
117 493 998 545 “vous, & vous deviendrez quelque choſe.“
117 538 998 588 Je le remerciai, en l'embraſſant, les lar-
116 586 998 635 mes aux yeux. Il fut lui-même attendri.
116 628 997 679 „Allez, mon ami, dit-il, conduiſez-vous
116 675 997 734 “en homme, & je ſerai toujours votre
116 722 320 779 “ami.“
210 763 997 825 Sa femme, quand je fus ſeul avec elle,
116 791 997 860 fit de grands éclats de rire, & me dit:
116 857 997 904 „Mais voyez donc comme mon mari
116 900 997 951 “parle iroquois; vouloir enterrer un joli
116 946 997 996 “homme dans la pouſſiere d'un bureau!“
116 988 997 1041 Je lui répondis que je n'aſpirois point à
115 1036 997 1085 être un joli homme; que je ſentois la
115 1081 996 1132 ſageſſe des conſeils de ſon mari, & que
115 1128 996 1176 je voulois les ſuivre. „A la bonne heu-
115 1172 996 1222 “re, me dit-elle, Mons la France; j'ai
115 1215 996 1266 “toujours vu que vous étiez un très-hon-
115 1263 996 1320 “nête roturier;“ & elle me tourna le
115 1309 315 1363 “dos.“
115 1346 996 1400 J'entrai, quelques jours après, dans
115 1396 996 1446 mon emploi de la ſecretairerie; je quittai
115 1443 996 1490 le grand monde; je ceſſai d'être l'homme
115 1489 996 1536 du jour, & je me perdis dans la foule. Je
114 1531 996 1576 louai un petit apnartement: ie me mis
