1116 1854
195 96 265 137 a
196 142 970 194 en penſion dans une auberge décente, &
196 193 971 240 j'allois manger une fois par ſemaine chez
196 235 971 285 le général, qui me conſidéroit beaucoup
190 281 972 329 plus, depuis que ſa femme me confidéroit
189 330 313 365 moins.
191 373 975 421 Je fis connoiſſance avec les gens du ſer-
199 418 972 465 vice de la cour, qui étoient de ma ſphere.
197 464 973 510 Leurs femmes vouloient copier les travers
167 508 976 555 des ducheſſes; mais elles paroiſſoient
198 555 976 612 moins inſupportables, parce qu'on n'étoit
197 600 975 647 pas oblige de les ſupporter avec tant
196 644 976 692 d'égards. Leurs filles vouloient avoir des
198 690 974 737 maris, & je me trouvois pour cela expoſé
200 734 975 783 à leurs innocentes agaceries. Je goûtois
197 781 976 826 beaucoup plus leur petit commerce, que
196 825 975 872 celui des dames du grand monde, avec
196 870 977 917 leſquelles il falloit être impitoyablement
197 915 975 962 abſurde: je m'accommodois aſſez d'une
199 959 975 1008 vie réglée; car enfin j'étois las d'être un
200 1009 392 1042 aventurier.
246 1050 974 1097 Le miniſtre me trouva du talent, il me
199 1096 979 1143 le prouva en m'occupant fort peu, en
198 1140 975 1187 me tenant le plus bas qu'il pouvoit, en
197 1184 975 1232 écartant de moi toute occaſion de m'avan-
199 1231 977 1278 cer. Je reconnus que la moindre appa-
198 1276 976 1322 rence de capacité lui donnoit de l'ombrage.
201 1320 976 1367 Je me voilai le plus qu'il me fut poſſible;
199 1365 978 1412 mais je ne pus jamais me rendre aſſez
200 1409 977 1468 médiocre pour être goûté par cet homme
217 1453 398 1506 upérieur.
