1116 1854
192 95 263 141 ne
188 149 963 197 “me dit-elle, en appuyant un peu trop
177 194 965 242 “ſur cette expreſſion dédaigneuſe. C'eſt une
173 240 962 287 “pauvre petite orpheline qui me fait pi-
177 285 963 333 “tié: j'ai beaucoup connu ſa mere; elle
186 331 958 378 “mourut il y a quelques mois, & le pere
184 375 962 423 “il y a quelques années. La pauvre enfant
178 419 960 466 “ne ſait à quel ſaint ſe vouer. Il faut que
186 466 960 513 “vous lui faſſiez la charité de la prendre
179 510 961 558 “pour faire votre ménage. Une bagatelle
181 556 959 602 “que vous lui donnerez ſera une fortune
186 601 959 648 “pour elle. Je la mettrai en penfion chez
187 646 960 693 “une bonne femme de mes amies, qui la
189 692 958 740 “nourrira & la logera avec ce que vous
179 736 957 789 “lui paſſerez, & ce que j'y pourrai
179 787 352 828 “ajouter.
234 815 957 875 “Soit, lui répondis-je; je m'en rap-
174 873 956 920 “porte à vous.“ Sur le champ elle cria:
181 918 955 965 „Dorothée, monte, ma fille.“ La fille
180 963 956 1011 monta, & il ſembloit qu'elle n'oſoit entrer.
184 1007 958 1051 Avance donc, innocente, lui dit l'hô-
185 1053 956 1102 “teſſe: as - tu peur de monſieur? c'eſt la
186 1099 960 1148 “douceur même. I aura de la bonté pour
185 1142 960 1192 “toi, ſi tu fais ton devoir.“ Il étoit preſ-
185 1188 964 1238 que nuit, & je n'avois pas encore de lu-
189 1234 962 1282 miere; j'entrevis une jeune fille fort bien
184 1279 960 1327 faite, à qui je trouvai un air tout-à-fait noble
188 1324 957 1373 Je ſuſpendis mon jugement ſur ſa figure,
177 1370 962 1417 juſqu'à ce que j'euſſe de la lumiere. Je ne
189 1414 960 1464 pus cependant me diſpenſer de dire tout
189 1459 960 1506 bas à mon hôteſſe: „Cela me paroît bien
188 1506 960 1555 “jeune. -- Oh non! me répondit-elle; elle
180 1548 960 1612 eſt en âge & en état de vous bien ſervir:
