1116 1854
853 125 919 166 s
145 159 921 217 “elle a ſeize ans paſſés. -- Oui; mais,
144 212 923 261 “lui dis-je, une jeune fille, qui paroît
141 257 920 313 “avoir de la figure, ſervir un jeune homme!
143 302 918 350 “cela eſt-il décent? En un mot, ne la
140 349 918 395 “prendra-t-on point plutôt pour ma maî-
139 393 918 443 “treſſe, que pour ma ſervante? -- Quoi!
142 438 919 487 “une petite ſouillon comme cela? me ré-
144 483 917 531 “pondit madame Jovial, un enfant que
143 528 917 576 “vous tirez pour ainſi dire de deſſus le
143 572 916 620 “fumier! vous n'y penſez pas; c'eſt une
141 618 915 666 “pure charité que vous faites. Vous ima-
141 665 917 713 “ginez-vous qu'on vous croira capable de
138 708 915 759 “deſcendre à un petit chiffon comme ce-
140 755 915 805 “la?“ Pour moi, je trouvois à ce pré-
136 798 914 847 tendu chiffon un air intéreſſant, & qui sû-
139 845 914 888 rement n'avoit rien de commun. Que vou-
140 889 943 938 “lez-vous? dis-je à mon hôteſſe; avec l'air
141 934 913 984 “que je trouve à cette jeune perſonne, je
138 979 913 1030 “ſerai peut-être gêné, pour lui comman-
138 1026 912 1074 “der quelque choſe. -- Hé! bon Dieu, ré-
135 1071 911 1119 “pondit - elle, vous me faites rire! oh!
135 1116 914 1164 “vous pouſſez la politeſſe trop loin! Vrai-
136 1161 910 1207 “ment, il feroit beau voir que vous vous
138 1206 910 1256 “gênaſſiez pour une petite miſérable, trop
136 1250 913 1289 “honorée de vous ſervir! Il faut la traiter
138 1297 911 1346 “un peu vertement, & la relever de ſen-
137 1343 912 1390 “tinelle: voilà encore un beau muſeau,
134 1388 759 1435 “pour tenir cela dans du coton!“
132 1433 909 1481 Je trouvois ce langage tout-à-fait comi-
133 1479 907 1526 que, relativement à l'impreſſion que me
132 1523 905 1571 faiſoit cette jeune fille; & il me ſembloit
126 1568 908 1629 que madame Jovial affectoit d'exagérer un
