1116 1854
196 168 981 214 peu le prétendu dédain qu'elle témoignoit
197 211 985 258 pour elle. „Après tout, me dis-je, l'air
196 255 984 304 “noble que je lui ſuppoſe n'eſt peut-être
200 302 985 348 “que dans mon imagination. La lumiere
200 346 981 392 “va ſans doute le faire éclipſer, & ne m'of-
201 391 984 439 “frir dans cette petite fille, qu'un perſon-
201 436 983 483 “nage à traiter auſſi cavaliérement que le
201 482 980 519 “veut cette brave femme. -- Encore un
200 527 983 577 “coup, lui dis-je, je m'en rapporte à vous.
201 573 979 618 “-- Cela ſuffit, reprit madame Jovial:
200 618 980 666 “tiens, dit-elle tout haut à la fille, deſcends
200 663 982 709 “avec moi, & tu apporteras de la lumiere
200 706 981 755 “à ton maître.“ L'enfant me fit une révé-
200 752 981 811 rence de très-bonne grace, & deſcendit.
200 797 983 844 Des idées toutes différentes m'abſorberent
201 843 980 892 ſur le champ, & me firent oublier ma
174 889 983 937 nouvelle ſervante, puiſqu'on lui donnoit
203 934 981 979 ce nom. Elle rentra bientôt avec la lumiere.
201 979 980 1028 Je ne penſai pas à la regarder; je me
201 1023 982 1072 mis à écrire quelques vers que je venois
201 1068 981 1117 de finir, & je lui parlai auſſi familiére-
198 1114 979 1163 ment que l'exigeoit mon hôteſſe, (ce qui
200 1159 983 1208 ne m'eſt pas ordinaire) ſans penſer à le-
201 1204 981 1254 ver les yeux ſur elle. „Mon enfant, lui
202 1250 980 1300 “dis-je, ne manque pas de dire à madame
198 1296 983 1344 “Jovial, que je voudrois ſouper ici: qu'elle
198 1343 981 1388 “s'entende avec toi pour cela. -- Mon-
202 1386 982 1435 “ſieur, me répondit la petite perſonne,
199 1432 980 1480 “permettez-vous après cela que je me re-
200 1478 976 1525 “tire? J'ai là-bas mon frere qui me re-
200 1522 973 1571 “conduira. -- Oui ſans doute, lui dis-je.
198 1563 976 1619 Et à quelle heure, reprit - elle, ordonnez-
198 110 286 168 1rE
