1116 1854
847 100 908 133 é
146 140 912 199 “d'eſprit pour faire un lit? ou bien ſeroit-
145 196 912 243 “elle trop nonchalante? ſi je croyois cela,
132 241 909 288 “je ſaurois bien la faire remuer. -- Vous
131 287 912 333 “ne m'entendez pas, lui repartis-je; je
133 332 913 378 “dis que cette fille eſt trop bien, trop au
140 377 914 425 “deſſus de ſon ſort.“ A ces mots, la bonne
109 420 914 469 dame éclata de rire. „Une petite guenille
131 468 914 514 “comme cela, dit-elle, trop au deſſus de
141 512 914 559 “ſon fort! Je craignois au contraire que
117 556 914 603 “vous ne vous plaigniſſiez de ce que je
139 601 914 649 “vous donnois une petite créature trop peu
141 647 917 693 “digne de vous ſervir. Vous la trouvez
140 691 920 739 “trop bien! Il faut en vérité que vous ayez
137 737 912 794 “des yeux très-particuliers. Elle parla long-
143 781 918 829 temps ſur le meme ton. Ses filles, & d'au-
113 825 916 874 tres que j'interrogeois, me répondoient de
141 872 914 917 la même facon, en riant de mes queſtions
142 915 915 963 Il fallut donc que je cruſſe que j'avois les
141 961 917 1009 yeux faſcinés. „La lumiere, diſois-je, me
113 1007 916 1067 “fait peut-être illuſion; demain nous ver-
136 1053 551 1099 “rons au grand jour.“
190 1098 916 1145 Le lendemain le jour n'y changea rien.
144 1142 917 1190 Je trouvai ma petite ménagere auſſi jolie
116 1188 915 1233 qu'aux lumieres. C'étoit la fraîcheur de la
145 1229 920 1274 roſe: elle me fit la révérence en entrant,
145 1277 917 1323 d'un air ſi reſpectueux & ſi décent, que
144 1322 915 1368 je ne pus encore m'empêcher de me le-
144 1367 914 1415 ver pour la lui rendre. Mon hôteſſe, qui
143 1409 916 1460 étoit entrée avec elle, fit un grand éclat
145 1457 918 1503 de rire. „Oh! tel maître, telle ſervante,
146 1500 934 1548 “dit-elle. On ne peut être plus poli qu'ils
143 1544 920 1586 “le ſont tous deux. Il va bientôt faire de
