1116 1854
139 163 915 212 Dorothée baiſſa ſur ſon viſage une petite
138 210 914 259 coëffe qui en cachoit une partie. Je ne fus
139 256 912 303 pas fâché de cette attention; mais je cher-
137 301 911 348 chbis pourquoi elle vouloit ſe cacher aux
139 347 912 394 yeux de mon ami. Je le lui demandai tout
136 392 910 438 bas. „Hélas! répondit-elle, je vois bien
136 435 910 484 “que j'ai tort, & qu'il faudra tôt ou tard
133 481 910 529 “que ma miſere ſoit connue.“ Elle ſe
136 526 913 574 croyoit donc au deſſus de l'état qu'elle
135 572 910 619 rempliſſoit. Le ſérieux ami ne ceſſoit de la
136 615 907 664 regarder à la dérobée. Je le trouvois même
134 661 911 709 troublé; il ſe perdoit dans les raiſonne-
137 706 910 755 ments qu'il me faiſoit; & ſon œil, malgré
139 754 911 800 lui, ſe tournoit toujours vers la belle. Je
136 798 912 846 diſois en moi-même: „il faut donc que
137 843 909 892 “cette fille - là n'ait pas l'air ſi guenille à
135 888 909 936 “ſes yeux.“ Il regardoit dans les miens,
133 932 907 980 nous cherchions à nous cacher récipro-
133 979 908 1026 quement l'impreſſion qu'elle nous faiſoit.
133 1025 905 1071 Dorothée me demanda tout bas mes ordres
133 1069 906 1118 pour le lendemain: je la conduiſis juſqu'à
133 1115 906 1161 ma porte, & je lui ſerrai la main; elle me
132 1159 448 1208 parut toute émue.
181 1205 905 1249 Nous allâmes à la fête; mon ami me
132 1250 905 1299 ſembla rêveur au commencement du che-
133 1291 904 1341 min; je ne l'étois pas moins. Il ne me dit
131 1340 903 1394 rien de ma gouvernante; je ne lui en par-
132 1385 932 1433 lai pas: cependant ſon eſprit s'éclaircit
132 1431 901 1478 par degrès, & bientôt il me raconta l'ori-
132 1476 786 1524 gine de la fête que nous allions voir.
101 1519 896 1559 „Au commencement de notre établiſſe-
132 1567 909 1614 “ment, me dit-il, il y avoit parmi nous
850 111 915 154 Lé
