1116 1854
189 164 973 212 “beaucoup d'hommes, & très-peu de fem-
200 211 975 257 “mes. Parmi le peu de pucelles que nous
199 256 972 297 “avions, tout le monde vouloit avoir les
202 300 977 349 “plus jolies, & laiſſer - là les plus laides
200 347 972 391 “Pour remédier à cet inconvénient, on
201 390 977 437 “s'aviſa d'un expédient qu'on avoit lu dans
203 437 976 481 “l'hiſtoire ancienne. On ordonna que tou-
200 480 980 530 “tes les filles ſeroient propoſées à l'encan;
203 527 976 575 “qu'on vendroit les plus jolies aux plus
203 574 976 620 “offrants; & qu'avec l'argent qu'on en re-
203 617 976 663 “cueilleroit, on marieroit les plus laides
204 664 979 711 “aux plus accommodants. De cette ma-
202 706 976 755 “niere on placa toutes les filles; & l'on a
201 751 972 798 “toujours ſuivi le même uſage. A cette
203 797 979 846 “occaſion on fit une fête, qui s'eſt renou-
200 841 800 890 “vellée depuis chaque année.“
207 885 975 934 Nous arrivâmes dans un édifice char-
183 933 978 980 mant, qui reſſembloit au plus beau co-
202 976 978 1022 liſée. On voyoit dans l'intérieur de l'en-
204 1023 993 1070 clos des ſalles de ſpectacle & de bal, &
201 1068 978 1115 des cafés d'une galanterie qui effacoit tout
200 1114 975 1160 ce que la France a de plus brillant en ce
203 1156 978 1206 genre. Jamais le ſoleil ne pénétroit dans
203 1203 977 1251 ces beaux lieux, ou des milliers de flam-
200 1249 975 1296 beaux, de luſtres & de bougies, formoient
203 1292 976 1340 une clarté plus ſéduiſante que le grand
202 1339 978 1386 jour. Le ſite contenoit un peuple immenſe.
202 1383 975 1431 Il y avoit au moins dix mille filles à ma-
198 1429 977 1476 rier. Elles étoient vêtues ſelon leurs goûts,
202 1473 975 1519 qui différoient autant que leurs figures.
199 1519 973 1565 Parmi ces jeunes perſonnes, on en voyoit
199 1560 977 1611 de charmantes; celles-là étoient le plus
203 112 272 153 ré.
