1116 1854
824 116 897 163 r
125 161 935 219 ſimplement miſes; il y en avoit des lai-
91 214 935 265 des, ſurchargées d'ornements qui ne fai-
91 259 934 310 ſoient que les enlaidir encore davantage.
91 305 934 354 Chacune pour ſe faire connoître cherchoit
91 350 934 399 à déployer ſes talents. On voyoit les unes
91 397 934 444 danſer avec des jeunes gens dont elles
91 441 934 489 briguoient la conquête; les autres jouoient
91 486 934 535 des inſtruments ou chantoient; pluſieurs
91 530 934 580 peignoient; quelques - unes récitoient des
91 578 934 625 drames. On en voyoit des plus tranquil-
91 622 934 670 les, dans des eſpeces de petites boutiques,
90 666 934 716 où elles étaloient les ouvrages qu'elles
90 712 933 762 avoient faits, & dont elles croyoient que
90 756 933 807 l'élégance devoit leur attirer des ſoupirant.
90 804 933 851 En un mot, chacune de ces demoiſelles
90 848 933 895 cherchoit à ſe faire valoir par ſes avanta-
90 892 933 942 ges. Les plus laides étoient ordinairement
90 939 933 1006 celles dont les travaux paroiſſoient les plus
90 985 272 1032 brillants.
90 1015 933 1079 Je fus conduit ſucceſſivement dans toutes
90 1074 933 1124 les ſalles; & j'avoue que je trouvai ce ſpec-
89 1120 933 1169 tacle enchanteur. Il y avoit plufieurs de ces
89 1165 932 1214 beautés que j'aurois volontiers achetées pour
89 1211 932 1258 mes maîtreſſes; mais Julie, reine de mon
89 1253 932 1304 cœur, étoit la ſeule que je defirois pour
89 1301 932 1351 ma femme. Cependant je penſois de temps
89 1346 932 1395 en temps à ma petite Dorthée; & je ne
89 1392 932 1441 voyois aucune nymphe, dans toute cette
89 1435 932 1485 foule, qui méritât de lui être comparée.
89 1482 932 1530 Il y avoit déja quelque temps que la ſoire
89 1524 932 1574 des demoiſelles duroit; & pendant ce temps,
88 1570 932 1636 elles avoient taché de faire connoître eur
