<PcGts xmlns="http://schema.primaresearch.org/PAGE/gts/pagecontent/2017-07-15" xmlns:xsi="http://www.w3.org/2001/XMLSchema-instance" xsi:schemaLocation="http://schema.primaresearch.org/PAGE/gts/pagecontent/2017-07-15 http://schema.primaresearch.org/PAGE/gts/pagecontent/2017-07-15/pagecontent.xsd"><Metadata><Creator/><Created>2020-09-17T10:25:10</Created><LastChange>1970-01-01T00:00:00</LastChange><Comments/></Metadata><Page imageFilename="0173.png" imageHeight="1854" imageWidth="1116"><ReadingOrder><OrderedGroup id="g1"><RegionRefIndexed index="0" regionRef="r3"/><RegionRefIndexed index="1" regionRef="r2"/></OrderedGroup></ReadingOrder><ImageRegion id="r1"><Coords points="331,95 330,96 324,96 324,98 323,99 323,100 322,101 322,111 323,112 327,112 330,114 330,122 327,125 326,125 326,126 325,127 325,136 326,136 327,137 373,137 374,136 374,127 375,126 376,126 377,127 377,134 378,135 378,137 413,137 414,136 438,136 439,137 473,137 473,136 475,135 527,135 533,141 568,141 573,136 612,136 614,135 615,136 707,136 709,135 709,134 710,133 710,122 709,122 707,121 702,121 699,119 702,117 702,107 701,106 701,103 699,103 698,101 696,101 695,100 657,100 655,101 625,101 624,103 564,103 563,101 563,100 561,100 560,99 527,99 526,100 493,100 492,101 473,101 472,100 439,100 438,101 391,101 390,103 387,99 387,98 385,98 384,97 384,96 383,96 382,95"/></ImageRegion><TextRegion id="r2" type="paragraph" orientation="-0.0"><Coords points="120,144 119,145 119,151 118,152 115,152 115,159 114,160 114,162 113,163 112,163 111,164 111,178 112,179 112,191 113,192 113,193 114,193 115,194 128,194 129,195 128,196 127,196 124,199 123,199 123,207 122,208 119,208 118,209 117,209 116,210 114,210 114,212 113,213 113,216 112,217 112,233 113,234 115,234 116,235 117,235 119,237 121,237 122,238 145,238 146,239 155,239 157,241 157,249 191,249 193,247 193,246 195,244 195,243 196,242 196,241 198,239 219,239 220,238 243,238 244,239 281,239 282,238 283,238 284,237 285,237 287,235 287,233 288,232 288,213 286,211 286,210 285,209 285,207 287,205 287,195 286,194 287,193 297,193 298,194 346,194 347,195 347,201 382,201 382,200 384,198 384,195 385,194 402,194 403,193 446,193 447,194 446,195 424,195 423,196 420,196 417,199 400,199 398,201 398,207 397,208 384,208 383,209 298,209 297,210 296,210 294,212 294,213 293,214 293,216 292,217 292,230 293,231 293,235 296,238 299,238 300,239 383,239 384,238 385,238 386,239 384,241 383,241 380,244 379,244 378,245 376,243 342,243 341,244 339,244 338,245 337,245 337,246 336,247 336,253 335,254 326,254 325,253 325,244 323,242 282,242 281,243 280,243 278,245 278,246 277,247 276,247 276,250 274,252 271,252 269,250 269,245 268,244 232,244 232,245 231,246 231,252 230,253 155,253 154,252 119,252 118,253 117,253 117,254 114,257 111,257 111,267 112,267 113,268 113,280 114,281 115,281 117,283 137,283 139,285 213,285 213,284 214,283 216,285 252,285 252,284 253,283 286,283 288,285 321,285 322,286 321,287 318,287 317,288 315,288 314,289 312,289 312,293 310,295 309,295 306,298 283,298 282,297 219,297 218,298 194,298 193,297 169,297 168,296 167,296 166,295 166,292 165,291 165,290 127,290 126,291 126,293 125,294 125,295 124,296 123,296 122,297 115,297 114,298 114,299 113,300 112,300 111,301 111,324 113,326 113,327 135,327 137,329 186,329 186,328 187,327 189,327 191,329 228,329 229,330 229,336 230,337 230,338 232,340 235,340 236,341 244,341 245,342 243,344 242,344 241,345 210,345 209,344 209,342 173,342 171,344 157,344 156,343 156,342 155,341 119,341 118,342 118,344 117,345 116,345 115,346 115,347 114,348 114,356 113,357 113,367 115,369 115,370 118,373 132,373 133,374 170,374 171,373 173,373 174,374 234,374 237,377 237,378 238,379 238,380 239,381 239,382 240,383 240,384 241,385 241,386 242,387 242,388 241,389 231,389 230,388 230,382 229,381 229,378 228,377 187,377 186,378 185,378 184,379 184,381 183,382 182,382 181,383 181,384 180,385 180,387 178,389 165,389 164,388 164,378 163,378 162,377 128,377 127,378 121,378 121,387 119,389 118,389 116,391 115,391 113,393 113,414 117,418 119,418 120,419 154,419 155,420 155,422 190,422 190,420 191,419 205,419 206,420 241,420 242,419 251,419 252,420 258,420 261,423 261,424 262,425 262,426 263,427 263,428 264,429 264,430 265,431 265,432 266,433 266,434 265,435 261,435 260,434 245,434 243,432 243,422 206,422 204,424 203,424 202,425 201,425 201,433 200,434 158,434 157,433 122,433 122,434 121,435 115,435 114,436 113,436 113,449 114,450 113,451 113,463 114,464 114,465 149,465 150,464 259,464 260,465 282,465 283,466 283,467 284,468 282,470 281,470 279,472 279,479 278,480 254,480 253,479 253,470 252,469 216,469 215,470 215,478 214,479 173,479 172,478 136,478 135,479 125,479 124,480 119,480 117,482 117,483 116,484 115,484 114,485 114,491 113,492 113,501 117,505 117,506 119,508 120,508 121,509 190,509 192,511 191,512 187,512 186,513 185,513 184,514 184,515 183,516 182,516 181,517 181,519 180,520 180,522 178,524 159,524 158,523 158,512 121,512 119,514 117,514 116,515 115,515 115,526 116,526 117,527 117,528 118,529 118,539 117,540 117,543 116,544 115,544 115,553 116,553 118,555 174,555 176,553 177,553 179,555 268,555 269,556 304,556 305,555 329,555 330,556 330,557 331,558 331,559 332,560 332,561 333,562 333,563 335,565 335,566 336,567 336,568 337,569 336,570 301,570 300,569 300,559 298,559 297,558 263,558 262,559 261,559 260,560 259,560 258,561 258,567 257,568 191,568 190,567 190,559 189,558 139,558 138,559 137,559 136,560 135,560 135,566 134,567 121,567 120,568 120,569 119,570 118,570 117,571 117,573 116,574 115,574 115,586 114,587 114,596 115,597 115,600 117,600 118,601 118,602 119,603 122,603 123,604 123,611 122,612 120,612 119,613 119,614 118,615 118,616 117,617 116,617 115,618 115,625 114,626 114,639 115,639 119,643 122,643 123,644 202,644 203,645 204,645 206,647 244,647 246,645 278,645 279,646 314,646 315,645 360,645 361,646 376,646 378,648 376,650 375,650 374,651 374,652 373,653 372,653 371,654 371,655 370,656 370,659 369,660 258,660 257,659 219,659 218,660 212,660 211,659 210,659 209,658 209,653 187,653 186,652 186,650 185,649 185,648 127,648 125,650 123,650 122,651 121,651 117,655 115,655 114,656 114,658 113,659 113,684 114,685 114,689 115,690 116,690 117,691 117,703 119,705 118,706 117,706 117,707 115,709 115,720 114,721 114,736 124,736 126,738 125,739 123,739 122,740 122,741 120,743 120,744 118,746 118,748 117,749 115,749 114,750 113,750 113,761 114,762 115,762 117,764 113,768 113,777 114,778 115,778 117,780 151,780 152,779 189,779 190,780 232,780 234,782 234,783 268,783 268,781 269,780 335,780 337,782 337,783 336,784 317,784 316,785 314,785 313,786 312,786 311,787 310,786 310,784 309,783 275,783 274,784 273,784 272,785 269,785 268,786 267,786 267,794 265,796 254,796 253,795 253,794 236,794 235,793 235,786 234,785 196,785 196,793 195,794 155,794 154,793 154,783 117,783 116,784 114,784 113,785 112,785 112,805 113,806 113,809 112,810 112,825 113,826 147,826 148,825 180,825 181,826 219,826 220,825 233,825 234,826 273,826 274,825 287,825 288,826 377,826 378,827 377,828 373,828 373,830 372,831 371,831 371,836 370,837 370,841 369,842 337,842 336,841 325,841 324,840 324,839 323,838 319,838 318,837 318,830 267,830 266,831 265,831 265,840 264,841 252,841 251,842 235,842 234,841 213,841 212,840 193,840 192,839 192,836 190,834 190,830 188,828 152,828 150,830 150,833 149,834 149,835 147,837 119,837 114,842 114,843 113,844 113,851 112,852 90,852 90,863 92,865 93,865 95,867 112,867 113,868 113,869 114,870 195,870 196,871 215,871 216,872 216,874 213,877 213,884 212,885 163,885 162,884 162,874 113,874 113,896 117,900 117,901 116,902 112,902 112,914 113,915 114,915 115,916 117,916 118,917 151,917 152,916 153,916 154,915 186,915 187,916 187,924 190,927 230,927 230,926 231,925 231,917 232,916 290,916 291,917 292,917 293,918 326,918 327,917 328,917 329,916 353,916 354,917 392,917 393,918 393,927 395,927 396,928 395,929 380,929 380,931 379,932 365,932 364,931 363,931 362,930 329,930 328,931 276,931 275,930 275,920 274,919 274,918 238,918 234,922 234,930 233,931 217,931 216,930 216,929 177,929 176,930 162,930 161,929 114,929 113,930 112,930 111,931 111,944 112,945 112,946 111,947 111,959 112,960 113,960 114,961 122,961 123,962 123,964 157,964 157,963 158,962 158,961 159,960 182,960 183,961 249,961 250,960 251,960 252,961 253,961 254,962 326,962 327,961 357,961 358,962 358,973 357,974 356,974 355,973 355,972 354,971 354,969 353,968 353,967 352,966 352,965 315,965 315,974 314,975 286,975 285,976 264,976 263,975 228,975 227,976 214,976 213,975 212,975 211,974 176,974 175,975 154,975 153,974 118,974 117,975 114,975 113,976 112,976 111,977 111,988 112,989 112,991 111,992 111,1003 114,1006 150,1006 151,1005 206,1005 209,1008 209,1018 255,1018 256,1017 256,1007 257,1006 354,1006 356,1008 356,1016 357,1016 358,1017 358,1018 359,1019 366,1019 367,1020 365,1022 329,1022 327,1020 327,1011 326,1010 326,1009 279,1009 278,1010 273,1010 268,1015 268,1016 266,1018 266,1020 264,1022 223,1022 222,1023 221,1023 220,1024 219,1024 219,1025 218,1026 217,1026 217,1033 216,1034 214,1034 212,1032 212,1023 210,1021 210,1020 172,1020 171,1019 171,1011 170,1010 169,1010 168,1009 133,1009 132,1010 131,1010 130,1011 130,1019 129,1020 112,1020 111,1021 111,1033 112,1034 112,1035 111,1036 111,1048 113,1050 187,1050 188,1049 191,1049 192,1050 192,1053 191,1054 165,1054 164,1055 123,1055 122,1056 119,1056 114,1061 114,1062 112,1064 112,1065 111,1066 111,1089 112,1089 114,1091 118,1091 119,1092 119,1093 121,1095 121,1099 133,1099 134,1100 133,1101 133,1108 131,1110 113,1110 112,1111 111,1111 111,1129 110,1130 110,1141 146,1141 147,1140 190,1140 191,1141 242,1141 243,1142 278,1142 279,1141 289,1141 290,1142 290,1151 291,1151 292,1152 295,1152 297,1154 295,1156 285,1156 284,1157 282,1157 281,1156 281,1146 280,1145 280,1144 245,1144 242,1147 242,1148 241,1149 241,1154 240,1155 213,1155 212,1156 208,1156 207,1155 155,1155 154,1154 154,1143 117,1143 116,1144 112,1144 111,1145 111,1157 112,1158 111,1159 111,1170 112,1171 111,1172 111,1185 112,1186 169,1186 170,1185 186,1185 187,1186 224,1186 225,1187 296,1187 297,1186 300,1186 301,1187 338,1187 339,1188 337,1190 333,1190 332,1191 330,1191 329,1192 328,1192 327,1193 327,1201 326,1202 311,1202 310,1201 310,1193 309,1192 264,1192 264,1201 263,1202 249,1202 248,1201 225,1201 224,1200 224,1199 209,1199 208,1198 208,1193 207,1192 207,1190 206,1190 205,1189 205,1188 133,1188 132,1189 132,1191 131,1192 130,1192 130,1199 129,1200 117,1200 116,1201 114,1201 113,1202 111,1202 111,1229 112,1229 113,1230 155,1230 156,1231 240,1231 241,1232 328,1232 330,1234 398,1234 398,1233 399,1232 413,1232 415,1234 445,1234 446,1235 444,1237 433,1237 433,1246 432,1247 428,1247 427,1248 427,1249 426,1250 425,1249 424,1249 422,1247 406,1247 405,1246 392,1246 391,1245 391,1244 390,1243 390,1237 389,1236 352,1236 351,1237 337,1237 336,1236 300,1236 299,1237 298,1237 297,1238 295,1238 294,1239 294,1245 293,1246 266,1246 265,1245 265,1235 228,1235 227,1236 224,1236 223,1237 223,1245 222,1246 168,1246 167,1245 132,1245 131,1246 110,1246 107,1249 107,1258 108,1259 108,1265 109,1266 110,1266 111,1267 111,1272 109,1274 108,1274 107,1275 107,1285 108,1286 109,1286 110,1287 120,1287 121,1288 121,1289 120,1290 117,1290 115,1292 113,1292 111,1294 111,1295 110,1296 109,1296 108,1297 108,1298 107,1299 107,1309 108,1310 108,1312 111,1315 111,1316 114,1319 116,1319 117,1320 198,1320 200,1322 274,1322 274,1321 275,1320 285,1320 286,1321 286,1322 287,1323 286,1324 279,1324 277,1326 276,1326 275,1327 274,1327 272,1329 272,1330 271,1331 271,1334 268,1337 205,1337 204,1336 166,1336 165,1337 161,1337 160,1336 150,1336 149,1335 149,1334 108,1334 108,1337 107,1338 107,1347 108,1348 108,1349 111,1352 111,1362 110,1363 108,1363 108,1376 109,1377 110,1377 111,1378 111,1384 112,1384 113,1385 113,1388 114,1389 114,1392 113,1393 113,1395 110,1398 110,1411 113,1411 114,1412 183,1412 184,1411 214,1411 215,1410 223,1410 224,1411 282,1411 283,1412 306,1412 307,1413 331,1413 332,1414 331,1415 330,1415 326,1419 326,1420 324,1422 324,1425 322,1427 290,1427 289,1426 289,1415 288,1414 254,1414 253,1415 252,1415 250,1417 250,1426 249,1427 247,1425 247,1417 246,1416 246,1414 244,1414 243,1413 208,1413 207,1414 205,1414 202,1417 185,1417 184,1418 184,1424 183,1425 173,1425 172,1426 168,1426 167,1425 133,1425 132,1426 123,1426 122,1427 115,1427 114,1428 111,1428 111,1431 110,1432 110,1445 111,1446 111,1456 112,1456 113,1457 149,1457 150,1456 185,1456 186,1457 193,1457 194,1458 190,1462 190,1463 188,1465 187,1465 186,1466 186,1469 184,1471 181,1471 180,1470 120,1470 119,1471 112,1471 112,1475 111,1476 111,1477 110,1478 110,1479 109,1480 108,1480 108,1495 110,1497 112,1497 113,1498 114,1498 115,1499 117,1499 118,1500 119,1500 120,1501 119,1502 117,1502 117,1507 116,1508 111,1508 111,1513 110,1514 109,1514 108,1515 108,1526 109,1527 110,1527 111,1528 111,1529 112,1530 112,1531 114,1533 114,1540 115,1541 115,1543 114,1544 113,1544 113,1556 124,1556 125,1557 125,1558 124,1559 121,1559 120,1560 117,1560 112,1565 112,1566 111,1567 111,1585 113,1587 113,1593 114,1594 116,1594 117,1595 150,1595 151,1594 151,1593 152,1592 158,1592 158,1591 159,1590 171,1590 173,1592 196,1592 197,1593 198,1593 199,1594 232,1594 234,1592 246,1592 247,1593 248,1593 249,1594 249,1599 282,1599 282,1596 283,1595 295,1595 296,1594 440,1594 440,1557 388,1557 387,1556 387,1553 388,1552 388,1549 389,1548 439,1548 439,1547 440,1546 455,1546 457,1548 494,1548 494,1547 495,1546 503,1546 505,1548 505,1554 506,1555 541,1555 541,1553 543,1551 543,1549 544,1548 563,1548 563,1546 564,1545 567,1545 568,1546 607,1546 608,1545 616,1545 617,1546 617,1556 656,1556 657,1555 658,1555 658,1554 659,1553 660,1553 660,1552 661,1551 661,1546 662,1545 665,1545 666,1546 680,1546 682,1548 681,1549 681,1558 682,1558 683,1559 682,1560 675,1560 674,1561 652,1561 649,1564 647,1564 646,1563 646,1562 645,1561 644,1561 643,1560 612,1560 611,1559 611,1553 610,1552 610,1551 593,1551 592,1550 552,1550 552,1558 550,1560 493,1560 492,1561 491,1561 489,1563 488,1563 486,1565 485,1565 484,1564 446,1564 446,1567 445,1568 444,1568 444,1580 443,1581 443,1590 448,1595 482,1595 483,1594 519,1594 521,1592 564,1592 564,1591 565,1590 567,1592 571,1592 572,1593 572,1597 613,1597 614,1596 614,1595 615,1594 649,1594 650,1595 684,1595 684,1594 685,1593 742,1593 746,1589 746,1588 747,1587 748,1588 748,1589 749,1590 749,1592 751,1592 752,1593 790,1593 791,1592 805,1592 806,1593 806,1600 808,1602 851,1602 853,1600 853,1594 855,1592 869,1592 870,1593 870,1594 871,1595 872,1595 873,1596 885,1596 886,1597 921,1597 922,1596 922,1587 921,1586 921,1584 916,1584 915,1583 915,1579 916,1578 919,1578 920,1577 920,1564 918,1562 918,1559 877,1559 876,1560 835,1560 834,1559 822,1559 821,1558 822,1557 822,1547 823,1546 857,1546 858,1545 917,1545 917,1544 920,1541 920,1531 921,1530 921,1517 920,1516 919,1516 918,1515 915,1515 914,1514 862,1514 861,1515 855,1515 853,1513 853,1507 852,1506 806,1506 805,1507 805,1515 804,1516 750,1516 749,1515 749,1505 712,1505 711,1506 705,1506 704,1505 697,1505 696,1504 696,1503 697,1502 747,1502 749,1500 750,1501 753,1501 754,1502 754,1503 755,1504 755,1511 756,1512 756,1513 798,1513 799,1512 800,1512 800,1505 801,1504 849,1504 849,1503 850,1502 921,1502 921,1501 923,1499 923,1488 922,1487 923,1486 923,1477 922,1476 922,1473 921,1472 920,1472 919,1471 918,1471 917,1470 906,1470 904,1468 904,1464 902,1462 866,1462 866,1463 865,1464 865,1471 864,1472 834,1472 833,1471 832,1471 831,1470 831,1464 792,1464 791,1465 791,1471 790,1472 748,1472 747,1471 709,1471 708,1472 697,1472 696,1471 659,1471 658,1472 639,1472 638,1471 638,1463 637,1462 636,1462 635,1461 624,1461 623,1460 623,1459 622,1458 588,1458 585,1461 584,1461 583,1462 582,1462 581,1463 581,1470 580,1471 574,1471 573,1470 573,1460 568,1460 567,1459 567,1458 531,1458 529,1460 528,1460 527,1461 527,1469 526,1470 525,1470 524,1471 521,1471 519,1473 519,1476 518,1477 517,1477 517,1482 516,1483 516,1492 517,1493 517,1494 518,1494 519,1495 519,1498 520,1499 521,1499 522,1500 529,1500 531,1502 531,1504 530,1505 507,1505 507,1506 506,1507 506,1515 505,1516 479,1516 478,1515 478,1511 477,1510 477,1506 440,1506 439,1507 438,1507 437,1508 436,1508 436,1515 435,1516 433,1516 432,1517 422,1517 421,1516 396,1516 395,1515 395,1510 396,1509 396,1505 397,1504 397,1503 398,1502 404,1502 405,1501 406,1502 425,1502 427,1504 488,1504 490,1502 511,1502 513,1500 513,1490 512,1490 509,1487 509,1472 508,1472 507,1471 462,1471 461,1472 404,1472 403,1471 403,1469 404,1468 440,1468 440,1459 441,1458 491,1458 492,1457 494,1457 495,1456 628,1456 629,1457 675,1457 676,1458 676,1466 677,1466 679,1468 681,1468 682,1469 722,1469 723,1468 725,1468 725,1467 726,1466 726,1465 728,1463 728,1459 730,1457 739,1457 740,1458 768,1458 770,1460 805,1460 806,1459 806,1458 807,1457 855,1457 856,1458 875,1458 877,1460 914,1460 914,1459 915,1458 916,1458 917,1457 917,1455 918,1454 918,1441 917,1440 917,1429 904,1429 903,1428 898,1428 897,1427 866,1427 865,1426 865,1415 864,1414 865,1413 871,1413 872,1414 881,1414 882,1415 882,1417 916,1417 917,1416 917,1415 918,1414 921,1414 921,1413 922,1412 922,1402 921,1401 921,1399 920,1398 920,1392 918,1390 918,1388 917,1387 917,1385 916,1384 916,1383 895,1383 894,1382 857,1382 856,1381 845,1381 844,1380 844,1371 843,1371 842,1370 827,1370 826,1369 827,1368 877,1368 878,1369 914,1369 915,1368 916,1368 916,1366 917,1365 917,1354 916,1353 910,1353 909,1352 909,1342 908,1341 908,1340 907,1339 906,1339 905,1338 882,1338 881,1337 881,1329 880,1328 880,1325 879,1324 880,1323 915,1323 916,1322 918,1322 920,1320 920,1308 921,1307 921,1295 920,1294 920,1293 919,1292 874,1292 873,1291 873,1282 826,1282 826,1290 824,1292 823,1292 822,1291 822,1290 789,1290 787,1288 787,1282 786,1281 749,1281 748,1282 748,1289 747,1290 736,1290 735,1289 726,1289 725,1288 725,1281 723,1279 688,1279 687,1280 686,1279 684,1279 683,1278 683,1277 684,1276 702,1276 703,1275 732,1275 733,1276 846,1276 848,1278 881,1278 881,1277 882,1276 920,1276 921,1275 921,1261 918,1261 917,1260 917,1258 918,1257 918,1246 917,1245 881,1245 880,1246 847,1246 846,1245 845,1245 844,1244 844,1236 843,1235 808,1235 807,1236 806,1236 805,1237 803,1237 803,1244 802,1245 772,1245 771,1246 755,1246 754,1245 754,1235 753,1234 753,1233 754,1232 760,1232 761,1231 773,1231 774,1232 810,1232 811,1231 812,1231 813,1230 840,1230 841,1231 875,1231 876,1230 905,1230 906,1229 907,1229 909,1227 920,1227 920,1226 921,1225 922,1225 923,1224 923,1210 922,1210 921,1209 906,1209 904,1207 904,1202 903,1202 902,1201 902,1200 864,1200 863,1201 845,1201 844,1200 843,1200 842,1199 807,1199 806,1200 805,1200 805,1201 804,1202 794,1202 793,1201 793,1191 792,1190 770,1190 769,1189 769,1188 770,1187 819,1187 820,1186 822,1186 823,1187 901,1187 902,1186 903,1186 904,1185 905,1185 907,1183 911,1183 913,1181 920,1181 922,1179 922,1166 909,1166 908,1165 908,1158 909,1157 910,1157 911,1156 911,1152 913,1150 916,1150 917,1149 918,1149 919,1148 920,1148 921,1147 921,1145 922,1144 922,1142 923,1141 923,1129 922,1128 922,1127 921,1126 920,1126 919,1125 901,1125 900,1124 900,1118 899,1117 899,1116 898,1115 898,1114 897,1113 881,1113 880,1112 842,1112 841,1111 841,1107 840,1106 840,1104 837,1101 835,1101 834,1100 797,1100 796,1101 792,1101 790,1103 790,1104 789,1105 789,1112 788,1113 768,1113 767,1112 726,1112 725,1113 718,1113 716,1111 682,1111 681,1112 654,1112 653,1111 653,1101 652,1100 616,1100 615,1101 612,1101 611,1102 611,1113 612,1114 613,1114 614,1115 614,1122 613,1123 594,1123 593,1122 593,1113 590,1113 588,1111 588,1110 578,1110 577,1109 577,1100 574,1100 573,1099 538,1099 537,1100 537,1101 536,1102 535,1101 535,1100 534,1099 494,1099 493,1100 492,1100 488,1104 488,1105 487,1106 487,1107 486,1108 486,1110 484,1112 472,1112 471,1111 471,1109 472,1108 472,1104 473,1103 473,1098 474,1097 486,1097 487,1096 547,1096 548,1097 587,1097 588,1096 589,1097 591,1097 592,1098 627,1098 628,1097 658,1097 659,1098 659,1099 660,1100 694,1100 697,1097 726,1097 727,1098 727,1105 764,1105 769,1100 769,1099 770,1098 770,1091 771,1090 772,1091 772,1092 773,1092 774,1093 774,1095 775,1096 776,1096 777,1097 881,1097 882,1098 917,1098 918,1097 920,1097 922,1095 922,1084 921,1083 921,1082 922,1081 922,1069 921,1068 920,1068 916,1064 882,1064 880,1066 865,1066 864,1067 863,1066 863,1056 826,1056 826,1066 825,1067 821,1067 820,1066 820,1065 821,1064 821,1055 820,1054 821,1053 825,1053 826,1054 859,1054 859,1053 860,1052 866,1052 867,1053 920,1053 921,1052 921,1039 920,1038 919,1038 918,1037 911,1037 910,1036 910,1026 909,1025 909,1021 910,1020 910,1010 909,1009 910,1008 910,1007 911,1006 922,1006 924,1004 924,993 923,992 923,991 924,990 924,977 923,976 922,976 920,974 885,974 884,975 883,975 882,976 879,976 878,975 878,964 877,963 877,962 878,961 900,961 901,960 904,960 904,957 906,955 922,955 923,954 923,951 924,950 924,940 923,939 915,939 914,938 914,932 913,932 912,931 910,931 909,930 903,930 902,929 902,919 903,918 920,918 922,916 922,915 923,914 923,903 922,902 922,887 920,887 919,886 917,886 916,885 886,885 885,884 885,874 886,873 922,873 924,871 924,856 923,856 922,855 917,855 916,854 916,841 914,841 911,838 874,838 872,840 850,840 849,839 849,838 850,837 854,837 855,836 856,836 857,835 857,830 858,829 858,828 860,826 921,826 922,825 922,822 923,821 923,812 922,812 921,811 921,810 922,809 922,797 918,797 917,796 917,795 916,794 907,794 906,793 906,786 905,785 867,785 867,786 866,787 866,793 865,794 856,794 854,796 753,796 752,797 748,797 747,796 735,796 734,795 734,785 692,785 691,786 690,786 689,787 689,788 688,789 688,790 687,791 687,794 685,796 677,796 676,795 676,794 640,794 639,793 639,784 603,784 602,785 601,784 601,781 602,780 641,780 643,782 643,789 680,789 681,788 681,787 683,785 683,784 685,782 713,782 713,781 714,780 772,780 774,782 920,782 921,781 921,780 922,779 923,779 923,777 924,776 924,767 923,766 923,756 921,754 921,753 920,752 917,752 916,751 916,750 902,750 901,749 902,748 902,739 903,738 920,738 920,737 921,736 922,736 922,724 921,724 920,723 920,694 921,693 921,692 922,691 922,677 921,676 921,675 920,674 917,674 916,673 903,673 902,672 902,661 901,660 900,660 899,659 899,658 887,658 886,657 886,651 885,650 867,650 866,649 866,648 812,648 810,650 805,650 804,649 804,647 803,646 804,645 837,645 838,644 839,644 840,645 877,645 878,646 914,646 915,645 915,644 916,643 916,634 917,633 917,632 918,631 920,631 920,630 921,629 921,627 922,626 922,615 921,614 921,611 920,610 920,609 915,604 914,604 913,603 878,603 877,604 857,604 856,605 856,614 855,615 854,615 853,616 830,616 829,615 829,604 812,604 811,603 811,601 812,600 813,601 858,601 859,600 861,600 862,599 864,599 865,600 881,600 882,601 919,601 920,600 921,600 922,599 922,598 923,597 923,596 924,595 924,573 922,571 921,571 920,570 888,570 887,569 887,561 886,560 877,560 876,559 875,559 874,558 866,558 865,557 865,556 866,555 877,555 878,556 878,557 913,557 914,556 920,556 921,555 922,555 922,554 923,553 923,552 924,551 924,527 923,526 923,525 922,524 740,524 739,523 739,515 738,514 702,514 701,515 700,515 699,516 698,516 697,515 696,515 695,514 692,514 691,513 658,513 657,514 654,514 652,516 652,517 651,518 651,529 650,530 650,531 648,533 647,532 647,530 646,529 646,528 644,526 643,526 641,524 588,524 587,523 587,515 586,514 586,512 559,512 558,511 558,510 559,509 641,509 643,511 746,511 746,510 747,509 753,509 755,511 909,511 909,510 910,509 910,508 911,507 912,507 913,506 921,506 922,505 923,505 924,504 924,490 923,489 923,488 922,488 921,487 918,487 917,486 917,484 916,483 916,482 915,481 915,480 910,480 909,479 909,468 885,468 884,467 884,466 885,465 921,465 923,463 923,451 922,450 923,449 923,435 921,435 920,434 919,434 918,433 918,432 882,432 881,433 880,433 879,434 866,434 865,435 831,435 830,434 775,434 774,435 699,435 698,436 688,436 687,435 687,429 688,428 719,428 720,429 720,431 763,431 763,421 764,420 785,420 786,419 830,419 831,420 840,420 841,421 841,425 842,426 876,426 877,425 877,420 878,419 910,419 911,418 911,417 914,414 921,414 923,412 923,399 922,399 921,398 911,398 910,397 901,397 900,396 900,383 901,382 915,382 916,381 917,381 918,380 921,380 921,379 922,378 922,369 921,368 921,360 920,359 920,358 918,358 917,357 917,356 903,356 902,355 902,347 901,347 900,346 899,346 898,345 896,345 895,344 881,344 880,343 880,333 862,333 861,332 825,332 825,334 823,336 823,337 822,338 822,342 820,344 801,344 800,343 800,334 799,333 764,333 763,334 762,334 761,335 761,342 759,344 731,344 730,345 729,345 728,346 727,346 726,347 726,356 724,358 706,358 705,357 705,347 704,346 703,346 702,345 701,345 700,344 684,344 683,343 683,333 672,333 671,332 636,332 635,333 634,333 633,334 631,334 630,335 630,342 628,344 597,344 596,343 596,333 594,331 578,331 577,330 578,329 624,329 625,330 660,330 661,329 690,329 691,330 727,330 728,329 800,329 801,330 836,330 837,329 881,329 882,330 886,330 887,331 922,331 924,329 924,316 922,314 921,314 920,313 920,288 919,287 918,287 917,286 915,286 914,285 914,284 915,283 916,283 917,282 917,281 918,280 918,259 917,258 917,256 916,255 916,254 915,253 895,253 894,252 894,243 859,243 857,241 857,240 858,239 920,239 921,238 921,237 922,236 922,225 921,224 920,224 918,222 918,217 917,216 917,210 916,209 916,208 914,208 913,207 878,207 877,208 838,208 837,209 823,209 822,208 822,199 821,198 770,198 769,199 764,199 763,200 762,200 760,202 758,202 757,203 757,205 756,206 756,207 755,208 755,212 754,213 754,227 755,228 755,230 756,231 756,233 757,234 757,235 758,236 761,236 763,238 767,238 768,239 818,239 820,241 818,243 790,243 789,242 753,242 753,245 752,246 752,247 750,249 750,251 749,252 717,252 716,253 703,253 702,252 702,245 701,244 701,243 662,243 662,252 661,253 603,253 601,251 601,242 600,241 564,241 563,242 549,242 548,241 512,241 511,242 508,242 505,245 505,257 504,258 504,265 503,266 494,266 493,265 493,256 492,255 492,254 491,254 490,253 378,253 377,252 377,249 379,247 380,247 383,244 384,244 387,241 388,241 390,239 391,239 392,238 408,238 409,239 442,239 443,238 447,238 448,239 482,239 483,238 540,238 541,237 542,237 542,236 543,235 543,228 544,227 544,212 543,211 543,210 542,210 541,209 540,209 539,208 476,208 475,207 475,200 474,199 473,199 472,198 471,198 470,197 470,196 463,196 462,195 453,195 452,194 453,193 483,193 484,192 485,193 485,200 486,201 486,202 487,203 490,203 492,205 530,205 530,204 531,203 535,203 536,202 536,201 537,200 537,194 538,193 548,193 550,195 550,198 588,198 588,197 589,196 589,194 590,193 631,193 632,194 631,195 602,195 601,196 600,196 597,199 597,200 596,201 596,202 595,203 595,206 593,208 557,208 556,209 553,209 552,210 551,210 551,212 550,213 550,215 549,216 549,230 550,231 550,233 551,234 551,235 553,237 555,237 556,238 609,238 610,239 686,239 688,241 721,241 723,239 751,239 752,238 752,225 751,224 743,224 742,223 742,216 741,215 741,212 740,211 740,210 739,210 738,209 723,209 722,208 721,208 720,207 720,206 721,205 731,205 731,204 732,203 732,195 733,194 879,194 880,195 917,195 919,193 920,193 922,191 922,181 920,179 922,177 923,177 923,168 922,167 922,166 921,165 920,165 918,163 917,163 916,162 880,162 879,163 865,163 864,162 864,154 863,153 863,152 862,151 826,151 826,152 825,153 825,162 824,163 763,163 762,162 762,154 761,153 761,152 760,151 724,151 723,152 723,154 722,155 721,155 721,161 720,162 695,162 694,163 683,163 682,164 680,164 679,165 678,165 677,166 677,168 676,169 676,176 674,178 673,177 650,177 648,175 648,168 647,167 647,165 646,164 641,164 640,163 629,163 628,162 592,162 591,163 488,163 487,164 486,164 485,163 446,163 445,162 391,162 390,163 388,163 387,162 387,155 386,154 348,154 347,155 347,162 346,163 323,163 322,162 322,152 320,150 285,150 284,151 283,151 282,152 281,152 279,154 279,161 278,162 272,162 271,161 271,152 270,151 264,151 263,150 212,150 212,161 211,162 190,162 188,160 188,154 187,153 187,152 186,151 176,151 175,150 162,150 161,149 159,149 157,147 157,146 156,146 155,145 155,144"/><TextEquiv><Unicode/></TextEquiv><TextLine id="r2_l001"><Coords points="702,202 701,201 509,201 508,200 506,200 505,199 504,199 502,197 364,197 363,197 363,191 363,190 132,190 131,189 130,189 129,189 129,188 128,187 128,175 127,174 127,169 129,167 130,167 130,167 130,166 131,165 131,158 132,157 134,157 134,157 134,151 136,149 138,149 139,150 140,150 140,151 140,152 142,153 144,153 145,154 304,154 304,155 304,157 306,158 369,158 370,160 370,166 371,166 737,166 737,166 737,160 738,159 738,158 740,156 845,156 847,159 847,166 848,166 900,166 903,169 904,169 905,171 905,172 906,173 905,174 905,187 901,191 716,191 715,192 715,199 713,201 704,201 703,202"/><TextEquiv index="1"><Unicode>Mtles &amp; les jeunes garcons, qui avoient</Unicode></TextEquiv></TextLine><TextLine id="r2_l002"><Coords points="681,247 681,237 681,236 181,236 180,237 180,238 178,240 178,241 174,245 173,245 173,244 172,243 172,236 172,235 162,235 161,234 139,234 138,233 136,233 135,232 134,232 132,230 130,230 128,229 128,222 129,221 129,218 130,217 130,216 131,215 132,215 134,213 135,213 136,212 139,212 139,212 139,204 141,202 142,202 143,201 145,201 146,200 164,200 166,198 264,198 265,197 266,197 267,198 269,198 269,199 269,200 270,200 624,200 626,202 805,202 806,204 806,211 807,211 896,211 897,212 899,212 900,214 900,215 901,216 901,222 902,223 902,229 903,229 904,229 905,231 905,232 904,233 904,234 903,235 836,235 835,236 683,236 682,237 682,247 682,247"/><TextEquiv index="1"><Unicode>déja lié connoiſſance enſemble. Chacun</Unicode></TextEquiv></TextLine><TextLine id="r2_l003"><Coords points="489,287 487,286 487,281 487,280 467,280 466,279 407,279 406,280 319,280 318,281 315,281 314,280 304,280 303,279 237,279 236,280 155,280 154,279 133,279 129,276 129,264 129,263 127,263 126,263 128,261 131,261 132,260 132,259 133,258 134,258 136,256 137,256 138,257 144,257 145,258 212,258 213,257 247,257 247,257 247,251 248,250 248,249 249,248 296,248 297,247 298,247 299,246 301,246 302,245 303,246 306,246 309,249 355,249 356,248 358,248 359,247 361,250 361,258 362,258 428,258 429,257 452,257 453,258 473,258 474,259 475,259 476,260 520,260 520,260 520,257 521,256 521,250 525,246 527,246 528,245 531,245 532,246 580,246 581,245 583,245 584,247 584,256 586,257 678,257 678,257 678,248 679,247 684,247 684,248 684,249 685,250 685,257 686,257 733,257 734,256 766,256 766,256 766,254 767,253 767,252 768,251 768,249 769,248 769,247 770,246 772,246 773,247 835,247 836,246 836,245 837,244 840,244 843,247 877,247 877,248 877,258 878,258 899,258 900,260 900,262 902,264 902,276 901,277 901,278 900,279 899,279 898,280 897,280 896,281 834,281 833,280 735,280 699,280 698,281 696,281 695,280 619,280 618,279 534,279 533,280 498,280 497,281 497,282 496,283 496,284 493,287"/><TextEquiv index="1"><Unicode>amenoit ſa chacune, &amp; ils avoient tâché de</Unicode></TextEquiv></TextLine><TextLine id="r2_l004"><Coords points="533,337 532,337 532,326 532,325 499,325 498,326 497,326 496,325 372,325 371,326 358,326 357,325 271,325 267,325 266,326 266,332 262,336 259,336 258,337 252,337 251,336 249,336 246,334 246,333 245,332 245,326 245,325 155,325 153,323 130,323 129,323 129,322 127,320 127,312 126,311 127,310 127,306 129,304 130,304 132,302 138,302 141,299 141,298 142,297 142,296 143,295 144,295 145,294 147,294 148,295 149,295 150,297 150,300 151,301 151,302 152,302 218,302 219,301 238,301 239,302 266,302 267,303 328,303 328,303 328,295 330,293 331,293 332,292 334,292 335,291 337,291 337,292 337,293 339,294 349,294 350,295 351,295 351,296 351,298 352,299 352,300 353,301 353,303 354,303 447,303 448,302 449,303 516,303 517,302 524,302 525,303 581,303 582,302 612,302 613,301 622,301 622,301 622,296 623,295 623,293 624,292 678,292 679,291 690,291 691,292 693,292 694,294 694,303 695,303 758,303 758,303 758,294 759,293 831,293 831,294 831,298 832,299 832,303 833,303 889,303 889,303 889,296 892,293 893,293 895,291 896,291 897,290 901,290 903,293 903,318 904,318 905,318 907,321 907,325 905,327 904,327 903,326 899,326 898,325 820,325 819,326 818,325 711,325 710,326 708,326 707,325 644,325 643,326 642,326 641,325 579,325 578,326 578,337 578,337"/><TextEquiv index="1"><Unicode>s'arranger d'avance en particulier. D'abord</Unicode></TextEquiv></TextLine><TextLine id="r2_l005"><Coords points="878,384 877,384 877,371 877,370 810,370 809,371 808,371 807,370 758,370 757,371 715,371 713,373 713,374 712,375 712,376 711,377 710,377 709,378 708,378 707,379 706,379 704,378 704,372 704,371 617,371 616,370 569,370 568,369 525,369 524,370 485,370 484,371 484,382 484,382 464,382 463,381 428,381 426,380 426,372 426,371 392,371 391,370 360,370 359,369 316,369 315,370 313,370 312,371 311,371 310,370 150,370 149,369 135,369 131,366 131,365 129,363 130,362 130,353 131,352 131,351 134,348 134,347 136,345 137,345 140,348 189,348 190,347 193,347 193,348 193,349 194,349 266,349 267,348 292,348 293,347 295,347 297,349 359,349 361,347 362,347 363,348 507,348 508,347 530,347 530,347 530,339 532,337 580,337 580,338 580,348 581,348 645,348 645,348 645,341 647,339 649,339 650,338 651,338 653,336 654,337 666,337 667,339 667,348 668,348 683,348 684,349 685,349 686,350 687,350 688,352 688,355 689,356 689,362 690,362 741,362 741,362 741,353 744,350 745,350 746,349 747,349 748,348 777,348 777,348 777,341 778,340 778,339 779,338 780,338 781,337 782,337 784,340 784,348 785,348 838,348 838,348 838,343 839,342 839,341 840,340 840,338 842,336 844,336 845,337 863,337 863,338 863,348 864,348 879,348 880,349 881,349 882,350 883,350 884,351 885,351 885,352 885,361 886,361 901,361 902,362 903,362 903,363 903,364 904,365 904,373 905,374 903,376 901,376 900,377 899,377 898,378 883,378 882,379 882,384 882,384"/><TextEquiv index="1"><Unicode>toute cette troupe mi-femelle, mi-mâle,</Unicode></TextEquiv></TextLine><TextLine id="r2_l006"><Coords points="740,427 739,426 737,426 736,426 736,425 736,424 698,424 696,423 696,418 696,417 674,417 673,416 635,416 632,419 631,418 630,418 628,416 613,416 612,415 572,415 571,416 571,421 570,422 570,423 568,425 567,425 566,426 564,426 563,427 556,427 554,425 553,425 552,425 552,424 551,423 551,416 551,415 488,415 487,416 486,415 393,415 392,416 385,416 384,415 318,415 317,416 316,416 315,415 275,415 274,416 269,416 268,415 225,415 224,416 223,416 222,415 174,415 173,416 173,418 172,419 171,419 170,419 170,416 170,415 137,415 136,414 134,414 129,410 129,407 128,406 129,405 129,398 131,396 132,396 135,393 136,393 137,392 137,384 138,383 141,383 142,382 144,382 145,381 146,382 147,382 147,383 147,393 148,393 195,393 196,392 196,391 197,390 197,388 200,385 200,384 201,383 202,383 203,382 204,382 205,381 211,381 212,382 213,382 213,383 213,394 214,394 247,394 248,393 262,393 263,394 312,394 312,394 312,386 314,384 315,384 316,383 321,383 322,384 357,384 358,383 359,383 360,382 374,382 374,383 374,392 375,392 405,392 406,393 453,393 454,392 456,392 456,392 456,391 457,390 457,388 458,387 458,386 462,382 485,382 485,383 485,393 486,393 538,393 539,392 540,392 541,393 597,393 597,393 597,388 598,387 598,382 601,379 604,379 605,381 605,384 606,384 654,384 655,383 656,383 656,383 656,382 657,381 658,381 659,383 659,395 660,395 676,395 677,396 678,396 680,399 680,408 681,408 734,408 734,408 734,397 735,396 736,396 737,395 739,395 740,394 741,394 742,393 743,394 781,394 782,393 875,393 875,393 875,386 877,384 883,384 883,385 883,401 884,401 894,401 895,402 904,402 905,403 906,403 906,404 906,408 904,410 897,410 896,411 896,412 895,413 895,414 894,415 861,415 860,416 860,421 859,422 858,421 857,421 856,421 856,417 856,416 848,416 847,415 770,415 769,416 748,416 747,417 747,426 746,427"/><TextEquiv index="1"><Unicode>danſa un ballet aſſez agréable, pour ani-</Unicode></TextEquiv></TextLine><TextLine id="r2_l007"><Coords points="623,473 621,472 621,462 621,461 604,461 603,462 603,471 603,471 593,471 591,470 591,461 591,460 553,460 552,459 519,459 518,460 494,460 493,461 478,461 477,462 477,463 476,464 476,466 471,471 470,471 468,470 468,460 468,459 432,459 431,460 430,460 429,461 424,461 423,460 378,460 377,461 374,461 373,460 298,460 297,461 277,461 276,460 158,460 133,460 132,461 131,461 130,461 130,460 129,459 129,442 130,441 131,441 133,439 138,439 138,439 138,438 139,437 140,437 141,438 156,438 157,439 189,439 190,438 217,438 217,438 217,430 218,429 219,429 220,428 221,428 222,427 226,427 226,428 226,437 228,438 243,438 244,439 306,439 306,439 306,431 308,429 310,429 312,427 315,427 316,429 316,438 317,438 357,438 357,438 357,433 358,432 358,430 360,428 363,428 363,429 363,432 364,433 364,439 365,439 403,439 403,439 403,431 405,429 406,429 407,428 408,428 409,427 410,427 411,426 412,428 412,438 413,438 443,438 444,439 471,439 471,439 471,433 472,432 472,430 474,428 477,428 478,430 478,431 479,432 479,438 480,438 533,438 534,437 537,437 538,438 539,438 540,439 595,439 596,438 598,438 599,439 652,439 653,438 653,436 654,435 654,434 655,433 655,432 660,427 663,427 664,426 666,426 667,427 669,427 670,429 670,440 671,440 715,440 716,439 754,439 755,440 786,440 787,439 791,439 792,438 814,438 815,439 882,439 883,438 896,438 897,437 898,437 899,436 902,436 902,437 902,438 904,439 906,439 907,441 907,458 904,461 882,461 881,460 854,460 833,460 832,461 822,461 821,462 820,461 794,461 793,462 793,471 793,471 792,471 791,472 784,472 783,471 782,471 781,471 781,460 781,459 754,459 753,460 742,460 741,461 687,461 686,462 670,462 669,461 668,461 667,460 648,460 647,461 647,473 647,473"/><TextEquiv index="1"><Unicode>mer le coloris des jeunes perſonnes par cet</Unicode></TextEquiv></TextLine><TextLine id="r2_l008"><Coords points="492,516 489,514 489,513 488,512 488,507 488,506 271,506 269,508 268,508 267,508 267,507 267,506 264,506 263,505 217,505 216,506 216,507 216,507 215,507 214,506 213,506 212,505 138,505 137,504 135,504 132,502 132,500 129,497 130,496 130,490 132,488 132,487 133,486 134,486 135,485 137,485 138,484 141,484 142,483 152,483 153,482 155,482 156,483 201,483 202,484 231,484 231,484 231,475 233,473 235,473 236,474 237,474 237,475 237,484 238,484 295,484 295,484 295,477 298,474 299,474 300,473 338,473 339,472 351,472 352,471 353,472 365,472 365,473 365,478 366,479 366,481 367,482 367,484 368,484 415,484 417,482 443,482 443,482 443,478 444,477 444,475 447,472 454,472 457,476 457,480 458,481 458,482 459,482 468,482 469,483 529,483 529,483 529,474 531,472 558,472 559,473 617,473 618,472 622,472 623,473 699,473 699,474 699,484 700,484 752,484 752,484 752,476 754,474 755,474 756,473 757,473 758,472 760,472 760,473 760,474 761,475 761,480 762,481 762,484 763,484 841,484 841,484 841,477 842,476 842,475 844,473 862,473 863,472 865,472 866,471 867,471 868,472 892,472 892,473 892,479 893,480 893,484 894,484 897,484 898,485 899,485 899,486 899,487 900,488 900,491 902,492 905,492 906,493 907,493 907,494 907,498 908,499 906,501 905,501 904,502 896,502 894,504 894,505 893,506 717,506 716,507 706,507 705,506 623,506 622,505 564,505 543,505 542,506 510,506 509,507 509,510 507,512 507,513 505,515 504,515 503,516"/><TextEquiv index="1"><Unicode>exercice brillant &amp; gai. Enſuite les demoiſel-</Unicode></TextEquiv></TextLine><TextLine id="r2_l009"><Coords points="691,564 690,564 690,562 690,561 539,561 537,560 537,553 537,552 286,552 285,551 215,551 214,550 134,550 133,549 132,549 131,549 131,520 133,518 136,518 138,516 208,516 209,515 211,515 212,516 569,516 570,517 674,517 675,518 721,518 722,520 722,521 723,522 723,528 724,528 886,528 887,529 905,529 908,533 908,547 906,549 906,550 905,551 904,551 903,552 897,552 896,553 849,553 846,556 845,556 844,557 797,557 794,560 794,561 794,561 793,561 792,562 791,562 790,563 693,563 692,564"/><TextEquiv index="1"><Unicode>les ſe retirerent à leur place, &amp; les garcons</Unicode></TextEquiv></TextLine><TextLine id="r2_l010"><Coords points="784,607 782,606 782,598 782,597 378,597 377,596 139,596 138,597 138,599 138,599 137,599 136,600 134,599 134,598 134,597 133,596 132,596 131,596 131,593 130,592 131,591 131,579 132,578 132,576 134,574 135,574 136,573 137,573 138,572 151,572 151,572 151,565 152,564 153,564 154,563 155,563 156,562 281,562 282,563 495,563 496,562 499,562 501,564 854,564 855,563 856,563 857,562 858,562 860,564 869,564 870,566 870,574 871,574 903,574 904,575 905,575 907,578 907,590 908,591 906,593 906,594 904,596 903,596 902,597 795,597 794,598 794,605 793,606 793,607 793,607"/><TextEquiv index="1"><Unicode>allerent les marchander. Cent crieurs publics</Unicode></TextEquiv></TextLine><TextLine id="r2_l011"><Coords points="783,653 782,653 782,642 782,641 731,641 730,642 689,642 688,641 629,641 628,642 625,642 624,641 576,641 575,642 574,642 573,641 415,641 414,642 378,642 377,641 298,641 297,642 295,642 294,641 229,641 227,643 223,643 222,642 221,642 219,640 140,640 139,639 136,639 132,635 131,635 130,635 130,631 131,630 131,624 132,623 132,622 135,619 135,618 136,617 139,617 139,617 139,609 140,608 143,608 144,607 145,607 146,606 149,606 150,607 184,607 185,608 206,608 207,610 207,617 208,617 281,617 281,617 281,609 283,607 286,607 288,609 341,609 341,610 341,619 342,619 391,619 392,618 394,618 395,619 467,619 468,618 483,618 483,618 483,612 484,611 484,610 486,608 488,608 489,610 489,619 490,619 514,619 515,620 578,620 578,620 578,610 579,609 580,609 581,610 582,610 583,612 583,616 584,617 584,620 585,620 671,620 671,620 671,610 672,609 679,609 680,610 698,610 698,611 698,621 699,621 729,621 730,620 793,620 794,619 794,615 795,614 795,610 796,609 797,609 798,608 811,608 812,609 813,609 813,610 813,620 814,620 871,620 872,619 872,611 874,609 875,609 876,608 894,608 895,607 896,608 898,608 903,614 903,615 904,616 904,619 905,620 905,624 903,626 903,627 903,627 902,627 901,628 901,629 900,630 900,638 898,640 898,641 897,642 895,642 894,641 789,641 788,642 788,653 788,653"/><TextEquiv index="1"><Unicode>diſoient à haute voix: à combien celle-ci?</Unicode></TextEquiv></TextLine><TextLine id="r2_l012"><Coords points="897,700 896,700 896,695 896,694 895,694 894,693 893,693 892,693 892,689 892,688 880,688 879,687 866,687 865,686 784,686 783,687 740,687 739,688 738,688 737,689 737,690 735,692 734,692 733,693 732,693 731,694 730,694 729,695 728,695 726,697 721,697 720,697 720,689 720,688 693,688 692,687 680,687 679,688 679,700 679,700 678,700 677,700 677,688 677,687 646,687 645,688 642,688 641,687 639,687 638,686 622,686 584,686 583,687 551,687 550,688 550,696 550,696 549,696 548,697 540,697 538,696 538,686 538,685 482,685 481,686 355,686 354,687 352,687 351,688 351,697 351,697 341,697 339,696 339,687 339,686 291,686 290,687 290,695 289,696 287,696 286,697 281,697 279,695 278,696 278,699 278,699 276,699 275,699 275,686 275,685 214,685 213,686 198,686 197,685 138,685 137,686 137,688 137,688 135,688 134,687 133,687 130,685 130,681 129,680 129,664 130,663 130,662 132,660 133,660 133,660 133,659 134,658 135,658 138,655 139,655 140,654 142,654 143,653 169,653 169,654 169,657 170,657 193,657 193,658 193,663 194,663 240,663 241,664 386,664 386,664 386,662 387,661 387,660 389,658 389,657 392,654 394,654 395,653 397,653 398,652 399,652 400,653 402,653 403,654 465,654 467,652 470,652 471,651 472,652 474,652 475,654 475,655 476,656 476,663 477,663 505,663 506,664 554,664 555,665 579,665 579,665 579,655 580,654 581,654 582,653 583,653 585,656 585,665 586,665 605,665 606,664 633,664 633,664 633,663 634,662 634,659 635,658 635,657 638,654 640,654 641,653 643,653 644,654 645,654 646,655 647,655 648,657 648,664 649,664 662,664 663,665 746,665 746,665 746,657 747,656 748,656 749,655 750,655 751,654 781,654 782,653 829,653 830,652 848,652 849,653 866,653 867,654 868,654 869,656 869,662 870,662 882,662 882,663 882,664 883,664 884,664 885,666 885,668 886,669 886,677 887,677 899,677 900,678 903,678 904,680 904,681 905,682 905,687 904,688 904,689 903,690 903,691 902,692 902,700 902,700"/><TextEquiv index="1"><Unicode>Chacun propoſoit ſon prix &amp; enchériſſoit,</Unicode></TextEquiv></TextLine><TextLine id="r2_l013"><Coords points="860,745 859,745 859,744 859,743 858,742 857,742 856,742 856,733 856,732 788,732 787,733 786,733 785,732 739,732 725,732 724,733 637,733 636,734 636,735 634,737 634,738 633,739 633,740 633,740 632,740 631,741 630,741 630,740 629,739 629,733 629,732 618,732 617,733 617,744 617,744 616,744 616,733 616,732 593,732 592,731 573,731 572,730 488,730 487,731 487,732 486,733 486,737 485,738 480,738 479,739 477,739 476,739 476,738 475,737 475,733 475,732 362,732 361,731 275,731 246,731 245,732 244,732 243,731 192,731 191,732 191,740 190,741 181,741 178,739 178,732 178,731 133,731 132,732 131,732 130,732 130,727 131,726 131,714 132,713 132,697 134,695 136,695 137,696 138,696 140,699 140,701 142,703 142,704 143,705 143,706 144,707 144,708 145,708 215,708 215,708 215,703 216,702 216,699 217,698 221,698 222,700 222,709 223,709 273,709 273,709 273,701 275,699 279,699 280,701 280,709 281,709 319,709 320,710 369,710 370,709 392,709 392,709 392,704 393,703 393,701 395,699 397,699 399,702 399,710 400,710 459,710 460,709 510,709 510,709 510,708 511,707 511,705 512,704 512,703 517,698 518,698 520,696 525,696 526,697 527,697 527,698 527,699 528,699 575,699 577,697 578,697 580,700 580,709 581,709 631,709 631,709 631,702 633,700 634,700 635,699 667,699 668,698 670,698 672,700 682,700 682,701 682,710 683,710 698,710 699,711 747,711 748,710 748,709 750,707 750,706 752,704 753,704 756,701 758,701 759,700 797,700 799,698 814,698 814,699 814,700 816,701 895,701 896,700 903,700 903,701 903,728 904,728 905,728 905,729 905,731 906,732 905,733 904,733 903,734 886,734 885,735 885,744 884,745"/><TextEquiv index="1"><Unicode>à qui mieux mieux, ſur les jolies. Celle qui</Unicode></TextEquiv></TextLine><TextLine id="r2_l014"><Coords points="386,789 385,788 353,788 352,788 352,778 352,777 342,777 341,776 253,776 252,777 252,778 251,779 251,780 251,780 249,779 249,778 249,777 227,777 226,776 206,776 205,775 136,775 135,776 133,776 129,773 129,755 130,754 131,754 132,753 134,753 134,753 134,750 138,746 138,745 140,743 141,743 142,742 144,742 145,741 149,741 150,742 151,742 152,744 152,752 153,752 206,752 206,753 206,754 207,754 269,754 269,754 269,747 272,744 273,744 274,743 276,743 277,742 278,744 278,750 279,751 279,754 280,754 300,754 301,755 416,755 416,755 416,748 419,745 420,745 421,744 424,744 424,745 424,748 425,749 425,755 426,755 476,755 476,755 476,747 477,746 478,746 479,745 481,745 483,743 484,743 486,746 486,754 487,754 545,754 546,753 549,753 549,754 549,755 550,755 612,755 612,755 612,748 613,747 613,745 614,744 618,744 619,746 619,754 620,754 639,754 640,755 644,755 644,756 644,768 645,768 692,768 692,768 692,758 694,756 695,756 696,755 696,753 697,752 697,750 698,749 698,748 699,747 700,747 702,745 703,745 704,744 705,744 706,743 710,743 712,746 712,748 713,749 713,754 714,754 769,754 769,754 769,746 770,745 771,745 772,744 773,744 774,743 777,743 778,744 827,744 828,746 828,755 829,755 876,755 876,755 876,752 878,750 878,748 879,747 879,746 880,745 884,745 884,746 884,755 885,755 900,755 901,756 903,756 904,758 904,759 907,762 907,774 903,778 791,778 790,777 697,777 696,778 669,778 667,780 667,781 663,785 660,785 658,784 658,778 658,777 585,777 584,778 584,787 584,787 581,787 580,788 573,788 571,787 571,777 571,776 517,776 516,777 515,777 514,776 459,776 458,777 444,777 442,779 406,779 405,780 405,787 404,788 389,788 388,789"/><TextEquiv index="1"><Unicode>fut vendue au plus haut prix, fut déclarée</Unicode></TextEquiv></TextLine><TextLine id="r2_l015"><Coords points="821,834 820,834 820,831 819,830 819,822 819,821 784,821 783,820 745,820 744,821 743,821 742,822 741,821 710,821 709,822 682,822 681,823 665,823 664,824 664,834 664,834 663,834 663,824 663,823 662,823 658,827 655,827 653,826 653,823 653,822 641,822 640,821 608,821 607,822 607,834 607,834 606,834 605,834 605,822 605,821 603,821 602,822 602,831 601,832 595,832 594,831 593,831 592,831 592,823 592,822 571,822 570,821 548,821 547,820 502,820 501,821 496,821 494,819 493,819 492,818 462,818 461,819 461,822 460,823 460,824 459,825 459,826 458,827 458,828 455,831 451,831 450,831 450,823 450,822 398,822 397,823 395,823 394,822 345,822 344,821 310,821 309,822 305,822 304,821 257,821 256,822 251,822 250,821 214,821 202,821 201,822 199,822 198,821 197,821 196,820 159,820 158,821 131,821 130,822 127,820 127,792 128,791 128,790 129,789 130,789 131,788 132,788 133,787 134,787 135,786 136,787 137,787 137,788 137,799 138,799 212,799 212,799 212,790 213,789 217,789 217,790 217,791 218,792 218,799 219,799 237,799 238,800 283,800 283,800 283,792 285,790 286,790 287,789 289,789 290,788 291,788 292,787 293,789 293,794 294,795 294,800 295,800 327,800 327,800 327,793 328,792 328,791 329,790 330,790 331,789 333,789 334,788 354,788 354,789 354,800 355,800 376,800 376,800 376,798 377,797 377,796 378,795 378,794 382,790 383,790 384,789 391,789 391,790 391,791 392,791 397,791 398,793 398,794 399,795 399,796 400,797 400,798 402,799 412,799 413,800 429,800 430,801 432,801 433,802 457,802 458,804 458,805 459,805 489,805 491,803 491,802 493,800 498,800 499,799 544,799 544,799 544,792 546,790 547,790 548,789 549,789 550,788 552,788 553,790 553,800 554,800 589,800 589,800 589,799 590,798 614,798 614,798 614,791 615,790 616,790 617,789 619,789 620,788 622,788 623,790 623,800 624,800 655,800 656,799 657,799 658,798 659,798 661,800 702,800 702,800 702,798 703,797 703,796 704,795 704,794 708,790 709,790 710,789 717,789 718,791 718,800 719,800 730,800 731,801 768,801 769,800 871,800 873,798 882,798 882,798 882,793 883,792 883,791 885,789 887,789 889,792 889,798 890,798 900,798 900,799 900,801 901,801 905,801 905,802 905,816 906,817 906,820 904,822 843,822 842,823 842,824 841,825 841,826 840,827 840,831 839,832 838,832 837,833 833,833 832,834"/><TextEquiv index="1"><Unicode>la reine de la fête; on la placa ſur un petit</Unicode></TextEquiv></TextLine><TextLine id="r2_l016"><Coords points="865,879 864,879 864,867 864,866 833,866 832,867 819,867 818,866 817,866 816,865 787,865 786,866 786,876 785,877 776,877 775,876 774,876 774,867 774,866 714,866 713,867 710,867 709,866 658,866 657,867 656,867 655,866 644,866 643,865 611,865 610,866 560,866 559,867 559,874 558,875 558,876 558,876 555,876 554,877 549,877 546,875 546,866 546,865 499,865 498,866 458,866 457,867 426,867 425,868 424,868 423,867 400,867 399,868 399,870 399,870 398,870 397,870 397,869 397,868 383,868 382,867 381,867 379,865 350,865 349,866 349,867 348,868 348,870 347,871 347,873 343,877 340,877 339,878 338,878 335,876 335,867 335,866 277,866 276,867 242,867 241,868 241,869 240,870 240,871 238,873 238,874 238,874 237,874 236,875 234,875 232,874 232,868 232,867 213,867 212,866 168,866 167,865 134,865 133,866 131,866 129,865 129,864 129,863 111,863 105,858 107,856 129,856 129,856 129,849 130,848 130,847 135,842 164,842 164,842 164,841 165,840 165,839 166,838 166,835 169,832 171,832 172,834 172,835 173,836 173,839 175,841 175,844 176,844 195,844 196,845 217,845 218,846 268,846 269,845 280,845 280,845 280,837 281,836 282,836 284,834 301,834 301,835 301,843 302,843 306,843 308,845 319,845 320,846 353,846 354,847 384,847 385,846 386,846 386,846 386,842 387,841 387,837 388,836 388,833 389,832 393,832 393,833 393,834 394,835 394,844 395,844 428,844 428,844 428,838 431,835 432,835 433,834 434,834 435,833 436,834 437,834 437,835 437,844 438,844 443,844 444,845 477,845 479,843 479,842 480,841 480,840 481,839 481,837 485,833 486,833 487,832 494,832 494,833 494,836 495,837 495,844 496,844 519,844 520,843 521,843 522,844 592,844 593,843 602,843 602,843 602,837 603,836 603,835 604,834 608,834 609,836 609,843 610,843 621,843 622,844 661,844 661,844 661,835 662,834 666,834 667,836 667,844 668,844 687,844 688,845 730,845 731,844 815,844 816,843 818,843 819,842 819,837 820,836 820,835 821,834 832,834 832,835 832,844 833,844 890,844 891,843 892,843 893,842 894,843 895,843 897,845 899,845 899,846 899,848 900,849 900,859 901,859 905,859 906,860 907,860 908,862 908,865 907,866 907,867 905,869 903,869 901,867 892,867 891,866 868,866 867,867 867,879 867,879"/><TextEquiv index="1"><Unicode>trône; elle y étala ſon petit air conquérant.</Unicode></TextEquiv></TextLine><TextLine id="r2_l017"><Coords points="881,924 880,924 880,913 879,911 824,911 823,912 823,914 821,916 821,918 818,921 816,920 816,913 816,912 784,912 783,911 752,911 750,913 750,914 749,915 749,917 748,918 748,919 748,919 747,919 746,920 745,920 744,921 741,921 740,921 740,913 740,912 698,912 697,911 620,911 581,911 580,912 578,912 577,911 556,911 555,910 525,910 524,911 452,911 451,912 423,912 422,913 422,921 421,922 421,923 421,923 416,923 415,924 413,924 412,923 411,923 409,922 409,914 409,913 371,913 370,912 312,912 309,915 308,915 308,914 307,912 216,912 215,913 215,920 214,921 214,922 214,922 206,922 203,920 203,912 203,911 137,911 135,913 134,913 133,912 132,912 131,911 130,911 127,909 128,908 128,907 129,906 129,880 131,878 135,878 136,879 145,879 145,880 145,889 146,889 185,889 186,890 215,890 216,889 228,889 229,888 229,882 231,880 232,880 233,879 237,879 237,880 237,889 238,889 243,889 244,890 293,890 294,889 294,883 295,882 298,882 299,881 303,881 303,882 303,885 304,886 304,890 305,890 337,890 337,890 337,882 338,881 340,881 342,879 357,879 357,880 357,888 358,889 358,890 359,890 373,890 374,891 376,891 377,892 413,892 414,891 415,891 416,890 472,890 473,889 474,889 475,888 482,888 482,888 482,881 485,878 486,878 487,879 488,879 489,881 489,889 490,889 538,889 539,888 553,888 553,888 553,887 554,886 576,886 576,886 576,881 577,880 578,880 579,879 602,879 603,878 606,878 607,880 607,889 608,889 640,889 641,888 642,888 643,889 689,889 689,889 689,886 690,885 690,884 691,883 691,882 692,881 692,878 694,876 696,876 697,878 697,880 698,881 698,882 699,883 699,888 700,888 708,888 708,889 708,890 709,890 726,890 727,891 764,891 764,891 764,881 766,879 767,879 768,878 772,878 772,879 772,889 773,889 817,889 818,888 818,887 819,886 819,881 820,880 851,880 852,879 853,879 854,878 857,878 858,879 868,879 868,880 868,889 869,889 900,889 901,890 902,890 903,891 905,891 905,892 905,893 906,894 906,908 907,909 905,911 905,912 903,914 901,912 885,912 884,913 884,924 884,924"/><TextEquiv index="1"><Unicode>Les plus belles partirent bien vîte; les jolies</Unicode></TextEquiv></TextLine><TextLine id="r2_l018"><Coords points="834,970 833,969 375,969 373,968 373,960 373,959 140,959 139,958 129,958 128,958 128,956 126,954 126,936 127,935 128,935 129,934 130,934 131,933 249,933 249,933 249,927 250,926 251,926 253,924 254,924 255,923 489,923 490,922 664,922 665,923 788,923 789,924 886,924 886,925 886,934 887,934 892,934 893,935 894,935 895,936 896,936 897,938 897,943 898,943 906,943 907,945 907,946 906,947 906,950 905,951 900,951 899,952 889,952 888,953 888,956 888,956 884,956 883,957 862,957 861,958 861,969 861,969 856,969 855,970"/><TextEquiv index="1"><Unicode>ne tarderent pas; les gentilles ne langui-</Unicode></TextEquiv></TextLine><TextLine id="r2_l019"><Coords points="375,1014 374,1014 373,1014 373,1013 372,1012 372,1004 372,1003 335,1003 334,1002 330,1002 274,1002 273,1003 271,1003 270,1002 268,1002 267,1001 240,1001 239,1002 239,1013 238,1014 226,1014 225,1014 225,1003 225,1002 223,1002 222,1001 135,1001 133,1003 131,1003 130,1003 130,1002 127,999 127,982 129,980 130,980 131,979 134,979 135,978 136,978 137,979 160,979 161,980 190,980 191,979 192,979 193,978 194,978 195,979 196,979 196,980 196,981 197,981 232,981 233,980 244,980 245,979 246,980 257,980 258,981 301,981 301,981 301,980 302,979 304,979 306,981 330,981 330,981 330,973 331,972 331,970 332,969 335,969 335,970 335,971 336,972 336,973 337,974 337,975 338,976 338,977 340,979 340,981 341,981 406,981 408,979 409,979 409,980 409,981 410,981 432,981 433,982 476,982 476,982 476,973 477,972 477,971 478,970 481,970 483,968 485,968 486,970 486,971 487,972 487,979 488,979 503,979 504,980 541,980 541,980 541,979 542,978 542,976 543,975 543,974 544,973 544,972 547,969 558,969 558,970 558,971 559,972 559,979 560,979 612,979 613,980 650,980 651,981 681,981 682,980 685,980 686,979 697,979 698,980 722,980 722,980 722,971 723,970 725,970 726,969 727,969 729,972 729,981 730,981 757,981 758,980 763,980 764,979 766,979 767,978 768,979 769,979 770,980 817,980 817,980 817,971 818,970 821,970 822,969 823,969 824,968 826,968 826,969 826,970 827,970 855,970 856,969 861,969 861,970 861,972 862,973 862,980 863,980 899,980 900,979 901,979 902,978 903,978 906,981 907,981 908,983 908,998 909,999 906,1002 904,1002 903,1003 894,1003 893,1004 892,1003 860,1003 859,1002 791,1002 790,1003 787,1003 786,1004 785,1003 779,1003 778,1002 699,1002 698,1003 698,1012 698,1012 686,1012 685,1012 685,1003 685,1002 684,1002 683,1001 681,1001 680,1000 652,1000 651,1001 650,1001 649,1002 637,1002 636,1003 636,1014 636,1014 630,1014 629,1014 629,1003 629,1002 628,1002 627,1003 625,1001 583,1001 582,1002 582,1006 580,1008 580,1009 579,1010 579,1011 579,1011 578,1011 577,1012 576,1012 575,1013 574,1013 573,1014 568,1014 567,1013 566,1013 562,1010 562,1009 561,1008 561,1002 561,1001 504,1001 503,1002 460,1002 459,1003 459,1005 457,1007 457,1009 455,1011 453,1011 452,1012 451,1011 449,1011 448,1011 448,1010 448,1009 447,1009 446,1009 446,1003 446,1002 411,1002 410,1003 407,1003 406,1004 385,1004 384,1005 384,1013 384,1013 382,1013 381,1014 377,1014 376,1015"/><TextEquiv index="1"><Unicode>rent que très-peu; les figures qui ne diſent</Unicode></TextEquiv></TextLine><TextLine id="r2_l020"><Coords points="238,1059 237,1058 236,1058 234,1057 234,1055 234,1054 209,1054 208,1054 208,1047 208,1046 153,1046 152,1047 130,1047 126,1044 126,1027 128,1025 130,1025 131,1024 146,1024 146,1024 146,1016 148,1014 149,1014 150,1013 151,1013 152,1014 153,1014 155,1017 155,1024 156,1024 192,1024 193,1025 194,1025 195,1026 281,1026 282,1025 282,1023 284,1021 284,1020 286,1018 286,1017 287,1016 288,1016 290,1014 294,1014 295,1013 309,1013 311,1016 311,1026 312,1026 382,1026 383,1025 407,1025 407,1025 407,1017 408,1016 441,1016 443,1014 444,1014 445,1013 495,1013 496,1012 503,1012 504,1014 504,1024 505,1024 626,1024 626,1024 626,1016 627,1015 628,1015 629,1014 635,1014 635,1015 635,1016 636,1016 684,1016 685,1015 690,1015 691,1017 691,1026 692,1026 739,1026 740,1025 741,1026 852,1026 852,1026 852,1018 853,1017 855,1017 857,1015 886,1015 886,1015 886,1014 887,1013 888,1012 889,1012 890,1011 891,1012 892,1012 893,1014 893,1015 894,1016 894,1041 895,1041 902,1041 904,1044 904,1046 905,1047 903,1049 844,1049 843,1050 842,1049 780,1049 778,1051 777,1050 741,1050 739,1048 684,1048 683,1047 565,1047 564,1048 562,1048 561,1047 470,1047 469,1048 464,1048 463,1049 425,1049 424,1050 409,1050 407,1048 351,1048 350,1049 346,1049 345,1048 292,1048 291,1047 248,1047 247,1048 247,1057 246,1058 245,1058 244,1059"/><TextEquiv index="1"><Unicode>rien, paſſerent à la faveur du bon marché.</Unicode></TextEquiv></TextLine><TextLine id="r2_l021"><Coords points="272,1104 265,1104 262,1102 262,1094 262,1093 261,1093 260,1092 143,1092 142,1093 140,1093 139,1094 139,1095 139,1095 138,1095 137,1095 137,1090 136,1088 135,1088 134,1087 131,1087 129,1085 128,1085 127,1085 127,1084 126,1083 126,1080 127,1079 127,1070 130,1067 130,1066 135,1061 137,1061 138,1060 140,1060 141,1059 181,1059 182,1058 198,1058 198,1059 198,1064 199,1065 199,1067 200,1067 241,1067 241,1068 241,1071 242,1071 260,1071 261,1070 273,1070 274,1071 299,1071 299,1071 299,1062 301,1060 305,1060 306,1062 306,1084 307,1084 357,1084 357,1084 357,1074 361,1070 361,1069 362,1068 362,1067 364,1065 364,1064 367,1061 368,1061 369,1060 370,1060 371,1059 375,1059 376,1060 377,1060 378,1062 378,1069 379,1069 397,1069 398,1070 401,1070 402,1071 482,1071 483,1070 525,1070 526,1069 549,1069 550,1070 603,1070 603,1070 603,1063 604,1062 605,1062 606,1061 608,1061 609,1060 612,1060 613,1062 613,1070 614,1070 692,1070 693,1069 709,1069 709,1069 709,1067 710,1066 710,1063 711,1062 711,1059 713,1057 716,1057 717,1059 717,1060 718,1061 718,1078 719,1079 719,1085 720,1085 787,1085 787,1085 787,1080 788,1079 788,1077 789,1076 789,1075 790,1074 791,1074 793,1072 794,1072 795,1071 795,1070 796,1069 796,1066 797,1065 797,1063 798,1062 798,1059 799,1058 800,1058 801,1057 802,1058 803,1058 805,1060 846,1060 846,1061 846,1071 847,1071 881,1071 882,1070 898,1070 899,1069 900,1069 903,1072 904,1072 904,1073 905,1074 905,1075 906,1076 905,1077 905,1091 903,1093 901,1093 900,1094 899,1094 898,1093 754,1093 752,1095 752,1096 750,1098 750,1099 749,1100 748,1100 747,1101 744,1101 743,1101 743,1094 743,1093 680,1093 677,1096 675,1095 675,1094 675,1093 611,1093 610,1094 608,1094 607,1093 564,1093 563,1092 503,1092 470,1092 469,1093 375,1093 373,1095 335,1095 330,1100 329,1100 328,1101 327,1101 325,1100 325,1093 325,1092 276,1092 275,1093 275,1103 273,1105"/><TextEquiv index="1"><Unicode>Celles qui, ſans aueune beauté, étoient</Unicode></TextEquiv></TextLine><TextLine id="r2_l022"><Coords points="309,1149 306,1147 306,1138 306,1137 262,1137 261,1138 260,1138 259,1137 208,1137 207,1136 154,1136 130,1136 129,1137 127,1137 125,1136 126,1135 126,1120 127,1119 127,1116 128,1115 129,1115 130,1114 149,1114 149,1114 149,1106 151,1104 155,1104 155,1105 155,1106 156,1107 156,1115 157,1115 181,1115 182,1114 214,1114 214,1114 214,1108 217,1105 241,1105 242,1104 243,1104 245,1102 246,1102 246,1103 246,1107 247,1108 247,1116 248,1116 385,1116 385,1116 385,1109 387,1107 388,1107 389,1106 390,1106 391,1105 394,1105 394,1106 394,1116 395,1116 433,1116 434,1115 435,1116 501,1116 502,1115 502,1114 503,1113 503,1111 504,1110 504,1109 508,1105 509,1105 511,1103 517,1103 518,1104 555,1104 556,1103 557,1104 559,1104 560,1106 560,1114 561,1114 571,1114 574,1117 576,1117 576,1118 576,1119 577,1120 577,1128 578,1128 627,1128 627,1128 627,1108 629,1106 631,1106 632,1105 633,1105 634,1104 635,1104 636,1106 636,1116 637,1116 698,1116 699,1115 701,1117 742,1117 743,1116 750,1116 751,1117 804,1117 804,1117 804,1111 809,1106 812,1106 813,1105 818,1105 819,1106 821,1106 823,1109 823,1111 824,1112 824,1116 825,1116 863,1116 864,1117 880,1117 881,1119 881,1121 883,1123 883,1129 884,1129 902,1129 903,1130 904,1130 905,1132 905,1133 906,1134 906,1137 905,1138 905,1142 902,1145 901,1145 900,1146 896,1146 894,1145 894,1139 894,1138 795,1138 794,1139 745,1139 744,1138 605,1138 603,1140 603,1141 602,1142 602,1143 602,1143 601,1143 600,1144 599,1144 598,1145 596,1145 593,1143 593,1138 593,1137 526,1137 525,1138 525,1147 524,1148 515,1148 514,1147 513,1147 512,1147 512,1139 512,1138 411,1138 410,1139 388,1139 387,1138 348,1138 347,1139 319,1139 318,1140 318,1147 317,1148 316,1148 315,1149"/><TextEquiv index="1"><Unicode>aimables par leur eſprit, leur caractere,</Unicode></TextEquiv></TextLine><TextLine id="r2_l023"><Coords points="357,1191 355,1190 355,1189 356,1188 356,1184 356,1183 318,1183 317,1182 281,1182 280,1183 242,1183 241,1182 204,1182 203,1181 153,1181 152,1182 129,1182 127,1181 127,1180 126,1179 126,1166 127,1165 127,1153 126,1152 126,1151 128,1149 131,1149 132,1148 133,1148 134,1147 136,1147 137,1149 137,1159 138,1159 190,1159 191,1160 229,1160 230,1159 258,1159 258,1159 258,1156 256,1154 257,1153 257,1152 258,1151 259,1151 261,1149 264,1149 264,1150 264,1155 265,1156 265,1161 266,1161 300,1161 301,1160 312,1160 314,1158 315,1158 316,1159 317,1159 318,1160 319,1160 320,1161 333,1161 334,1162 336,1162 337,1164 337,1166 338,1167 338,1174 339,1174 362,1174 363,1175 393,1175 393,1175 393,1168 392,1167 394,1165 394,1163 397,1160 399,1160 400,1161 505,1161 506,1160 549,1160 550,1159 566,1159 567,1158 569,1158 569,1159 569,1160 570,1160 614,1160 615,1159 621,1159 623,1161 697,1161 698,1162 726,1162 726,1162 726,1153 727,1152 727,1151 707,1151 706,1151 707,1150 735,1150 735,1151 735,1153 736,1154 736,1161 737,1161 752,1161 753,1162 811,1162 812,1161 851,1161 851,1161 851,1157 849,1155 849,1153 850,1152 852,1152 854,1150 883,1150 883,1150 883,1148 884,1147 889,1147 890,1149 890,1150 891,1150 894,1150 895,1152 894,1153 892,1153 891,1154 891,1170 892,1170 904,1170 905,1172 905,1175 903,1177 902,1177 901,1178 895,1178 894,1179 890,1179 887,1182 886,1182 885,1183 840,1183 839,1182 803,1182 802,1183 796,1183 795,1182 765,1182 764,1183 753,1183 752,1184 743,1184 741,1182 698,1182 697,1183 692,1183 691,1182 644,1182 643,1183 643,1184 643,1184 642,1184 641,1183 637,1183 635,1181 600,1181 599,1182 567,1182 566,1181 535,1181 534,1182 500,1182 498,1184 489,1184 488,1185 486,1183 473,1183 472,1182 432,1182 431,1183 367,1183 365,1185 365,1186 361,1190 359,1190 358,1191"/><TextEquiv index="1"><Unicode>leurs talents, trouverent encore des enché-</Unicode></TextEquiv></TextLine><TextLine id="r2_l024"><Coords points="127,1193 907,1193 907,1240 127,1240"/><TextEquiv index="1"><Unicode>riſſeurs. La lie reſtoit, c'eſt-à-dire le trou-</Unicode></TextEquiv></TextLine><TextLine id="r2_l025"><Coords points="140,1285 139,1285 139,1274 139,1273 135,1273 134,1274 134,1280 133,1281 133,1282 133,1282 132,1282 131,1283 126,1283 124,1282 124,1281 123,1280 123,1254 126,1251 127,1251 128,1250 148,1250 149,1249 150,1250 205,1250 206,1251 238,1251 238,1251 238,1243 241,1240 243,1240 244,1239 248,1239 248,1240 248,1251 249,1251 281,1251 282,1252 310,1252 310,1252 310,1245 309,1244 310,1243 311,1243 312,1242 314,1242 316,1240 319,1240 320,1241 368,1241 369,1240 372,1240 373,1242 373,1248 374,1249 374,1251 375,1251 389,1251 390,1252 406,1252 407,1253 408,1253 410,1256 410,1267 411,1267 419,1267 421,1269 448,1269 448,1269 448,1255 448,1254 444,1254 443,1254 445,1252 448,1252 448,1252 448,1244 449,1243 449,1242 450,1241 454,1241 455,1242 463,1242 464,1244 464,1250 465,1250 465,1250 465,1240 466,1239 467,1239 467,1240 467,1251 468,1251 503,1251 504,1250 538,1250 539,1249 566,1249 566,1249 566,1241 568,1239 572,1239 572,1240 572,1249 573,1249 614,1249 615,1250 717,1250 718,1249 730,1249 730,1249 730,1248 731,1247 731,1242 732,1241 732,1240 733,1239 737,1239 737,1240 737,1242 738,1243 738,1250 739,1250 788,1250 789,1249 818,1249 818,1249 818,1242 819,1241 822,1241 823,1240 824,1240 825,1239 826,1239 827,1240 828,1240 828,1241 828,1250 829,1250 897,1250 898,1249 900,1249 902,1252 902,1266 903,1266 904,1266 904,1267 904,1271 902,1273 866,1273 865,1274 863,1272 734,1272 733,1271 686,1271 685,1272 673,1272 672,1271 507,1271 506,1272 491,1272 490,1273 420,1273 419,1274 417,1274 416,1273 369,1273 368,1274 368,1276 368,1276 367,1276 366,1276 366,1274 366,1273 312,1273 311,1272 279,1272 278,1273 244,1273 243,1274 243,1276 243,1276 242,1276 241,1276 241,1273 241,1272 186,1272 185,1273 184,1273 183,1272 146,1272 145,1273 145,1285 145,1285"/><TextEquiv index="1"><Unicode>peau des laides. Les crieurs avoient beau</Unicode></TextEquiv></TextLine><TextLine id="r2_l026"><Coords points="391,1330 390,1330 390,1320 390,1319 371,1319 370,1318 310,1318 309,1319 308,1319 307,1320 307,1322 306,1323 304,1323 303,1323 303,1319 302,1317 258,1317 257,1318 250,1318 249,1317 219,1317 218,1318 217,1318 216,1317 155,1317 154,1316 133,1316 132,1315 131,1315 126,1311 126,1310 124,1308 124,1306 123,1305 124,1304 124,1303 126,1301 126,1300 130,1296 132,1296 133,1295 136,1295 136,1295 136,1287 138,1285 157,1285 158,1287 158,1295 159,1295 169,1295 170,1296 193,1296 194,1297 219,1297 220,1298 221,1298 222,1299 244,1299 244,1299 244,1294 245,1293 254,1293 254,1293 254,1287 255,1286 257,1286 258,1287 259,1287 259,1288 259,1291 260,1292 260,1297 261,1297 308,1297 309,1296 351,1296 351,1296 351,1289 352,1288 352,1287 353,1286 358,1286 359,1285 361,1287 378,1287 379,1289 379,1295 380,1296 380,1297 381,1297 431,1297 431,1297 431,1292 433,1290 464,1290 465,1289 466,1289 467,1288 468,1288 469,1287 471,1287 472,1286 480,1286 481,1287 482,1287 483,1288 485,1288 490,1294 490,1295 491,1295 536,1295 537,1294 551,1294 551,1294 551,1288 554,1285 557,1285 558,1286 559,1286 559,1287 559,1288 560,1289 560,1293 561,1293 594,1293 595,1294 643,1294 643,1294 643,1292 644,1291 644,1289 650,1283 653,1283 654,1282 667,1282 668,1283 669,1283 670,1285 670,1295 671,1295 702,1295 702,1295 702,1285 703,1284 704,1284 705,1283 706,1283 708,1286 708,1293 709,1293 719,1293 719,1294 719,1295 720,1295 763,1295 763,1295 763,1288 766,1285 769,1285 771,1288 771,1296 772,1296 803,1296 804,1295 806,1295 807,1296 809,1296 811,1299 811,1304 812,1305 812,1310 813,1310 842,1310 842,1310 842,1287 843,1286 856,1286 856,1287 856,1288 857,1289 857,1296 858,1296 902,1296 903,1298 903,1299 904,1300 904,1302 903,1303 903,1316 901,1318 899,1318 898,1319 879,1319 878,1318 848,1318 822,1318 821,1319 818,1319 816,1317 790,1317 786,1317 785,1318 767,1318 766,1319 749,1319 747,1317 668,1317 667,1316 625,1316 624,1315 616,1315 576,1315 575,1316 571,1316 570,1317 569,1316 498,1316 497,1317 482,1317 481,1318 478,1318 477,1319 476,1319 475,1318 469,1318 468,1317 467,1317 464,1314 463,1314 462,1313 433,1313 432,1314 432,1315 430,1317 430,1318 430,1318 429,1318 428,1319 397,1319 396,1320 396,1330 396,1330"/><TextEquiv index="1"><Unicode>dire: à combien? On n'en offroit rien. Les</Unicode></TextEquiv></TextLine><TextLine id="r2_l027"><Coords points="128,1375 127,1375 127,1374 127,1373 126,1373 124,1372 124,1344 123,1343 124,1342 124,1340 125,1339 128,1339 129,1338 132,1338 134,1340 143,1340 144,1341 182,1341 183,1340 187,1340 188,1341 285,1341 286,1340 286,1338 287,1337 287,1336 291,1332 292,1332 296,1328 300,1328 301,1329 312,1329 313,1330 325,1330 325,1331 325,1342 326,1342 378,1342 378,1342 378,1335 379,1334 389,1334 389,1334 389,1331 390,1330 395,1330 395,1331 395,1340 396,1340 434,1340 434,1340 434,1334 437,1331 439,1331 440,1333 440,1335 441,1336 441,1341 442,1341 476,1341 477,1340 513,1340 513,1340 513,1332 514,1331 515,1331 516,1330 520,1330 520,1331 520,1339 521,1339 593,1339 593,1339 593,1332 595,1330 598,1330 599,1329 620,1329 621,1328 624,1328 624,1329 624,1338 625,1339 625,1340 626,1340 639,1340 640,1341 683,1341 683,1341 683,1334 686,1331 687,1331 688,1330 694,1330 695,1331 696,1331 697,1333 697,1334 698,1334 726,1334 726,1334 726,1333 730,1329 734,1329 735,1331 735,1341 736,1341 797,1341 798,1340 799,1341 800,1341 801,1342 847,1342 848,1341 848,1339 849,1338 849,1337 850,1336 850,1335 856,1329 857,1329 858,1328 862,1328 863,1329 864,1329 864,1330 864,1333 865,1334 865,1342 866,1342 888,1342 889,1343 890,1343 890,1344 891,1345 891,1346 892,1347 892,1357 893,1357 899,1357 900,1359 900,1361 899,1362 899,1364 899,1364 898,1364 897,1365 895,1365 894,1364 848,1364 810,1364 809,1365 808,1364 799,1364 798,1363 742,1363 741,1364 741,1374 741,1374 735,1374 734,1374 734,1373 733,1372 733,1365 733,1364 731,1364 730,1363 696,1363 695,1364 690,1364 689,1363 688,1363 686,1361 658,1361 657,1362 640,1362 639,1363 637,1363 636,1362 597,1362 596,1361 567,1361 566,1362 562,1362 561,1361 533,1361 532,1362 459,1362 458,1363 439,1363 438,1364 437,1364 436,1363 392,1363 391,1364 390,1364 389,1363 343,1363 342,1364 341,1363 287,1363 286,1362 169,1362 168,1363 140,1363 139,1364 139,1371 138,1372 136,1372 133,1375"/><TextEquiv index="1"><Unicode>pauvres filles étoient humbles &amp; honteuſes.</Unicode></TextEquiv></TextLine><TextLine id="r2_l028"><Coords points="561,1417 560,1417 559,1416 558,1416 557,1416 557,1408 557,1407 531,1407 530,1408 475,1408 474,1409 473,1409 472,1410 472,1411 471,1412 469,1412 468,1411 464,1411 463,1411 463,1409 463,1408 379,1408 378,1409 375,1409 374,1408 326,1408 325,1409 323,1409 322,1408 300,1408 299,1407 241,1407 239,1405 208,1405 207,1406 198,1406 197,1407 167,1407 166,1408 131,1408 130,1407 127,1407 125,1406 125,1404 126,1403 126,1379 127,1378 127,1376 128,1375 143,1375 144,1377 144,1386 145,1386 187,1386 188,1385 192,1385 193,1386 238,1386 238,1386 238,1379 239,1378 239,1377 240,1376 242,1376 243,1375 244,1375 245,1374 246,1374 247,1376 247,1379 248,1380 248,1385 249,1385 280,1385 281,1386 320,1386 320,1386 320,1380 321,1379 321,1377 322,1376 323,1376 324,1375 338,1375 339,1376 377,1376 377,1376 377,1374 379,1372 381,1372 382,1374 382,1386 383,1386 410,1386 411,1385 412,1385 413,1386 478,1386 478,1386 478,1378 479,1377 480,1377 481,1376 482,1376 483,1375 486,1375 486,1376 486,1381 487,1382 487,1385 488,1385 522,1385 522,1385 522,1376 524,1374 528,1374 529,1376 529,1383 530,1383 540,1383 543,1386 544,1386 545,1387 564,1387 565,1388 595,1388 597,1386 598,1386 599,1385 621,1385 622,1386 648,1386 648,1386 648,1380 649,1379 649,1377 651,1375 653,1375 655,1378 655,1387 656,1387 699,1387 699,1387 699,1377 701,1375 714,1375 715,1374 759,1374 760,1375 826,1375 827,1376 828,1376 828,1377 828,1385 829,1385 839,1385 840,1386 877,1386 878,1387 899,1387 899,1388 899,1389 901,1391 901,1392 902,1393 902,1397 903,1398 903,1404 904,1405 904,1406 905,1407 905,1408 904,1409 904,1410 904,1410 902,1410 899,1413 898,1413 898,1411 898,1410 889,1410 888,1409 876,1409 875,1408 794,1408 793,1409 769,1409 768,1408 700,1408 699,1407 669,1407 668,1408 645,1408 644,1409 618,1409 617,1410 617,1411 617,1411 616,1411 616,1408 616,1407 596,1407 595,1408 595,1410 595,1410 567,1410 564,1413 564,1414 562,1416 562,1418 562,1418"/><TextEquiv index="1"><Unicode>Leur humilité-touchoit; mais il falloit un</Unicode></TextEquiv></TextLine><TextLine id="r2_l029"><Coords points="699,1465 698,1464 696,1464 694,1462 693,1462 692,1462 692,1454 692,1453 646,1453 645,1452 610,1452 609,1453 608,1452 479,1452 478,1453 475,1453 474,1454 425,1454 424,1455 424,1463 423,1464 416,1464 415,1464 415,1454 415,1453 362,1453 361,1454 360,1454 359,1453 293,1453 292,1452 255,1452 254,1453 253,1453 252,1454 252,1463 251,1464 242,1464 241,1464 241,1463 240,1462 240,1452 240,1451 208,1451 207,1452 206,1452 205,1453 203,1453 202,1452 154,1452 133,1452 132,1453 130,1453 129,1452 128,1452 126,1451 126,1442 125,1441 125,1437 126,1436 126,1434 128,1432 131,1432 132,1431 139,1431 140,1430 149,1430 150,1429 151,1430 189,1430 190,1429 199,1429 199,1429 199,1426 200,1425 200,1423 202,1421 219,1421 222,1418 224,1418 225,1417 226,1417 227,1418 229,1418 230,1420 230,1421 231,1422 231,1431 232,1431 265,1431 265,1431 265,1423 267,1421 268,1421 269,1420 270,1420 271,1419 272,1419 273,1421 273,1431 274,1431 339,1431 340,1430 340,1428 341,1427 341,1426 342,1425 342,1424 346,1420 347,1420 348,1419 350,1419 351,1418 352,1419 354,1419 355,1420 356,1420 356,1421 356,1431 357,1431 416,1431 416,1431 416,1430 417,1429 418,1429 418,1430 418,1432 419,1432 468,1432 469,1431 474,1431 475,1432 515,1432 515,1432 515,1422 516,1421 517,1421 519,1419 520,1419 521,1418 524,1418 524,1419 524,1423 525,1424 525,1430 526,1430 583,1430 584,1429 584,1427 585,1426 585,1424 587,1422 587,1421 588,1420 589,1420 590,1419 593,1419 594,1418 597,1418 599,1420 618,1420 619,1422 619,1430 620,1430 639,1430 640,1431 720,1431 721,1432 738,1432 738,1432 738,1428 739,1427 739,1423 740,1422 743,1422 743,1423 743,1424 744,1425 744,1432 745,1432 754,1432 755,1431 775,1431 776,1432 783,1432 785,1435 785,1442 786,1442 816,1442 817,1441 817,1439 819,1437 819,1433 820,1432 820,1431 821,1430 821,1429 822,1428 822,1425 823,1424 828,1424 829,1423 840,1423 842,1421 844,1421 846,1419 848,1419 848,1420 848,1431 849,1431 880,1431 881,1432 886,1432 887,1433 900,1433 901,1435 901,1445 902,1446 902,1450 901,1451 901,1452 900,1453 900,1454 900,1454 899,1454 898,1455 893,1455 892,1454 873,1454 872,1453 791,1453 789,1455 787,1455 786,1454 757,1454 756,1453 713,1453 712,1454 712,1459 709,1462 709,1463 708,1464 705,1464 704,1465"/><TextEquiv index="1"><Unicode>motif plus fort pour les faire agréer. Alors</Unicode></TextEquiv></TextLine><TextLine id="r2_l030"><Coords points="682,1510 681,1509 570,1509 569,1508 133,1508 132,1508 132,1496 131,1494 130,1494 129,1493 127,1493 126,1492 125,1492 124,1492 124,1486 125,1485 125,1483 126,1482 126,1481 128,1479 128,1476 129,1475 136,1475 137,1474 202,1474 202,1474 202,1472 203,1471 203,1470 205,1468 205,1467 207,1465 208,1465 209,1464 210,1464 211,1463 217,1463 218,1465 218,1466 219,1467 219,1473 220,1473 542,1473 542,1473 542,1467 545,1464 547,1464 548,1463 605,1463 606,1464 616,1464 617,1465 618,1465 619,1466 886,1466 888,1469 888,1474 889,1474 901,1474 902,1476 902,1477 903,1477 905,1477 905,1478 905,1481 906,1482 906,1495 904,1497 904,1498 904,1498 847,1498 846,1499 785,1499 784,1500 784,1507 783,1508 782,1508 781,1509 688,1509 687,1510"/><TextEquiv index="1"><Unicode>on fit un monceau de l'argent qu'avoit</Unicode></TextEquiv></TextLine><TextLine id="r2_l031"><Coords points="700,1555 699,1554 698,1554 697,1554 697,1553 697,1552 371,1552 370,1553 370,1555 370,1555 368,1555 367,1555 367,1553 367,1552 130,1552 129,1552 129,1528 129,1527 128,1527 127,1527 127,1524 124,1521 125,1520 125,1519 126,1518 126,1514 128,1512 134,1512 134,1512 134,1509 135,1508 211,1508 212,1509 559,1509 560,1508 561,1508 562,1509 732,1509 733,1510 836,1510 837,1512 837,1518 838,1518 897,1518 898,1519 901,1519 904,1523 904,1536 902,1538 902,1539 901,1540 901,1541 901,1541 842,1541 841,1542 806,1542 805,1543 805,1553 803,1555"/><TextEquiv index="1"><Unicode>produit la vente des jolies; &amp; les crieurs</Unicode></TextEquiv></TextLine><TextLine id="r2_l032"><Coords points="829,1599 828,1598 825,1598 822,1596 822,1590 822,1589 669,1589 668,1590 668,1591 668,1591 598,1591 596,1593 589,1593 588,1593 588,1592 588,1591 356,1591 355,1592 267,1592 266,1593 266,1594 266,1594 265,1594 264,1594 264,1592 264,1591 133,1591 132,1590 131,1590 129,1589 129,1583 126,1580 126,1574 127,1573 127,1572 128,1571 128,1570 133,1565 134,1565 135,1564 137,1564 138,1563 140,1563 140,1563 140,1556 143,1553 265,1553 266,1554 267,1554 269,1556 349,1556 349,1557 349,1560 350,1561 350,1565 351,1565 523,1565 524,1564 567,1564 568,1563 568,1555 569,1554 575,1554 576,1555 594,1555 594,1556 594,1558 595,1559 595,1563 596,1563 902,1563 902,1564 902,1568 903,1569 903,1588 904,1589 904,1591 905,1592 904,1593 838,1593 837,1594 837,1596 835,1598 834,1598 833,1599"/><TextEquiv index="1"><Unicode>dirent à rebours: coméien veut - on pour</Unicode></TextEquiv></TextLine></TextRegion><TextRegion id="r3" type="page-number" orientation="-0.0"><Coords points="856,97 855,98 848,98 848,104 847,105 847,106 845,107 830,107 829,108 823,108 823,111 822,112 822,121 823,122 823,123 825,125 825,126 823,127 823,136 825,137 825,139 864,139 865,140 865,146 866,147 901,147 904,143 904,142 907,140 907,139 909,136 909,135 911,133 914,133 914,128 916,126 916,125 917,123 917,122 918,121 918,119 920,118 920,106 918,105 918,104 917,103 916,103 915,101 898,101 895,99 895,97"/><TextEquiv><Unicode/></TextEquiv><TextLine id="r3_l001"><Coords points="839,102 904,102 904,144 839,144"/><TextEquiv index="1"><Unicode>n</Unicode></TextEquiv></TextLine></TextRegion></Page></PcGts>