1116 1854
203 94 268 135 1
194 139 965 201 “que la reine ne veut pas que je la voie,
196 191 492 229 “ſois ma reine.“
243 238 965 286 La jeune perſonne ſembloit nager dans
195 282 967 330 la joie, & redoubloit pour moi de zele,
197 328 966 375 d'attachement & de ſoumiſſion. J'avois beau
196 373 970 422 vouloir lui épargner ce qu'il y avoit de plus
197 419 969 468 dur dans ſon ſervice, elle ſouffroit avec
198 465 970 513 peine que je la fiſſe aider par une ſubal-
198 511 972 559 terne. Enfin, je l'aimois très-ſérieuſement;
199 556 972 604 mon hôteſſe s'en appercevoit, & ſourioit
202 600 973 648 malignement. Cependant Julie étoit toujours
199 646 972 694 la dominante dans mon cœur; & je rougiſſois
201 692 1002 740 quelquefois, quand je réfléchiſſois qu'une
199 736 974 786 ſervante y régnoit avec elle. „Reviens,
202 783 975 832 “diſois-je, ma Julie, celle qui eſt ta rivale
203 829 975 877 “tombera à tes pieds, & te reconnoîtra
203 875 623 922 “pour ſa maîtreſſe.“
249 912 977 968 La reine me faiſoit quelquefois appeller
204 967 977 1014 pour écrire des lettres. Elle me recevoit
176 1013 978 1060 avec beaucoup d'affabilité; mais toujours
178 1056 977 1105 avec ſon maudit maſque. Il me venoit
205 1100 980 1149 quelquefois dans l'idée que cette beauté
204 1149 977 1194 cachée pouvoit être ma Julie, que j'avois
204 1193 979 1245 eu quelques raiſons de croire dans les terres
208 1239 980 1286 Auſtrales; mais d'ailleurs, tout démentoit
209 1285 980 1337 cette idée. „A propos, me dit un jour
211 1331 980 1376 “S. M.; mais vraiment vous avez une jolie
210 1376 979 1422 “gouvernante. A ces mots je rougis. Vous
212 1418 982 1468 “n'avez point à rougir, reprit S. M.; elle
212 1467 982 1513 “eſt réellement jolie; on me l'a montrée
214 1512 982 1558 “hier, & je vous ai reconnu pour être de
212 1557 983 1606 “fort bon goût. On dit que vous me faites
