1116 1854
201 141 970 187 “je veux que vous m'y ſuiviez. Vous pouvez
169 187 980 232 “la mener avec vous pour vous ſervir.“
201 231 970 278 Je me retirai, l'eſprit rempli de ce que la
198 277 638 324 reine venoit de me dire.
212 320 970 368 Le lendemain je dis à Dorothée: „n'avez-
197 367 970 413 “vous point eu l'indiſcrétion de vous vanter
200 413 969 460 “à quelqu'un, que vous reſſemblez à la
197 458 968 505 “reine?“ Elle ſourit, & me répondit:
196 504 967 551 “non; mais il y avoit l'autre jour un de ſes
196 548 967 596 “domeſtiques derriere vous, quand vous
196 594 967 642 “m'avez fait ce compliment. -- Avez-vous
197 639 966 686 “vu la reine? repris-je. -- Oui, me dit-elle.
196 684 967 732 “Je paſſai l'autre jour ſous ſes fenêtres, &
196 730 967 778 “l'on m'aſſura qu'elle m'avoit regardée.
197 775 967 823 “-Trouvez-vous qu'elle vous reſſemble?
198 822 967 869 “ajoutai-je. -- Hélas, reprit-elle, je la vis
195 866 968 914 “ſi peu, & je me vois ſi peu moi-même!
197 910 965 959 “car heureuſement, je n'ai pas été élevée
197 957 966 1005 “à me regarder dans le miroir, vu qu'il
195 1004 819 1048 “n'y en avoit pas chez ma mere.“
243 1047 966 1096 Le lendemain la reine m'envoya une fort
195 1093 964 1142 jolie voiture; j'y montai avec ma petite
193 1137 965 1185 ſervante, qui étoit bien véritablement ma
195 1183 967 1232 maîtreſſe. J'avoue que j'eus avec elle, pen-
196 1230 966 1272 dant la route, une converſation délicieuſe.
195 1275 965 1323 Je ne pus m'empêcher de lui faire des ca-
196 1319 964 1367 reſſes auxquelles, malgré ſa pudeur, elle
195 1364 967 1413 paroiſſoit ſenſible. Je ne vis qu'elle pen-
193 1410 967 1460 dant toute la route. Je ne ſavois où j'étois;
194 1455 967 1502 je fus tout ſurpris quand nous fûmes arrivés,
174 1503 966 1550 je croyois être encore dans la ville. Je regar-
195 1547 964 1595 dai hors de la voiture; & je vis un château
