1116 1854
139 165 1025 222 charmante perſonne. Il me ſembla qu'elle
140 216 1025 264 me ſerra la main, ce qui me confondit;
140 261 1025 309 mais elle avoit l'opiniâtreté de ne ſe point
140 306 1025 354 démaſquer, & je peſtois en me diſant:
140 352 1025 398 Quoi! je ne verrai pas une fois dans ma
140 396 1025 444 “vie, le viſage de cette reine! “ Enfin elle
140 441 1025 490 me prit ſans façon par le bras, & me dit:
140 486 1025 536 Allons nous rafraîchir.“ Je l'accompagnai
140 532 1025 578 avec un plaiſir & un embarras inexprima-
140 575 1025 624 bles. Elle me conduiſit dans un très-joli
140 621 1026 668 petit boudoir, & ferma la porte ſur elle.
141 665 1026 714 Nous étions ſeuls. Je lui préſentai un verre
141 712 1026 758 de limonnade; elle ôta leſtement ſon maſque
141 757 1026 809 pour boire, & je vis une jolie figure qui
141 800 1026 854 reſſembloit tout-à-fait à celle de Dorothée.
141 847 1026 895 Elle ſourioit en me regardant d'un air
141 891 1026 940 malin & intéreſſant, & je reſtai la bouche
141 936 1026 986 béante. „Hé bien, me dit-elle, mon cher
141 982 1026 1030 “maître, qu'en penſez-vous? -- C'eſt donc
141 1026 1026 1075 “toi, ma chere Dorothée? lui répondis-je.
141 1070 1026 1120 “As-tu pu te maſquer comme cela? -- c'eſt
141 1117 1027 1166 “la reine elle-même, reprit-elle, qui m'a
142 1160 1027 1210 “envoyé cet habit, en m'enjoignant de me
142 1207 1027 1256 “trouver à ſon bal. -- Mais ne crains-tu
142 1252 1027 1302 “point, lui dis-je, qu'elle ne s'offenſe de
142 1297 1027 1344 “ce que tu oſes te donner pour elle? --
142 1341 1027 1391 “C'eſt tout le monde qui me prend pour
142 1384 1027 1435 “elle, répondit la chere enfant; je n'ai
142 1432 1027 1483 “aucune part à la mépriſe; & l'on m'a fait
142 1477 1027 1525 “entendre qu'elle deſiroit, vu la reſſem-
142 1522 1027 1570 “blance de la taille, qu'on pût me prendre
142 1567 1028 1618 pour elle, afin qu'elle eût la liberté de ſe
