1116 1854
170 148 940 196 “perdre mieux dans la foule, où elle eſt
173 193 939 242 “en effet déguiſée juſqu'aux dents, & tout-
171 238 942 286 “à-fait méconnoiſſable.“ Je ne pus m'em-
170 283 939 339 pêcher d'embraſſer Dorothée, tant elle
171 330 973 377 etoit gentille. Elle me laiſſa faire en rougiſ-
171 372 942 422 ſant, & elle cacha ſon petit viſage dans mon
171 415 940 467 ſein. Elle me dit enſuite qu'elle ſe ſentoit
174 463 942 512 un peu fatiguée. „Hé bien, ma chere ame,
175 509 943 557 “lui dis-je, veux-tu t'en aller? -- Oui,
131 556 943 601 “mon cher maître, me répondit-elle.“ Elle
177 598 945 648 remit ſon maſque; je lui préſentai mon
177 646 944 692 bras, elle l'accepta, en diſant: „Que vous
177 689 945 734 “avez de bonté!“ Nous ſortîmes; tout le
178 735 946 781 monde nous fit place reſpectueuſement,
177 778 946 826 prenant ma Dorothée pour la reine. Nous
177 826 948 872 gagnâmes notre appartement, & nous nous
178 870 950 915 y enfermâmes, très-contents de notre ſoirée.
228 916 948 963 Nous trouvâmes un ambigu charmant,
179 959 949 1008 ſervi pour notre ſouper. Je me mis à table.
179 1003 951 1054 Ma jolie petite ſervante ne vouloit-elle pas
180 1049 951 1099 ſe tenir debout pour me ſervir? Je la fis
182 1095 952 1143 aſſeoir vis-à-vis de moi; & je la priai très-
182 1141 951 1189 inſtamment de manger. Elle me faiſoit un
183 1184 953 1231 million d'excuſes de la liberté qu'elle pre-
182 1228 951 1280 noit. Elle ſe louoit tant de mes bontés, que
184 1275 956 1321 j'en étois tout honteux; elle étoit miſe
182 1322 957 1371 comme une reine, belle comme un ange;
184 1365 955 1413 n'avois-je pas bien de la bonté de la ſouffrir
186 1410 953 1449 à ma table? Les vins étoient excellents: la
188 1457 954 1504 chere exquiſe: nous nous trouvions tête-à-
191 1500 956 1548 tête dans l'appartement de la ſouveraine;
193 1546 956 1593 nous fîmes un ſouper délicieux. Je me
742 1592 819 1635 H
873 98 938 141 L
