<PcGts xmlns="http://schema.primaresearch.org/PAGE/gts/pagecontent/2017-07-15" xmlns:xsi="http://www.w3.org/2001/XMLSchema-instance" xsi:schemaLocation="http://schema.primaresearch.org/PAGE/gts/pagecontent/2017-07-15 http://schema.primaresearch.org/PAGE/gts/pagecontent/2017-07-15/pagecontent.xsd"><Metadata><Creator/><Created>2020-09-17T10:33:24</Created><LastChange>1970-01-01T00:00:00</LastChange><Comments/></Metadata><Page imageFilename="0185.png" imageHeight="1854" imageWidth="1116"><ReadingOrder><OrderedGroup id="g1"><RegionRefIndexed index="0" regionRef="r1"/><RegionRefIndexed index="1" regionRef="r2"/><RegionRefIndexed index="2" regionRef="r4"/></OrderedGroup></ReadingOrder><TextRegion id="r1" type="page-number" orientation="-0.0"><Coords points="881,107 880,108 860,108 860,112 858,114 855,114 853,115 828,115 828,126 829,127 829,128 830,129 828,132 828,141 830,143 849,143 850,144 850,152 851,154 885,154 886,152 908,152 910,150 913,150 914,149 916,149 920,146 921,146 924,142 924,140 925,139 925,137 927,136 927,121 925,120 925,117 924,115 923,115 922,114 921,114 918,112 918,107"/><TextEquiv><Unicode/></TextEquiv><TextLine id="r1_l001"><Coords points="845,112 911,112 911,151 845,151"/><TextEquiv index="1"><Unicode>L</Unicode></TextEquiv></TextLine></TextRegion><TextRegion id="r2" type="paragraph" orientation="-0.0"><Coords points="856,156 856,167 857,168 857,169 856,170 799,170 798,169 746,169 745,168 745,161 743,159 705,159 705,169 704,170 657,170 656,171 630,171 629,172 628,171 618,171 617,170 617,159 578,159 576,161 566,161 566,171 565,172 564,171 533,171 531,169 531,159 482,159 480,161 479,161 478,162 478,170 477,171 457,171 456,170 456,163 455,162 455,159 412,159 410,161 375,161 374,162 373,162 372,163 370,163 370,165 369,166 337,166 337,170 336,171 327,171 326,170 326,166 325,165 325,161 324,160 324,159 288,159 287,160 287,161 286,162 282,162 281,163 281,172 280,173 276,173 274,175 274,176 273,177 273,181 272,182 272,184 271,185 246,185 245,184 245,173 244,173 243,172 212,172 210,170 210,169 209,168 209,159 172,159 170,161 133,161 132,162 130,162 130,163 128,165 128,166 127,167 127,169 126,170 126,172 125,173 124,173 123,174 123,177 122,178 122,187 121,188 85,188 85,190 84,191 84,200 85,200 86,201 121,201 122,200 123,201 123,203 125,205 185,205 186,206 186,209 185,210 168,210 166,212 166,217 164,219 141,219 140,220 132,220 131,221 128,221 127,222 127,234 128,235 128,236 127,237 126,237 126,250 127,251 180,251 181,250 190,250 191,249 235,249 235,248 236,247 307,247 309,249 345,249 346,248 346,247 347,246 347,235 346,234 345,234 344,233 344,232 340,232 339,231 339,223 338,222 338,219 337,218 337,217 312,217 311,216 311,206 310,205 310,204 311,203 345,203 346,202 390,202 391,203 423,203 425,205 425,213 432,213 433,214 433,215 434,216 434,217 435,218 435,220 436,221 436,222 437,223 437,224 438,225 438,227 439,228 439,229 440,230 440,232 441,233 441,234 442,235 442,236 443,237 443,239 444,240 444,241 445,242 445,244 446,245 446,246 447,247 447,248 448,249 448,251 449,252 449,253 450,254 450,255 451,256 451,258 452,259 452,260 453,261 453,262 452,263 451,263 450,262 450,261 393,261 391,263 374,263 373,264 372,264 371,265 370,265 368,263 329,263 327,261 327,253 326,252 290,252 289,253 289,261 287,263 258,263 257,264 254,264 253,265 253,266 252,267 252,276 253,276 256,279 255,280 250,280 249,279 249,266 247,266 245,264 223,264 222,263 222,256 221,255 221,254 220,253 177,253 176,254 174,254 174,256 173,257 173,266 174,267 174,269 177,272 177,280 176,281 175,281 174,282 172,282 171,283 147,283 147,294 172,294 173,295 209,295 210,294 251,294 253,292 254,293 277,293 278,294 313,294 314,293 366,293 367,292 451,292 456,287 457,288 458,288 462,292 465,292 466,293 466,294 465,295 464,295 463,296 462,296 461,297 458,297 458,302 457,303 438,303 436,301 436,295 399,295 397,297 395,297 395,307 394,308 393,308 392,307 381,307 380,306 380,298 379,297 376,297 375,296 337,296 336,297 335,297 334,298 334,300 333,301 333,304 332,305 332,307 331,308 206,308 205,309 201,309 200,308 200,302 199,301 199,297 136,297 135,298 130,298 130,309 129,310 128,310 126,312 126,313 125,314 123,314 123,316 122,317 122,319 121,320 121,330 122,331 122,336 123,337 124,337 126,339 131,339 132,340 139,340 140,341 139,342 136,342 133,345 133,346 132,347 132,348 129,351 129,354 127,356 126,356 125,357 125,368 127,370 126,371 126,372 125,373 125,383 126,384 126,385 178,385 179,384 187,384 188,383 202,383 203,384 252,384 253,383 254,384 316,384 317,383 360,383 361,382 402,382 403,383 439,383 440,382 496,382 497,383 497,384 496,385 492,385 492,388 491,389 491,393 490,394 490,396 489,397 464,397 463,398 455,398 454,399 451,399 450,400 450,411 451,412 453,412 454,413 453,414 452,414 451,415 451,425 452,426 453,426 454,427 499,427 500,428 500,436 501,437 501,441 500,442 466,442 465,443 434,443 433,442 381,442 380,441 380,429 367,429 366,428 367,427 378,427 379,426 380,426 381,425 382,425 384,427 401,427 402,428 438,428 439,427 441,427 442,426 443,426 443,425 444,424 444,415 446,413 446,404 443,401 443,400 442,399 441,399 440,398 426,398 425,397 425,389 424,388 423,388 422,387 422,385 387,385 385,387 383,387 382,388 382,398 381,399 378,399 376,397 340,397 338,399 319,399 318,398 272,398 271,399 247,399 246,398 246,388 223,388 222,387 183,387 182,388 180,388 177,391 177,392 176,393 176,397 175,398 174,398 173,399 129,399 128,400 123,400 123,402 122,403 122,414 126,418 126,427 125,428 122,428 122,439 123,440 124,440 125,441 168,441 169,440 171,440 171,430 172,429 248,429 250,431 249,432 230,432 228,434 227,434 226,435 225,435 225,442 224,443 134,443 133,444 127,444 126,445 126,448 125,449 125,457 124,458 123,458 123,471 124,472 125,472 128,475 177,475 178,476 177,477 177,482 176,483 176,486 175,487 154,487 153,488 132,488 129,491 127,491 126,492 126,503 127,504 127,505 128,506 127,507 126,507 126,1613 954,1613 954,507 508,507 507,506 507,500 506,499 506,485 507,484 508,484 509,483 513,483 514,482 514,473 515,472 520,472 521,473 556,473 557,472 591,472 592,471 593,472 600,472 601,473 601,483 634,483 634,474 636,472 773,472 774,473 807,473 809,475 809,483 855,483 856,482 856,474 857,473 928,473 929,472 929,444 928,443 927,443 926,442 888,442 887,441 887,439 888,438 921,438 921,437 922,436 923,436 923,435 925,433 926,433 928,431 928,428 929,427 929,418 928,417 928,414 930,412 930,403 929,402 929,400 895,400 894,399 893,399 892,398 866,398 865,397 831,397 830,396 796,396 795,397 786,397 785,398 784,397 738,397 736,395 736,390 738,388 759,388 760,389 760,390 762,392 799,392 800,391 805,391 806,390 831,390 831,384 833,382 886,382 887,383 927,383 929,381 929,371 928,370 928,369 929,368 929,367 930,366 930,356 929,355 928,355 927,354 925,354 924,353 924,352 913,352 911,350 911,344 910,343 910,341 873,341 873,342 872,343 872,349 871,350 870,349 870,339 871,338 886,338 887,337 890,337 891,336 913,336 913,334 914,333 926,333 927,332 927,331 929,329 929,319 928,319 927,318 913,318 911,316 911,310 908,307 863,307 862,308 853,308 852,307 852,305 820,305 819,304 819,297 818,296 780,296 780,304 779,305 727,305 725,307 701,307 699,305 699,301 698,300 698,295 650,295 649,296 648,296 647,297 645,297 645,305 643,307 634,307 633,308 611,308 610,307 601,307 600,306 600,293 601,292 634,292 636,290 638,290 639,289 639,278 638,277 638,276 639,275 639,274 640,273 641,274 641,281 642,281 643,282 643,285 644,286 644,287 645,288 645,289 646,289 647,290 648,290 650,292 709,292 710,293 710,300 711,301 715,301 716,302 749,302 750,301 754,301 754,293 755,292 881,292 882,293 882,301 921,301 922,300 922,299 924,297 924,295 925,294 926,294 927,293 927,281 925,279 924,279 923,278 922,278 921,277 921,276 888,276 887,275 887,264 886,263 886,262 885,261 830,261 829,260 829,251 828,251 826,249 787,249 786,250 785,250 784,251 783,251 782,252 782,253 781,254 780,254 780,256 779,257 779,258 778,259 778,260 777,261 696,261 695,260 695,253 694,252 694,249 658,249 657,250 654,250 653,251 652,251 652,260 651,261 648,261 643,266 643,271 642,272 641,272 640,271 640,263 638,263 637,262 637,261 636,260 625,260 624,259 624,252 623,251 594,251 593,250 556,250 555,251 554,251 553,252 531,252 530,253 528,253 527,254 527,260 526,261 463,261 460,264 458,264 457,265 455,263 455,262 454,261 454,259 453,258 453,257 452,256 452,254 451,253 451,252 450,251 450,250 449,249 449,247 448,246 448,245 447,244 447,243 446,242 446,240 445,239 445,238 444,237 444,235 443,234 443,233 442,232 442,231 441,230 441,228 440,227 440,226 439,225 439,223 438,222 438,221 437,220 437,219 436,218 436,216 435,215 435,214 436,213 470,213 471,212 471,203 472,202 507,202 508,201 560,201 561,200 565,200 566,201 676,201 677,200 861,200 862,201 901,201 902,200 924,200 925,199 925,187 924,187 923,186 923,184 924,183 925,183 925,173 924,173 923,172 923,171 922,171 921,170 902,170 901,169 901,162 900,161 900,159 893,159 892,158 892,156"/><TextEquiv><Unicode/></TextEquiv><TextLine id="r2_l001"><Coords points="442,209 441,209 441,208 441,207 255,207 252,205 252,202 252,201 141,201 140,201 140,200 139,199 139,198 139,197 103,197 102,196 101,196 100,196 101,195 101,194 102,193 139,193 139,193 139,184 138,183 139,182 139,180 141,178 141,176 143,174 143,173 144,172 144,170 146,168 146,167 147,166 148,166 149,165 188,165 189,164 306,164 307,163 871,163 871,163 871,162 873,160 875,160 875,161 875,163 876,163 881,163 882,164 883,164 883,165 883,166 884,167 884,174 885,174 904,174 905,175 906,175 906,176 906,177 907,177 909,177 909,178 909,194 908,195 908,196 908,196 885,196 884,197 491,197 490,198 456,198 455,199 455,207 453,209"/><TextEquiv index="1"><Unicode>fades, dans leſquelles ils auroient voulu</Unicode></TextEquiv></TextLine><TextLine id="r2_l002"><Coords points="142,209 331,209 331,248 142,248"/><TextEquiv index="1"><Unicode>m'étouffer.</Unicode></TextEquiv></TextLine><TextLine id="r2_l003"><Coords points="578,300 577,300 577,289 577,288 350,288 349,289 297,289 296,290 295,290 294,289 235,289 234,290 193,290 192,291 190,291 189,290 163,290 162,290 163,289 163,288 164,287 188,287 189,286 189,262 190,261 190,260 191,259 192,259 193,258 203,258 205,261 205,268 206,268 273,268 274,267 305,267 305,267 305,258 307,256 310,256 310,257 310,258 311,259 311,267 312,267 409,267 410,266 543,266 543,266 543,259 544,258 545,258 546,257 547,257 548,256 571,256 573,254 576,254 577,255 606,255 608,258 608,264 609,264 619,264 619,265 619,266 620,266 667,266 668,265 668,256 669,255 670,255 671,254 673,254 674,253 677,253 677,254 677,257 678,258 678,265 679,265 794,265 794,265 794,264 795,263 795,262 796,261 796,260 797,259 797,258 800,255 801,255 802,254 803,254 804,253 809,253 811,255 812,255 812,256 812,265 813,265 849,265 850,266 868,266 870,269 870,271 871,272 871,281 872,281 904,281 905,282 907,282 910,286 910,288 909,289 909,290 908,291 908,292 907,293 907,294 904,297 899,297 898,297 898,289 898,288 862,288 861,287 739,287 738,288 738,296 737,297 734,297 733,298 732,297 728,297 726,296 726,288 726,287 666,287 665,286 619,286 618,287 607,287 606,288 584,288 583,289 583,299 582,300"/><TextEquiv index="1"><Unicode>La reine me combloit de penſions,</Unicode></TextEquiv></TextLine><TextLine id="r2_l004"><Coords points="506,345 505,344 504,344 503,343 502,343 501,343 501,342 500,341 500,340 499,339 499,334 499,333 363,333 362,334 272,334 271,335 270,335 269,334 211,334 210,335 152,335 151,336 148,336 147,335 143,335 142,335 138,331 138,327 137,326 138,325 138,322 139,321 139,319 140,318 141,318 145,314 146,314 146,314 146,304 147,303 152,303 153,302 154,302 155,301 159,301 160,302 182,302 182,303 182,306 183,307 183,312 184,312 348,312 348,312 348,311 349,310 349,306 350,305 350,304 354,300 358,300 359,301 361,301 363,304 363,311 364,311 411,311 411,311 411,302 412,301 414,301 416,299 420,299 420,300 420,307 421,307 474,307 474,307 474,302 475,301 478,301 479,300 480,300 481,299 483,299 484,300 494,300 494,301 494,302 495,303 495,311 496,311 543,311 543,311 543,305 544,304 544,302 545,301 546,301 547,300 583,300 583,301 583,311 584,311 594,311 595,312 650,312 651,311 660,311 660,311 660,303 662,301 664,301 666,299 681,299 682,301 682,305 683,306 683,311 684,311 743,311 744,310 750,310 751,309 755,309 756,310 796,310 796,310 796,302 798,300 801,300 802,302 802,309 803,309 834,309 835,310 836,310 837,311 891,311 892,312 893,312 895,315 895,322 896,322 910,322 911,323 912,323 912,324 912,325 910,327 910,328 909,329 897,329 896,330 896,332 896,332 873,332 872,333 870,333 869,334 867,334 866,333 834,333 832,331 734,331 733,332 655,332 654,333 622,333 621,334 621,336 618,339 618,340 618,340 617,340 616,341 613,341 612,341 612,334 612,333 521,333 520,334 520,337 519,338 519,339 517,341 517,342 516,343 515,343 514,344 509,344 508,345"/><TextEquiv index="1"><Unicode>d'honneurs &amp; de dignités; elle en vint en-</Unicode></TextEquiv></TextLine><TextLine id="r2_l005"><Coords points="779,388 776,386 776,385 776,384 745,384 743,383 743,378 743,377 664,377 663,378 658,378 657,377 569,377 568,378 423,378 422,379 420,379 419,378 344,378 343,379 300,379 299,380 220,380 219,379 171,379 170,380 162,380 161,381 145,381 144,382 143,381 142,381 141,381 141,380 140,379 140,363 141,362 141,361 142,360 144,360 145,359 145,356 147,354 147,353 149,351 149,350 151,348 152,348 153,347 155,347 156,346 157,346 158,345 159,346 161,346 162,347 163,347 164,349 164,358 165,358 217,358 217,358 217,347 219,345 221,345 222,346 223,346 223,347 223,348 224,349 224,351 225,352 225,353 226,354 226,355 227,356 227,357 228,357 276,357 277,358 334,358 334,358 334,348 335,347 336,347 337,346 339,346 340,345 342,345 342,346 342,356 343,356 382,356 383,357 435,357 436,356 466,356 466,356 466,349 469,346 470,346 472,344 473,344 473,345 474,346 474,347 475,347 476,347 476,348 476,349 477,350 477,357 478,357 582,357 583,356 584,356 584,356 584,347 585,346 586,346 587,345 589,345 590,344 592,344 593,346 593,355 594,355 656,355 656,355 656,348 657,347 659,347 660,346 680,346 681,345 682,345 683,344 686,344 686,345 686,355 688,356 772,356 773,355 785,355 786,354 813,354 813,354 813,347 814,346 847,346 847,346 847,345 848,344 848,343 849,342 852,342 853,344 853,346 854,346 894,346 894,347 894,348 895,349 895,356 896,356 908,356 908,357 908,358 909,358 910,358 911,359 912,359 913,361 913,362 912,363 912,377 910,379 904,379 903,378 845,378 844,377 816,377 815,378 815,386 815,386 789,386 788,387 783,387 782,388"/><TextEquiv index="1"><Unicode>fin à me donner le cordon bleu, qui étoit</Unicode></TextEquiv></TextLine><TextLine id="r2_l006"><Coords points="141,437 139,436 139,435 138,434 138,408 139,407 139,406 140,405 144,405 145,404 146,404 147,403 190,403 191,402 191,399 193,397 193,396 197,392 198,392 199,391 205,391 206,392 230,392 230,393 230,403 231,403 288,403 289,402 301,402 302,403 355,403 357,401 398,401 398,401 398,393 400,391 402,391 403,390 406,390 406,391 406,392 408,394 408,402 409,402 423,402 424,403 471,403 472,402 480,402 481,401 505,401 506,400 506,399 507,398 507,394 508,393 508,391 509,390 511,390 512,392 512,393 513,394 513,396 514,397 514,399 515,400 515,402 516,402 605,402 606,401 608,401 609,400 642,400 644,402 702,402 703,401 712,401 712,401 712,394 714,392 715,392 716,391 719,391 720,393 720,401 721,401 811,401 812,400 814,400 815,401 848,401 849,402 875,402 876,403 877,403 877,404 877,405 878,405 912,405 912,406 912,407 913,408 912,409 912,423 911,424 911,426 910,427 910,428 905,433 903,433 901,432 901,424 901,423 830,423 829,422 828,422 827,421 770,421 769,422 746,422 745,423 719,423 718,422 689,422 660,422 659,423 624,423 623,424 623,432 622,433 620,433 619,434 616,434 615,433 612,433 610,432 610,423 610,422 569,422 568,423 567,423 566,424 562,424 561,423 422,423 421,424 418,424 417,423 364,423 363,424 363,435 363,435 359,435 358,435 358,425 358,424 322,424 321,425 319,425 318,424 271,424 270,425 269,425 268,426 266,426 265,425 156,425 155,426 155,435 154,436 152,436 151,437"/><TextEquiv index="1"><Unicode>poſitivement le même que chez nous;</Unicode></TextEquiv></TextLine><TextLine id="r2_l007"><Coords points="364,482 364,470 364,469 362,469 361,470 310,470 309,471 308,470 307,470 306,469 284,469 273,469 271,471 269,471 268,470 201,470 200,471 200,481 201,481 223,481 223,482 223,482 194,482 193,482 193,472 193,471 145,471 144,470 143,470 139,467 139,463 140,462 140,455 141,454 141,452 144,449 149,449 150,448 241,448 241,448 241,440 242,439 243,439 244,438 245,438 247,436 249,436 249,437 249,448 250,448 297,448 297,448 297,440 300,437 302,437 303,436 335,436 336,435 363,435 363,436 363,446 364,446 416,446 417,447 483,447 484,446 520,446 520,446 520,441 523,438 532,438 534,436 545,436 546,435 549,435 549,436 549,440 550,441 550,446 551,446 594,446 594,446 594,440 597,437 614,437 614,437 614,436 616,434 620,434 620,435 620,445 621,445 658,445 658,445 658,437 659,436 660,436 661,435 662,436 663,436 664,438 664,445 665,445 702,445 702,445 702,438 704,436 705,436 706,435 707,435 708,434 710,434 711,436 711,446 712,446 789,446 789,446 789,445 790,444 790,442 791,441 791,439 792,438 792,434 794,432 798,432 798,433 798,435 797,436 797,446 798,446 842,446 843,445 863,445 863,445 863,441 865,439 866,439 867,438 868,438 869,439 870,439 870,440 870,441 871,442 871,447 872,447 904,447 905,446 908,446 909,447 910,447 911,448 912,448 912,449 912,468 911,469 889,469 888,470 887,470 886,469 840,469 839,470 839,478 838,479 827,479 825,478 825,469 825,468 793,468 792,469 790,469 789,468 619,468 618,469 618,479 618,479 617,479 617,469 617,468 615,468 614,469 613,468 610,468 609,467 575,467 574,468 540,468 539,469 498,469 497,470 497,478 496,479 492,479 491,480 486,480 484,479 484,470 484,469 450,469 449,468 397,468 396,469 367,469 366,470 366,481 365,482"/><TextEquiv index="1"><Unicode>avec la différence qu'il n'étoit donné qu'au</Unicode></TextEquiv></TextLine><TextLine id="r2_l008"><Coords points="142,483 272,483 272,518 142,518"/><TextEquiv index="1"><Unicode>mérite.</Unicode></TextEquiv></TextLine><TextLine id="r2_l009"><Coords points="819,572 818,571 816,571 812,568 812,567 811,566 811,561 811,560 784,560 783,559 706,559 705,560 704,560 703,559 510,559 509,560 505,560 504,559 446,559 445,560 431,560 430,561 430,562 427,565 427,566 426,567 426,568 425,569 424,569 422,568 422,561 422,560 366,560 365,561 365,569 364,570 355,570 354,571 351,571 350,571 350,561 350,560 276,560 275,561 261,561 260,562 260,564 258,566 258,567 257,568 257,569 256,570 254,570 253,570 253,562 253,561 193,561 189,558 191,556 192,556 192,556 192,530 193,529 207,529 208,530 256,530 257,529 260,529 261,531 261,538 262,538 297,538 298,537 360,537 361,536 362,537 425,537 425,537 425,530 426,529 426,528 427,527 428,527 429,526 430,526 431,527 432,527 432,528 432,531 433,532 433,537 434,537 482,537 482,537 482,529 485,526 487,526 488,525 491,525 491,526 491,527 492,528 492,537 493,537 544,537 545,536 557,536 557,536 557,531 558,530 558,528 560,526 564,526 564,527 564,537 565,537 605,537 606,536 608,536 609,537 717,537 717,537 717,530 718,529 718,527 719,526 767,526 768,525 772,525 774,528 774,537 775,537 831,537 832,538 899,538 899,538 899,533 900,532 900,531 901,530 902,530 903,529 906,529 907,528 909,528 910,529 911,529 911,530 911,532 913,534 913,559 914,560 913,561 832,561 831,562 831,566 829,568 829,569 828,570 828,571 828,571 825,571 824,572"/><TextEquiv index="1"><Unicode>Le jour que je devois recevoir le grand</Unicode></TextEquiv></TextLine><TextLine id="r2_l010"><Coords points="297,618 296,618 296,606 296,605 291,605 290,606 290,609 288,611 287,611 285,613 281,613 280,613 280,606 280,605 189,605 188,606 157,606 156,607 152,607 151,606 150,606 149,605 148,605 143,601 143,597 142,596 143,595 143,589 146,586 147,586 149,584 153,584 154,583 210,583 210,583 210,575 211,574 212,574 213,573 214,573 215,572 218,572 219,571 220,573 220,581 221,582 221,583 222,583 260,583 261,584 262,584 262,585 262,586 263,587 263,594 264,595 264,597 265,597 312,597 312,597 312,588 313,587 313,586 314,585 315,585 316,584 317,584 318,583 442,583 442,583 442,576 443,575 443,574 444,573 445,573 446,572 447,572 448,571 490,571 491,570 493,570 494,571 495,571 496,573 496,575 497,576 497,582 498,582 553,582 554,583 615,583 616,582 652,582 653,583 723,583 724,582 724,580 725,579 725,577 730,572 732,572 734,570 736,570 737,571 738,571 740,574 740,582 741,582 813,582 813,582 813,578 814,577 814,574 815,573 819,573 819,574 819,576 820,577 820,583 821,583 831,583 832,584 833,584 834,585 835,585 835,586 835,587 836,587 883,587 883,587 883,577 885,575 887,575 888,576 889,576 889,577 889,584 890,584 902,584 903,585 907,585 911,589 913,589 914,590 914,591 914,603 915,603 927,603 927,604 927,605 927,605 910,605 909,606 908,606 907,607 888,607 887,608 887,609 886,610 886,612 885,613 885,615 885,615 884,615 883,616 882,616 880,615 880,614 880,613 850,613 849,613 849,606 849,605 815,605 814,604 673,604 672,605 670,605 669,604 512,604 511,605 506,605 505,604 432,604 431,605 431,614 430,615 421,615 420,615 420,614 419,613 419,605 419,604 366,604 365,605 347,605 346,606 346,618 346,618"/><TextEquiv index="1"><Unicode>cordon, avec pluſieurs autres favoris, je</Unicode></TextEquiv></TextLine><TextLine id="r2_l011"><Coords points="173,663 172,663 172,652 172,651 146,651 145,652 144,651 143,651 142,651 142,650 141,649 141,633 143,631 145,631 147,629 154,629 155,628 189,628 190,629 257,629 258,628 279,628 279,628 279,620 280,619 281,619 283,617 288,617 289,618 376,618 377,617 378,617 379,616 380,616 381,617 382,617 382,618 382,620 383,621 383,628 384,628 493,628 494,629 495,629 496,630 544,630 545,629 546,629 547,628 594,628 595,627 602,627 602,627 602,624 603,623 603,621 604,620 604,619 605,618 606,618 607,617 608,617 609,618 610,618 610,619 610,620 611,621 611,625 613,626 623,626 624,627 675,627 675,627 675,619 677,617 678,617 679,616 683,616 683,617 683,627 684,627 749,627 750,628 820,628 820,628 820,620 822,618 824,618 825,617 827,617 829,619 860,619 860,620 860,630 861,630 887,630 890,634 890,638 892,639 909,639 910,640 914,640 915,642 915,643 913,645 913,646 913,646 912,646 911,647 895,647 894,648 894,651 893,652 879,652 877,650 752,650 751,651 751,652 750,653 750,656 748,658 748,659 747,660 745,660 744,661 736,661 735,660 734,660 732,659 732,658 731,657 731,650 731,649 612,649 611,650 566,650 565,649 518,649 515,652 515,653 514,654 514,655 513,656 512,656 511,657 510,657 509,658 507,657 507,651 507,650 465,650 464,649 404,649 403,650 302,650 301,651 300,650 286,650 244,650 243,651 176,651 175,652 175,663 175,663"/><TextEquiv index="1"><Unicode>me rendis à la cour, revêtu du grand ha-</Unicode></TextEquiv></TextLine><TextLine id="r2_l012"><Coords points="477,705 476,704 435,704 433,703 433,696 433,695 393,695 392,694 325,694 324,695 297,695 296,696 251,696 250,695 189,695 188,696 150,696 149,697 144,697 142,696 142,667 143,666 143,665 144,664 171,664 172,663 177,663 177,664 177,672 178,672 188,672 189,673 231,673 231,673 231,665 234,662 236,662 237,661 239,661 240,663 240,674 241,674 289,674 289,674 289,666 291,664 293,664 295,662 297,662 298,664 298,665 299,665 309,665 310,666 311,666 311,667 311,672 313,673 356,673 356,673 356,663 357,662 362,662 363,661 366,661 366,662 366,664 367,665 367,673 368,673 400,673 401,674 402,674 403,675 477,675 477,675 477,666 479,664 480,664 481,663 483,663 484,665 484,667 485,668 485,673 486,673 538,673 539,672 539,670 541,668 541,666 546,661 548,661 549,660 552,660 553,661 554,661 555,663 555,673 556,673 568,673 569,674 607,674 607,674 607,667 608,666 608,664 609,663 613,663 613,664 613,666 614,667 614,673 615,673 644,673 645,672 648,672 649,673 699,673 699,673 699,664 700,663 701,663 702,662 704,662 705,661 706,661 708,663 740,663 741,665 741,666 742,667 742,672 743,672 752,672 753,673 795,673 795,673 795,665 797,663 798,663 799,662 800,662 801,661 803,661 804,663 804,673 805,673 882,673 882,673 882,668 884,666 886,666 888,664 892,664 892,665 892,671 893,672 893,676 894,676 909,676 910,677 911,677 915,682 915,694 916,695 915,696 915,697 915,697 914,697 913,698 911,698 910,697 892,697 891,696 886,696 885,695 822,695 821,694 744,694 743,695 576,695 575,694 503,694 502,695 484,695 481,698 481,700 480,701 480,702 479,703 479,704 478,705"/><TextEquiv index="1"><Unicode>bit de l'ordre; je fus introduit dans la</Unicode></TextEquiv></TextLine><TextLine id="r2_l013"><Coords points="406,752 406,741 406,740 270,740 269,741 264,741 263,740 211,740 210,741 144,741 142,740 142,739 141,738 141,721 143,719 144,719 145,718 145,717 146,716 146,714 149,711 149,710 150,709 151,709 153,707 154,707 155,706 196,706 198,708 247,708 248,707 253,707 254,708 303,708 304,707 307,707 307,708 307,710 308,710 318,710 319,711 320,711 321,713 321,715 322,716 322,718 323,718 372,718 372,718 372,709 373,708 374,708 375,707 377,707 378,706 380,706 381,707 393,707 393,708 393,710 394,711 394,717 395,717 432,717 433,718 506,718 506,718 506,710 507,709 509,709 510,708 519,708 520,710 520,718 521,718 614,718 614,718 614,712 615,711 615,709 617,707 618,708 620,708 620,709 620,718 621,718 637,718 638,719 694,719 694,719 694,715 695,714 695,713 696,712 696,708 698,706 698,705 699,704 701,704 702,706 702,707 703,707 744,707 745,708 794,708 795,707 796,707 797,706 802,706 803,708 803,709 804,710 804,718 805,718 863,718 863,718 863,716 864,715 864,714 865,713 865,712 868,709 869,709 870,708 871,708 872,707 877,707 878,709 878,710 879,711 879,720 880,720 908,720 909,721 912,721 912,722 912,725 913,726 913,737 914,738 914,741 914,741 913,741 912,742 880,742 879,741 862,741 861,740 699,740 698,741 655,741 654,740 606,740 605,741 603,741 602,740 549,740 548,741 465,741 463,739 412,739 409,742 408,742 407,743 407,752 407,752"/><TextEquiv index="1"><Unicode>ſalle de l'audience. La reine étoit ſur ſon</Unicode></TextEquiv></TextLine><TextLine id="r2_l014"><Coords points="723,797 722,796 580,796 579,796 579,787 579,786 255,786 253,788 253,789 250,792 249,792 248,793 245,793 243,792 243,787 243,786 150,786 149,785 148,785 144,782 144,771 144,770 143,770 141,769 146,764 147,764 150,761 180,761 181,760 181,759 182,758 182,757 183,756 183,755 184,754 184,753 185,752 373,752 374,751 442,751 443,750 444,751 532,751 533,752 778,752 779,751 785,751 786,753 786,755 787,755 877,755 878,756 882,756 883,758 883,766 884,766 907,766 908,767 909,767 910,768 911,768 912,769 913,769 914,771 914,784 915,784 916,784 916,785 914,787 914,788 914,788 913,788 912,789 735,789 734,790 734,796 734,796 731,796 730,797"/><TextEquiv index="1"><Unicode>trône, dans le faſte le plus impoſant. La</Unicode></TextEquiv></TextLine><TextLine id="r2_l015"><Coords points="842,843 840,842 840,831 840,830 795,830 794,831 794,840 793,841 792,841 791,841 791,831 791,830 746,830 745,831 744,831 743,830 696,830 695,831 694,830 618,830 617,831 573,831 572,830 498,830 497,831 496,830 377,830 376,831 375,831 374,830 311,830 310,831 229,831 228,832 227,832 226,831 222,831 221,830 175,830 174,831 169,831 168,832 168,835 167,836 167,837 167,837 166,837 163,835 163,832 163,831 147,831 146,830 144,830 142,829 142,812 143,811 143,810 144,809 148,809 148,809 148,808 149,807 149,805 150,804 150,803 152,801 152,800 154,798 155,798 156,797 159,797 160,796 163,796 164,797 212,797 213,799 213,809 214,809 290,809 291,810 347,810 347,810 347,801 349,799 351,799 353,797 356,797 357,799 357,809 358,809 433,809 434,808 464,808 464,808 464,801 465,800 466,800 467,799 469,799 471,797 472,797 473,798 514,798 515,799 516,799 516,800 516,807 517,807 527,807 527,808 527,809 529,810 532,810 533,812 533,820 534,820 572,820 572,820 572,802 575,799 579,799 580,800 597,800 598,801 599,801 599,802 599,809 600,809 653,809 653,809 653,800 655,798 658,798 659,800 659,809 660,809 750,809 751,808 752,808 752,808 752,806 754,804 754,803 761,796 764,796 765,797 777,797 778,798 780,798 781,800 781,809 782,809 803,809 804,810 807,810 808,811 852,811 853,810 885,810 885,810 885,800 886,799 889,799 890,801 890,803 893,805 897,805 897,806 897,811 898,811 910,811 911,812 912,812 912,813 912,814 915,817 915,821 916,822 916,826 915,827 915,828 915,828 913,828 912,829 912,830 910,832 908,832 907,833 854,833 853,834 853,841 851,843"/><TextEquiv index="1"><Unicode>foule me la cachoit. J'arrive aſſez près</Unicode></TextEquiv></TextLine><TextLine id="r2_l016"><Coords points="272,889 271,889 271,885 271,884 260,884 258,883 258,878 258,877 236,877 235,876 153,876 152,875 150,875 149,874 148,874 146,873 146,872 145,871 145,870 144,869 144,863 145,862 145,860 150,855 152,855 153,854 155,854 155,854 155,845 156,844 157,844 158,843 161,843 162,842 163,842 164,841 546,841 546,842 546,843 547,843 749,843 750,844 870,844 871,846 871,856 872,856 887,856 888,857 890,857 892,860 892,863 893,864 893,865 894,865 914,865 916,868 913,871 913,872 913,872 893,872 892,873 892,874 891,875 891,876 891,876 890,876 889,877 888,877 887,878 832,878 831,879 831,887 831,887 584,887 583,887 583,886 583,885 384,885 383,884 275,884 274,885 274,889 274,889"/><TextEquiv index="1"><Unicode>d'elle, ſans pouvoir l'appercevoir. Je de-</Unicode></TextEquiv></TextLine><TextLine id="r2_l017"><Coords points="694,930 693,930 693,921 693,920 546,920 545,921 422,921 421,920 375,920 374,919 316,919 314,921 272,921 271,922 255,922 254,921 253,921 252,920 230,920 206,920 205,921 201,921 200,922 148,922 145,920 145,907 145,906 144,906 143,906 145,904 145,902 146,901 148,901 149,900 151,900 152,899 170,899 171,898 174,898 175,899 233,899 233,899 233,890 234,889 235,889 236,888 237,888 238,887 239,887 240,886 241,887 242,887 242,888 242,889 243,889 275,889 275,890 275,892 276,893 276,900 277,900 287,900 288,901 347,901 348,900 348,899 349,898 355,898 357,896 373,896 373,896 373,889 374,888 413,888 414,887 421,887 422,888 471,888 472,887 473,887 474,886 488,886 489,888 489,898 490,898 575,898 576,897 576,896 577,895 577,894 578,893 578,892 583,887 603,887 603,888 603,898 604,898 674,898 674,898 674,895 675,894 675,893 679,889 680,889 681,888 683,888 684,887 687,887 688,888 689,888 690,890 690,897 691,897 736,897 736,897 736,895 737,894 737,893 738,892 738,888 739,887 739,886 741,884 743,884 745,887 745,899 746,899 788,899 789,898 841,898 841,898 841,891 842,890 843,890 844,889 846,889 847,888 849,888 850,890 850,895 851,896 851,897 852,898 852,900 853,900 889,900 890,901 892,901 893,903 893,906 895,907 896,907 896,908 896,909 898,910 915,910 916,911 918,911 919,913 918,914 918,915 918,915 917,915 916,916 916,917 915,918 894,918 891,921 840,921 839,920 705,920 704,921 704,928 703,929 702,929 701,930"/><TextEquiv index="1"><Unicode>mandois: „Eſt-elle auſſi maſquée en don-</Unicode></TextEquiv></TextLine><TextLine id="r2_l018"><Coords points="891,979 890,979 890,968 890,967 888,967 887,966 838,966 837,965 681,965 680,966 680,978 680,978 676,978 675,978 675,966 675,965 609,965 608,966 607,966 606,967 605,966 569,966 568,965 534,965 533,966 533,978 533,978 532,978 532,966 532,965 522,965 521,966 476,966 475,965 427,965 426,966 423,966 422,965 369,965 368,966 268,966 267,967 231,967 230,966 175,966 171,966 170,967 151,967 150,966 148,966 146,965 146,964 147,963 147,945 148,944 158,944 159,943 162,943 163,944 291,944 291,944 291,937 294,934 297,934 299,932 301,932 302,934 302,945 303,945 365,945 366,944 382,944 383,943 402,943 402,943 402,935 403,934 404,934 405,933 406,933 407,932 409,932 411,935 411,944 412,944 474,944 474,944 474,937 476,935 477,935 478,934 480,934 481,933 502,933 503,932 507,932 509,935 509,943 510,943 566,943 566,943 566,935 568,933 571,933 572,934 574,934 574,935 574,936 575,936 576,936 576,937 576,938 577,939 577,941 578,942 578,943 579,943 648,943 648,943 648,940 649,939 649,936 651,934 654,934 655,933 671,933 672,934 676,934 677,936 677,940 678,941 678,943 679,943 752,943 752,943 752,935 753,934 754,934 755,933 756,933 757,932 760,932 761,934 761,944 762,944 819,944 820,943 822,943 823,944 881,944 881,944 881,937 882,936 883,936 884,935 886,935 887,934 890,934 890,935 890,938 892,940 892,946 893,946 903,946 904,947 909,947 912,950 914,950 914,951 914,952 915,953 913,955 913,956 912,957 912,965 909,968 908,968 907,969 904,969 903,968 901,968 900,967 896,967 895,968 895,979 895,979"/><TextEquiv index="1"><Unicode>“nant le cordon-bleu?“ Tout le monde</Unicode></TextEquiv></TextLine><TextLine id="r2_l019"><Coords points="796,1023 795,1022 792,1022 791,1021 789,1021 787,1020 787,1019 786,1018 786,1011 786,1010 693,1010 692,1011 643,1011 642,1012 642,1023 642,1023 635,1023 634,1023 634,1012 634,1011 574,1011 573,1010 521,1010 517,1010 516,1011 515,1011 514,1010 463,1010 462,1011 462,1023 462,1023 461,1023 461,1011 461,1010 450,1010 449,1011 405,1011 404,1012 403,1012 402,1011 362,1011 361,1012 361,1021 360,1022 354,1022 353,1021 349,1021 348,1021 348,1012 348,1011 261,1011 260,1012 152,1012 151,1013 147,1013 144,1011 144,996 145,995 145,993 147,991 148,991 149,990 150,990 151,989 158,989 159,988 182,988 182,988 182,983 184,981 219,981 221,979 222,979 223,978 226,978 227,977 242,977 244,980 244,989 245,989 296,989 296,989 296,981 297,980 297,979 298,978 301,978 303,981 303,989 304,989 362,989 362,989 362,983 365,980 413,980 414,979 415,979 416,978 428,978 429,977 430,977 431,979 431,982 432,983 432,990 433,990 482,990 483,989 484,989 484,989 484,985 485,984 485,982 486,981 486,980 487,979 487,976 489,974 491,974 493,977 493,978 494,978 535,978 536,980 536,987 537,987 546,987 547,988 548,988 549,989 588,989 588,989 588,982 590,980 592,980 594,978 598,978 598,979 598,985 599,986 599,989 600,989 614,989 615,990 676,990 676,990 676,979 677,978 680,978 681,977 681,978 681,979 682,980 682,982 683,983 683,984 684,985 684,986 685,987 685,989 686,989 744,989 744,989 744,980 746,978 764,978 765,977 766,977 767,976 772,976 773,978 773,980 774,981 774,988 775,988 799,988 800,989 806,989 807,990 820,990 821,991 865,991 865,991 865,982 866,981 867,981 868,980 870,980 871,979 896,979 896,980 896,1002 897,1002 917,1002 917,1003 917,1006 916,1007 916,1008 916,1008 895,1008 894,1009 894,1010 893,1011 892,1011 891,1012 890,1012 889,1013 886,1013 885,1012 872,1012 871,1011 818,1011 817,1012 806,1012 805,1013 805,1016 804,1017 804,1018 803,1019 803,1020 802,1021 801,1021 800,1022 798,1022 797,1023"/><TextEquiv index="1"><Unicode>m'aſſuroit qu'elle étoit alors à viſage dé-</Unicode></TextEquiv></TextLine><TextLine id="r2_l020"><Coords points="292,1070 291,1070 291,1057 291,1056 248,1056 247,1057 246,1057 245,1058 241,1058 240,1057 202,1057 201,1058 201,1064 201,1064 200,1064 199,1064 199,1058 199,1057 157,1057 156,1056 153,1056 151,1054 150,1054 147,1052 147,1043 148,1042 148,1041 151,1038 152,1038 155,1035 199,1035 199,1035 199,1032 200,1031 201,1031 201,1032 201,1034 202,1034 205,1034 206,1035 272,1035 274,1033 275,1034 276,1034 276,1035 276,1036 277,1036 333,1036 333,1036 333,1028 334,1027 334,1026 336,1024 337,1024 338,1023 343,1023 344,1024 393,1024 395,1027 395,1034 396,1034 445,1034 445,1034 445,1025 447,1023 449,1023 450,1022 483,1022 484,1021 487,1021 490,1024 508,1024 510,1027 510,1034 511,1034 522,1034 523,1035 524,1035 525,1036 588,1036 589,1035 604,1035 605,1034 614,1034 615,1033 627,1033 627,1033 627,1031 628,1030 628,1028 631,1025 633,1025 633,1025 633,1024 634,1023 643,1023 643,1024 643,1034 644,1034 662,1034 663,1035 692,1035 692,1035 692,1029 693,1028 693,1026 694,1025 695,1025 696,1024 697,1025 698,1025 698,1026 698,1027 699,1028 699,1034 700,1034 784,1034 784,1034 784,1026 786,1024 788,1024 789,1026 789,1035 791,1036 840,1036 840,1036 840,1027 841,1026 842,1026 843,1025 844,1025 845,1024 847,1024 848,1026 848,1036 849,1036 885,1036 886,1037 889,1037 890,1038 910,1038 911,1039 912,1039 913,1040 916,1040 917,1042 915,1044 915,1054 915,1054 914,1054 913,1055 913,1056 913,1056 912,1056 910,1058 909,1058 908,1059 903,1059 902,1058 860,1058 859,1057 750,1057 749,1056 698,1056 697,1057 697,1058 696,1059 696,1060 695,1061 695,1062 694,1063 694,1064 693,1065 692,1065 691,1065 691,1056 691,1055 633,1055 632,1056 491,1056 490,1055 412,1055 411,1056 409,1056 408,1057 392,1057 391,1058 391,1059 389,1061 389,1062 388,1063 388,1064 387,1065 385,1065 384,1065 384,1058 384,1057 350,1057 306,1057 305,1058 305,1059 302,1062 302,1063 301,1064 300,1064 299,1065 297,1065 296,1065 296,1057 296,1056 294,1056 293,1057 293,1070 293,1070"/><TextEquiv index="1"><Unicode>couvert; &amp; je diſois: enfin je vais donc</Unicode></TextEquiv></TextLine><TextLine id="r2_l021"><Coords points="686,1109 685,1109 685,1102 685,1101 509,1101 508,1100 452,1100 447,1100 446,1101 399,1101 398,1102 397,1102 396,1101 345,1101 344,1102 208,1102 207,1101 154,1101 152,1103 149,1103 148,1103 148,1081 149,1080 158,1080 160,1078 191,1078 191,1078 191,1073 193,1071 194,1071 196,1069 200,1069 200,1070 200,1080 201,1080 289,1080 289,1080 289,1072 291,1070 294,1070 294,1071 294,1072 295,1073 295,1079 296,1079 392,1079 392,1079 392,1073 393,1072 393,1071 395,1069 425,1069 426,1070 430,1070 430,1071 430,1072 431,1073 431,1078 432,1078 552,1078 553,1079 617,1079 617,1079 617,1071 619,1069 622,1069 622,1070 622,1071 623,1072 623,1079 624,1079 654,1079 655,1078 658,1078 658,1079 658,1080 660,1081 721,1081 722,1080 725,1080 726,1079 752,1079 753,1080 805,1080 806,1081 861,1081 861,1081 861,1080 862,1079 862,1078 863,1077 863,1076 864,1075 864,1074 867,1071 869,1071 870,1070 871,1070 872,1069 874,1069 875,1070 876,1070 878,1072 898,1072 898,1073 898,1075 899,1076 899,1081 900,1081 909,1081 910,1082 916,1082 916,1083 916,1084 917,1084 918,1084 919,1086 918,1087 915,1087 914,1088 914,1103 913,1104 877,1104 876,1103 822,1103 821,1102 794,1102 793,1101 695,1101 694,1102 694,1104 692,1106 692,1107 690,1109"/><TextEquiv index="1"><Unicode>“la voir“ Mon tour vint; on me fair</Unicode></TextEquiv></TextLine><TextLine id="r2_l022"><Coords points="885,1160 822,1160 821,1159 820,1159 819,1158 818,1158 817,1157 414,1157 413,1158 147,1158 145,1157 145,1131 144,1130 145,1129 145,1128 146,1127 147,1127 148,1126 150,1126 151,1125 152,1125 153,1124 170,1124 170,1124 170,1116 171,1115 174,1115 175,1114 176,1114 177,1113 388,1113 389,1112 624,1112 625,1113 740,1113 741,1115 741,1116 742,1116 891,1116 891,1117 891,1119 894,1121 929,1121 930,1123 930,1125 929,1126 896,1126 895,1127 895,1129 896,1129 924,1129 925,1131 924,1132 919,1132 918,1133 918,1136 917,1137 915,1137 914,1138 914,1145 913,1146 913,1147 911,1149 910,1149 909,1150 902,1150 901,1151 901,1156 900,1157 888,1157 887,1158 887,1160 886,1161"/><TextEquiv index="1"><Unicode>place pour aller à ſes pieds. Je la regarde</Unicode></TextEquiv></TextLine><TextLine id="r2_l023"><Coords points="686,1203 685,1202 682,1202 680,1201 680,1200 679,1199 679,1192 679,1191 466,1191 465,1192 180,1192 179,1193 172,1193 170,1195 169,1194 167,1194 166,1193 165,1193 164,1192 152,1192 148,1189 148,1185 149,1184 149,1174 151,1172 152,1172 153,1171 154,1171 155,1170 193,1170 193,1170 193,1163 196,1160 216,1160 216,1160 216,1159 217,1158 220,1158 221,1160 221,1170 222,1170 324,1170 325,1169 360,1169 360,1169 360,1168 362,1166 362,1165 363,1164 364,1164 366,1162 367,1162 368,1161 370,1161 371,1160 373,1160 374,1159 407,1159 408,1158 413,1158 414,1159 454,1159 456,1162 456,1168 457,1168 501,1168 502,1169 554,1169 555,1168 556,1168 557,1169 558,1169 559,1170 601,1170 601,1170 601,1162 604,1159 605,1159 606,1158 610,1158 610,1159 610,1169 611,1169 660,1169 660,1169 660,1167 661,1166 661,1165 662,1164 662,1163 667,1158 668,1158 669,1157 672,1157 673,1158 675,1158 676,1160 676,1169 677,1169 706,1169 707,1170 787,1170 787,1170 787,1162 788,1161 789,1161 790,1160 792,1160 793,1159 795,1159 795,1160 795,1161 797,1162 859,1162 860,1163 864,1163 865,1164 867,1164 868,1165 869,1165 870,1166 871,1166 871,1167 871,1168 873,1169 917,1169 917,1170 917,1183 919,1185 919,1186 919,1186 918,1186 917,1187 916,1187 915,1188 912,1188 911,1189 895,1189 892,1192 891,1192 889,1194 887,1194 886,1195 885,1195 884,1194 844,1194 843,1193 842,1193 841,1192 747,1192 746,1191 699,1191 698,1192 698,1197 697,1198 697,1199 696,1200 696,1201 696,1201 695,1201 694,1202 693,1202 692,1203"/><TextEquiv index="1"><Unicode>avidement. C'étoit toute la figure de Do-</Unicode></TextEquiv></TextLine><TextLine id="r2_l024"><Coords points="696,1247 695,1246 694,1246 692,1245 692,1238 692,1237 667,1237 666,1236 548,1236 547,1237 544,1237 543,1236 379,1236 378,1237 298,1237 296,1239 296,1240 295,1241 295,1242 294,1243 294,1244 292,1246 291,1246 290,1246 290,1245 289,1244 289,1238 289,1237 231,1237 230,1238 229,1237 177,1237 175,1239 169,1239 168,1240 168,1244 167,1245 166,1245 166,1239 166,1238 151,1238 150,1237 149,1237 147,1236 147,1220 148,1219 148,1218 150,1216 153,1216 154,1215 188,1215 189,1214 195,1214 195,1214 195,1208 196,1207 197,1207 198,1206 200,1206 201,1205 229,1205 230,1204 230,1202 232,1200 235,1200 236,1202 236,1215 237,1215 292,1215 292,1215 292,1207 294,1205 298,1205 299,1207 299,1215 300,1215 372,1215 372,1215 372,1213 373,1212 373,1209 378,1204 379,1204 380,1203 385,1203 386,1204 446,1204 448,1207 448,1214 449,1214 540,1214 540,1214 540,1207 541,1206 542,1206 543,1205 546,1205 547,1204 579,1204 581,1202 582,1202 583,1204 583,1210 584,1211 584,1214 585,1214 651,1214 652,1215 717,1215 717,1215 717,1208 718,1207 718,1206 719,1205 720,1205 721,1204 761,1204 762,1203 765,1203 766,1204 812,1204 813,1205 814,1205 814,1206 814,1214 816,1215 885,1215 886,1214 886,1212 888,1210 888,1208 889,1207 890,1207 891,1206 892,1206 892,1207 892,1208 893,1209 893,1211 895,1213 895,1214 896,1215 896,1220 897,1220 900,1220 901,1222 901,1227 902,1227 915,1227 916,1228 919,1228 920,1230 919,1231 918,1231 917,1232 917,1233 917,1233 907,1233 906,1234 900,1234 896,1238 895,1238 894,1239 888,1239 887,1238 856,1238 855,1237 773,1237 772,1236 703,1236 702,1237 702,1246 702,1246 699,1246 698,1247"/><TextEquiv index="1"><Unicode>rothée: je reſtai immobile aux pieds du trô-</Unicode></TextEquiv></TextLine><TextLine id="r2_l025"><Coords points="345,1295 344,1295 344,1291 344,1290 207,1290 206,1290 206,1284 206,1283 150,1283 148,1282 148,1264 150,1262 153,1262 154,1261 214,1261 214,1261 214,1252 216,1250 217,1250 218,1249 509,1249 510,1248 511,1248 512,1247 513,1248 709,1248 710,1249 810,1249 813,1253 813,1261 814,1261 830,1261 831,1262 891,1262 892,1263 893,1263 895,1265 896,1265 897,1267 897,1269 898,1270 898,1277 899,1277 912,1277 913,1278 915,1278 915,1279 915,1280 916,1281 916,1283 917,1284 916,1285 916,1286 915,1287 915,1290 912,1293 911,1293 910,1294 909,1294 906,1292 906,1286 906,1285 871,1285 870,1284 857,1284 856,1283 627,1283 626,1284 626,1293 626,1293 408,1293 407,1294 407,1295 407,1295"/><TextEquiv index="1"><Unicode>ne de S. M., qui, dans cette circonſtance,</Unicode></TextEquiv></TextLine><TextLine id="r2_l026"><Coords points="860,1341 859,1340 761,1340 760,1340 760,1339 760,1338 494,1338 490,1335 490,1334 489,1333 489,1329 489,1328 163,1328 162,1327 150,1327 147,1325 147,1323 146,1322 147,1321 147,1313 148,1312 148,1309 149,1308 150,1308 152,1306 211,1306 211,1306 211,1297 213,1295 466,1295 467,1294 469,1294 470,1293 471,1293 472,1292 737,1292 738,1293 742,1293 743,1294 744,1294 744,1295 744,1296 745,1297 745,1299 746,1300 746,1304 747,1304 759,1304 759,1305 759,1306 760,1306 813,1306 814,1307 816,1307 817,1308 890,1308 891,1309 893,1309 894,1310 895,1310 897,1313 897,1314 898,1315 898,1319 899,1319 916,1319 917,1321 917,1324 916,1325 913,1325 912,1326 898,1326 895,1329 894,1329 893,1330 892,1330 891,1331 869,1331 868,1332 868,1340 867,1341"/><TextEquiv index="1"><Unicode>avoit un air de dignité ſévere &amp; compo-</Unicode></TextEquiv></TextLine><TextLine id="r2_l027"><Coords points="470,1384 469,1383 463,1383 459,1380 459,1373 459,1372 446,1372 445,1371 399,1371 398,1372 397,1372 396,1373 393,1373 392,1372 349,1372 317,1372 316,1373 237,1373 234,1376 234,1377 233,1378 231,1380 230,1380 229,1381 227,1381 225,1380 225,1374 225,1373 178,1373 177,1374 177,1383 177,1383 174,1383 173,1383 173,1374 173,1373 149,1373 146,1371 147,1370 147,1353 150,1350 150,1348 151,1347 151,1346 153,1344 153,1343 156,1340 157,1340 158,1339 160,1339 161,1338 165,1338 166,1339 167,1339 168,1340 175,1340 176,1342 176,1351 177,1351 194,1351 195,1352 271,1352 272,1351 279,1351 279,1351 279,1344 282,1341 283,1341 284,1340 285,1340 286,1339 298,1339 299,1338 300,1338 301,1340 301,1346 302,1347 302,1351 303,1351 361,1351 362,1350 376,1350 377,1351 427,1351 428,1350 487,1350 488,1349 489,1349 489,1349 489,1347 490,1346 525,1346 525,1346 525,1341 527,1339 528,1339 529,1338 530,1338 531,1337 533,1337 535,1339 565,1339 566,1340 593,1340 593,1341 593,1363 594,1363 635,1363 635,1363 635,1360 636,1359 636,1356 637,1355 637,1354 639,1352 640,1352 642,1350 646,1350 646,1350 646,1340 647,1339 649,1339 650,1338 654,1338 655,1340 655,1349 656,1349 677,1349 678,1350 757,1350 757,1350 757,1342 759,1340 763,1340 764,1342 764,1351 765,1351 783,1351 784,1352 836,1352 836,1352 836,1342 837,1341 839,1341 841,1344 841,1345 842,1346 842,1347 844,1349 844,1350 845,1351 845,1354 847,1355 892,1355 893,1356 913,1356 916,1359 917,1359 919,1362 918,1363 917,1363 916,1364 916,1373 914,1375 913,1375 912,1376 909,1376 908,1377 907,1377 906,1376 889,1376 888,1375 839,1375 838,1374 837,1374 836,1373 758,1373 757,1372 703,1372 702,1371 643,1371 642,1372 613,1372 612,1373 612,1375 610,1377 609,1377 608,1378 607,1378 606,1379 605,1379 604,1379 604,1378 603,1377 603,1376 603,1375 593,1375 590,1373 590,1372 590,1371 498,1371 497,1372 480,1372 479,1373 479,1377 477,1379 477,1380 474,1383 472,1383 471,1384"/><TextEquiv index="1"><Unicode>ſée; elle me regardoit, du moins à ce</Unicode></TextEquiv></TextLine><TextLine id="r2_l028"><Coords points="164,1430 163,1429 162,1429 161,1428 160,1428 159,1428 159,1419 159,1418 157,1418 156,1417 155,1417 149,1412 149,1404 150,1403 150,1401 152,1399 153,1399 153,1399 153,1398 154,1397 155,1397 156,1396 165,1396 166,1395 197,1395 197,1395 197,1389 199,1387 200,1387 201,1386 210,1386 210,1386 210,1385 211,1384 224,1384 225,1383 227,1383 228,1385 228,1386 229,1387 229,1395 230,1395 283,1395 284,1396 383,1396 384,1395 425,1395 425,1396 425,1397 427,1398 475,1398 477,1396 478,1396 479,1395 519,1395 519,1395 519,1394 520,1393 520,1391 521,1390 521,1389 527,1383 528,1383 529,1382 545,1382 546,1383 593,1383 594,1384 595,1384 596,1385 648,1385 649,1384 650,1384 651,1383 653,1383 655,1386 655,1396 656,1396 786,1396 786,1396 786,1395 787,1394 787,1390 791,1386 798,1386 799,1387 800,1387 801,1389 801,1392 802,1393 802,1395 803,1395 812,1395 813,1396 815,1396 815,1397 815,1398 817,1399 886,1399 887,1398 887,1397 888,1396 888,1395 889,1394 889,1393 893,1389 894,1389 895,1388 898,1388 899,1387 900,1388 914,1388 916,1390 918,1390 918,1391 918,1403 917,1404 917,1421 916,1422 915,1422 914,1421 878,1421 877,1420 844,1420 843,1419 795,1419 794,1418 629,1418 628,1417 613,1417 612,1416 513,1416 512,1417 491,1417 490,1418 448,1418 447,1419 447,1421 445,1423 444,1423 443,1424 442,1424 441,1425 439,1425 437,1424 437,1419 437,1418 348,1418 347,1419 347,1428 347,1428 344,1428 343,1429 339,1429 337,1428 337,1419 337,1418 260,1418 259,1417 257,1417 256,1418 256,1428 256,1428 254,1428 253,1428 253,1418 253,1417 174,1417 173,1418 173,1427 171,1429 166,1429 165,1430"/><TextEquiv index="1"><Unicode>qu'il me parut, auſſi froidement &amp; auſſi</Unicode></TextEquiv></TextLine><TextLine id="r2_l029"><Coords points="830,1476 826,1476 824,1475 824,1464 824,1463 787,1463 786,1464 785,1464 784,1463 750,1463 749,1462 711,1462 709,1464 709,1467 706,1470 704,1470 703,1470 703,1464 703,1463 539,1463 538,1462 494,1462 493,1463 493,1475 493,1475 492,1475 492,1463 492,1462 490,1462 489,1463 456,1463 455,1464 455,1472 454,1473 452,1473 451,1474 451,1475 451,1475 450,1475 450,1474 450,1473 446,1473 443,1471 443,1463 443,1462 379,1462 378,1463 373,1463 372,1464 371,1463 287,1463 286,1464 285,1464 284,1463 176,1463 173,1463 172,1464 149,1464 148,1464 148,1463 147,1462 147,1445 149,1443 149,1433 150,1432 150,1431 151,1430 155,1430 156,1432 156,1435 157,1436 157,1442 158,1442 171,1442 172,1441 190,1441 190,1441 190,1428 191,1427 195,1427 196,1428 257,1428 257,1429 257,1441 258,1441 393,1441 394,1440 410,1440 411,1439 413,1439 414,1440 473,1440 474,1441 516,1441 516,1441 516,1434 520,1430 521,1430 522,1429 525,1429 526,1431 526,1433 527,1434 527,1441 528,1441 611,1441 612,1440 628,1440 629,1441 663,1441 664,1442 679,1442 680,1443 744,1443 745,1442 759,1442 760,1441 761,1442 790,1442 790,1442 790,1433 792,1431 795,1431 797,1434 797,1442 798,1442 809,1442 810,1443 811,1443 812,1444 859,1444 860,1445 894,1445 895,1444 897,1444 899,1446 901,1446 902,1448 902,1455 903,1455 917,1455 920,1459 917,1462 900,1462 899,1463 899,1465 898,1466 897,1466 896,1467 895,1466 837,1466 836,1467 836,1475 835,1476 832,1476 831,1477"/><TextEquiv index="1"><Unicode>indifféremment que les autres; mais peut-</Unicode></TextEquiv></TextLine><TextLine id="r2_l030"><Coords points="829,1523 828,1522 827,1522 826,1522 826,1518 826,1517 802,1517 800,1516 800,1509 800,1508 620,1508 619,1509 595,1509 594,1510 594,1518 593,1519 586,1519 583,1517 583,1508 583,1507 533,1507 532,1508 532,1519 532,1519 528,1519 527,1519 527,1508 527,1507 425,1507 424,1508 304,1508 303,1509 267,1509 265,1507 164,1507 163,1508 160,1508 159,1507 157,1507 156,1506 155,1506 154,1505 153,1505 152,1505 152,1504 149,1501 149,1495 150,1494 150,1491 153,1488 153,1483 154,1482 154,1481 155,1480 155,1478 158,1475 160,1475 162,1478 162,1479 163,1480 163,1482 164,1483 164,1484 165,1484 175,1484 176,1485 229,1485 229,1485 229,1478 230,1477 231,1477 232,1476 233,1476 234,1475 237,1475 238,1476 269,1476 270,1477 271,1477 272,1479 272,1486 273,1486 303,1486 304,1487 378,1487 379,1486 398,1486 398,1486 398,1484 399,1483 399,1482 400,1481 400,1480 401,1479 401,1476 402,1475 504,1475 505,1474 508,1474 509,1476 509,1485 510,1485 540,1485 541,1486 670,1486 670,1486 670,1479 672,1477 673,1477 674,1476 723,1476 724,1475 725,1475 726,1474 741,1474 742,1475 743,1475 744,1477 744,1485 745,1485 780,1485 784,1489 785,1489 785,1490 785,1500 786,1500 835,1500 835,1500 835,1492 837,1490 839,1490 840,1489 896,1489 898,1491 916,1491 917,1492 919,1492 920,1493 921,1493 921,1494 921,1495 920,1496 918,1496 917,1497 917,1498 917,1498 914,1498 913,1499 913,1511 912,1512 903,1512 902,1511 849,1511 848,1512 848,1519 847,1520 842,1520 841,1521 837,1521 836,1522 836,1523 836,1523"/><TextEquiv index="1"><Unicode>être lui en coûtoit-il un peu d'effort, pour</Unicode></TextEquiv></TextLine><TextLine id="r2_l031"><Coords points="174,1561 172,1560 172,1553 172,1552 154,1552 150,1549 150,1546 151,1545 151,1534 152,1533 153,1533 155,1531 156,1531 157,1530 171,1530 172,1529 174,1529 175,1528 175,1527 177,1525 177,1524 178,1523 178,1522 182,1518 184,1518 185,1517 201,1517 203,1519 237,1519 237,1520 237,1521 239,1522 240,1522 240,1523 240,1525 241,1526 241,1528 242,1529 242,1530 243,1530 279,1530 280,1531 352,1531 354,1529 355,1530 367,1530 368,1531 426,1531 426,1531 426,1523 429,1520 473,1520 474,1519 507,1519 508,1518 509,1518 510,1519 532,1519 532,1520 532,1531 533,1531 586,1531 587,1532 619,1532 619,1532 619,1525 621,1523 622,1523 623,1524 624,1524 625,1526 625,1533 629,1537 629,1546 630,1546 673,1546 675,1544 679,1544 679,1544 679,1525 680,1524 680,1523 681,1522 688,1522 689,1521 691,1521 692,1522 694,1522 694,1523 694,1532 695,1532 751,1532 752,1531 763,1531 764,1532 819,1532 820,1531 820,1530 821,1529 821,1528 822,1527 822,1526 826,1522 828,1522 829,1523 836,1523 836,1524 836,1534 837,1534 892,1534 892,1534 892,1525 893,1524 894,1524 895,1523 896,1524 898,1524 898,1525 898,1526 900,1528 900,1535 901,1535 913,1535 915,1537 916,1537 917,1538 918,1538 918,1539 916,1541 916,1552 912,1556 911,1556 910,1557 907,1557 906,1556 890,1556 889,1555 832,1555 830,1553 775,1553 774,1552 712,1552 711,1553 709,1553 708,1554 621,1554 620,1553 585,1553 563,1553 562,1554 561,1554 560,1553 512,1553 511,1552 430,1552 429,1553 339,1553 338,1552 177,1552 176,1553 176,1560 175,1561"/><TextEquiv index="1"><Unicode>affecter cette indifférence. Je ne ſavois</Unicode></TextEquiv></TextLine><TextLine id="r2_l032"><Coords points="152,1564 915,1564 915,1613 152,1613"/><TextEquiv index="1"><Unicode>qu'en penſer. Quoi qu'il en ſoit, je me jetai</Unicode></TextEquiv></TextLine></TextRegion><ImageRegion id="r3"><Coords points="336,101 333,104 333,113 334,114 334,115 336,117 336,119 337,119 339,121 339,130 337,133 336,133 336,135 334,136 334,146 382,146 383,144 523,144 524,143 535,143 536,144 536,148 537,149 574,149 578,146 578,144 579,143 617,143 618,142 621,142 622,143 662,143 663,142 675,142 676,143 713,143 714,142 714,129 713,128 709,128 707,127 707,122 706,122 705,121 705,111 704,110 703,110 702,108 701,108 699,107 666,107 665,108 621,108 619,110 579,110 578,111 575,111 573,113 538,113 537,112 537,111 536,110 482,110 480,111 478,108 443,108 443,113 442,114 442,117 441,118 441,119 440,120 440,121 439,122 438,121 438,119 436,118 436,114 435,113 435,112 434,111 396,111 393,108 393,105 392,104 389,104 388,103 370,103 369,101"/></ImageRegion><TextRegion id="r4" type="footnote" orientation="-0.0"><Coords points="691,1659 691,1599 819,1599 819,1659"/><TextEquiv><Unicode/></TextEquiv><TextLine id="r4_l001"><Coords points="693,1599 819,1599 819,1646 693,1646"/><TextEquiv index="1"><Unicode>H</Unicode></TextEquiv></TextLine></TextRegion></Page></PcGts>