<PcGts xmlns="http://schema.primaresearch.org/PAGE/gts/pagecontent/2017-07-15" xmlns:xsi="http://www.w3.org/2001/XMLSchema-instance" xsi:schemaLocation="http://schema.primaresearch.org/PAGE/gts/pagecontent/2017-07-15 http://schema.primaresearch.org/PAGE/gts/pagecontent/2017-07-15/pagecontent.xsd"><Metadata><Creator/><Created>2020-09-17T10:34:18</Created><LastChange>1970-01-01T00:00:00</LastChange><Comments/></Metadata><Page imageFilename="0187.png" imageHeight="1854" imageWidth="1116"><ReadingOrder><OrderedGroup id="g1"><RegionRefIndexed index="0" regionRef="r3"/><RegionRefIndexed index="1" regionRef="r2"/></OrderedGroup></ReadingOrder><ImageRegion id="r1"><Coords points="333,101 332,103 331,103 331,118 332,118 333,119 336,119 337,120 337,132 334,134 333,134 333,143 334,144 334,146 381,146 381,144 382,143 383,143 384,144 385,144 387,146 473,146 475,144 488,144 490,143 534,143 535,144 536,144 538,147 538,149 539,150 575,150 580,146 619,146 621,144 622,144 623,146 660,146 661,144 677,144 679,146 716,146 716,144 718,142 718,133 717,132 717,130 716,129 707,129 706,128 706,122 707,121 707,112 706,111 706,108 705,108 704,107 669,107 668,108 657,108 655,107 622,107 621,108 619,108 618,110 579,110 578,111 571,111 571,112 570,113 539,113 538,112 538,111 537,111 536,110 482,110 480,111 479,110 443,110 443,111 442,112 442,117 441,118 441,120 440,121 440,123 439,125 439,127 438,128 436,127 436,118 435,117 435,112 434,111 393,111 392,110 392,105 391,104 391,103 369,103 368,101"/></ImageRegion><TextRegion id="r2" type="paragraph" orientation="-0.0"><Coords points="624,157 623,158 623,159 622,160 622,161 621,162 619,162 618,163 618,172 619,173 620,173 623,176 623,181 622,182 622,183 621,184 614,184 614,186 613,187 611,187 610,186 610,177 609,176 609,174 608,173 607,173 606,172 595,172 594,171 594,163 593,162 593,158 559,158 558,159 523,159 521,161 520,161 520,162 519,163 519,171 518,172 509,172 508,171 507,171 506,170 471,170 470,171 468,171 466,169 466,168 433,168 433,171 432,172 407,172 406,171 406,162 368,162 367,163 367,171 366,172 349,172 348,171 329,171 328,170 320,170 319,169 286,169 285,170 283,170 282,169 258,169 257,168 257,166 245,166 244,165 244,162 243,162 242,161 205,161 205,162 204,163 203,163 203,165 202,166 187,166 186,167 186,168 185,169 170,169 169,170 165,170 163,168 163,167 162,166 125,166 123,168 123,177 124,177 125,178 125,182 126,183 127,183 129,185 129,191 128,192 128,203 167,203 168,202 277,202 278,201 282,201 283,202 283,212 284,212 285,213 322,213 323,212 329,212 329,202 330,201 362,201 363,202 363,210 365,212 389,212 390,213 389,214 388,214 387,215 352,215 351,216 327,216 326,217 312,217 311,216 311,215 275,215 273,217 261,217 260,216 225,216 224,217 128,217 127,218 127,220 126,221 126,231 127,232 127,234 125,236 125,246 126,247 150,247 152,249 152,258 156,258 157,259 157,260 156,261 126,261 125,262 125,266 124,267 123,267 123,278 124,278 125,279 124,280 123,280 122,281 122,293 155,293 156,294 156,295 173,295 174,296 173,297 172,297 171,298 171,299 170,300 170,304 169,305 134,305 132,307 123,307 123,308 122,309 122,318 123,319 123,323 122,324 122,325 121,326 121,337 122,337 123,338 194,338 195,337 197,337 198,336 233,336 234,337 289,337 290,336 292,336 292,335 293,334 295,336 297,336 298,337 336,337 337,336 468,336 469,337 499,337 500,338 500,340 499,341 446,341 443,338 409,338 409,339 408,340 407,340 406,341 405,341 404,342 404,343 403,344 403,354 404,354 405,355 404,356 383,356 381,358 358,358 357,359 344,359 342,357 342,354 340,352 327,352 326,351 326,340 289,340 288,341 245,341 245,347 244,348 234,348 233,349 232,349 232,352 231,353 219,353 218,352 217,352 216,351 181,351 180,352 166,352 165,351 129,351 128,352 120,352 120,366 121,367 121,368 119,370 119,383 155,383 156,382 214,382 215,381 220,381 221,382 221,387 220,388 219,388 218,389 217,389 217,395 216,396 207,396 206,397 166,397 165,396 119,396 119,402 118,403 92,403 92,412 119,412 120,413 118,415 118,427 119,427 120,428 154,428 155,427 189,427 190,426 218,426 219,427 234,427 235,428 235,431 234,432 202,432 201,433 199,433 198,434 198,440 197,441 191,441 190,440 148,440 147,441 129,441 128,442 119,442 119,446 118,447 118,456 120,458 119,459 119,460 118,461 118,471 119,472 145,472 146,473 146,477 145,478 144,478 144,485 143,486 118,486 118,503 119,504 118,505 93,505 92,506 92,515 93,516 117,516 118,517 198,517 200,519 199,520 198,520 197,521 193,521 192,522 191,522 187,526 187,527 185,529 172,529 170,531 119,531 119,545 120,546 120,548 119,549 119,550 118,551 118,561 120,563 154,563 154,562 155,561 170,561 172,563 194,563 195,564 195,572 196,573 201,573 202,574 201,575 190,575 187,572 187,567 186,567 185,566 151,566 150,567 148,567 147,568 147,574 146,575 136,575 135,574 135,566 101,566 101,575 118,575 120,577 119,578 119,587 120,588 120,592 121,593 121,594 119,596 119,606 120,607 175,607 176,608 211,608 212,607 226,607 227,608 244,608 245,609 244,610 243,610 242,611 208,611 207,612 206,612 205,613 205,622 204,623 194,623 193,622 181,622 180,621 180,614 179,613 179,612 178,611 120,611 119,612 119,622 121,624 124,624 125,625 125,628 124,629 123,629 123,638 121,640 120,640 120,651 121,652 139,652 140,653 141,653 142,654 141,655 119,655 118,656 118,658 117,659 117,668 118,669 119,669 120,670 120,683 119,684 115,684 115,694 116,694 117,695 117,696 118,697 286,697 287,698 324,698 325,697 326,697 327,696 328,696 329,697 367,697 368,696 373,696 374,697 374,707 372,709 353,709 352,710 344,710 343,711 323,711 322,712 315,712 314,713 311,713 310,714 310,724 309,725 308,725 307,724 306,724 305,723 305,713 304,713 303,712 294,712 293,711 293,710 266,710 265,709 265,703 264,702 227,702 226,703 225,703 225,710 224,711 216,711 215,712 214,712 213,713 200,713 199,712 123,712 122,713 120,713 119,714 119,715 118,716 118,736 119,737 119,738 120,739 120,740 121,741 122,741 123,742 126,742 127,743 162,743 163,742 164,743 164,744 165,745 186,745 187,746 187,748 209,748 210,749 210,754 209,755 183,755 182,756 181,756 180,757 164,757 163,756 129,756 128,757 119,757 119,769 121,771 121,772 119,774 119,775 118,776 118,786 119,787 144,787 146,789 146,797 147,798 147,799 184,799 185,800 184,801 128,801 126,803 120,803 120,819 121,820 119,822 119,832 120,833 157,833 157,832 158,831 179,831 181,833 220,833 220,832 221,831 232,831 234,833 271,833 271,832 272,831 279,831 281,833 281,837 280,838 278,836 227,836 227,846 228,847 227,848 212,848 209,845 192,845 191,844 191,837 190,836 155,836 154,837 151,837 150,838 149,838 148,839 148,847 147,848 121,848 121,851 120,852 120,862 121,863 121,864 122,865 120,867 120,878 121,879 121,884 147,884 148,885 147,886 147,891 146,892 130,892 129,893 120,893 120,909 121,910 120,911 120,924 148,924 149,925 185,925 186,924 199,924 200,923 253,923 254,924 254,928 253,929 253,930 252,931 252,937 251,938 209,938 208,939 169,939 168,938 132,938 131,939 119,939 119,949 120,949 121,950 121,952 122,953 122,954 123,955 122,956 122,957 121,958 121,969 205,969 207,971 206,972 185,972 184,973 183,973 181,975 180,975 178,977 178,979 177,980 177,982 176,983 135,983 134,984 134,985 133,986 129,986 128,987 126,987 125,988 125,989 124,990 123,990 123,1002 122,1003 122,1012 125,1015 199,1015 199,1014 200,1013 229,1013 230,1012 250,1012 251,1013 285,1013 286,1012 293,1012 294,1013 330,1013 331,1012 333,1012 334,1013 414,1013 415,1012 440,1012 441,1011 454,1011 455,1012 455,1015 454,1016 434,1016 433,1017 432,1017 431,1018 431,1026 430,1027 419,1027 417,1025 409,1025 408,1024 373,1024 372,1025 371,1025 371,1026 370,1027 310,1027 309,1028 279,1028 278,1027 278,1019 275,1019 274,1018 208,1018 208,1030 209,1030 210,1031 211,1031 212,1032 212,1042 210,1044 205,1044 203,1042 203,1036 205,1034 205,1025 203,1023 203,1022 202,1021 202,1020 156,1020 154,1022 154,1023 153,1024 152,1024 152,1025 150,1027 136,1027 136,1028 135,1029 135,1031 134,1032 127,1032 125,1034 124,1034 123,1035 123,1045 122,1046 122,1047 121,1048 121,1058 122,1059 213,1059 213,1058 214,1057 271,1057 273,1059 273,1061 272,1062 250,1062 249,1063 249,1070 248,1071 246,1071 246,1074 245,1075 244,1074 125,1074 125,1090 126,1091 125,1092 124,1092 123,1093 123,1104 161,1104 162,1105 162,1113 163,1114 163,1115 167,1115 169,1117 169,1118 168,1119 122,1119 122,1134 123,1135 123,1136 122,1137 122,1139 121,1140 121,1149 122,1150 158,1150 159,1149 271,1149 272,1148 285,1148 286,1149 319,1149 320,1148 353,1148 354,1149 485,1149 486,1150 486,1153 485,1154 485,1157 484,1158 484,1161 483,1162 479,1162 478,1161 463,1161 462,1160 462,1154 461,1153 461,1152 460,1151 420,1151 419,1152 418,1152 417,1153 417,1155 415,1157 414,1157 413,1158 413,1159 412,1160 412,1161 411,1162 411,1164 410,1165 391,1165 390,1164 370,1164 369,1163 369,1162 334,1162 333,1163 332,1163 331,1164 330,1164 329,1163 317,1163 316,1162 305,1162 304,1161 304,1155 303,1154 303,1153 302,1152 282,1152 281,1151 241,1151 238,1154 237,1154 236,1155 236,1156 235,1157 235,1158 232,1161 230,1161 230,1163 229,1164 205,1164 204,1163 137,1163 136,1164 134,1164 133,1165 126,1165 126,1180 127,1181 126,1182 126,1184 125,1185 125,1195 153,1195 154,1196 152,1198 151,1198 151,1200 150,1201 150,1208 149,1209 134,1209 133,1210 125,1210 125,1214 124,1215 123,1215 123,1224 124,1224 125,1225 125,1227 124,1228 123,1228 123,1229 122,1230 122,1240 123,1241 161,1241 161,1240 162,1239 166,1239 168,1241 205,1241 206,1242 206,1243 205,1244 204,1243 165,1243 164,1244 162,1244 161,1245 159,1245 159,1246 158,1247 158,1249 157,1250 157,1253 156,1254 126,1254 125,1255 125,1271 126,1272 125,1273 125,1286 162,1286 163,1285 165,1285 166,1286 165,1287 164,1287 163,1288 162,1288 157,1293 157,1294 156,1295 156,1297 155,1298 134,1298 132,1300 126,1300 126,1301 125,1302 125,1315 126,1316 126,1317 125,1318 124,1318 123,1319 123,1331 161,1331 162,1330 266,1330 267,1329 321,1329 322,1330 360,1330 361,1329 441,1329 442,1330 442,1332 441,1333 426,1333 425,1334 424,1334 424,1342 422,1344 419,1344 418,1343 418,1341 412,1341 411,1340 411,1336 410,1335 410,1333 409,1332 373,1332 372,1333 370,1333 369,1334 368,1334 368,1342 366,1344 249,1344 247,1342 247,1336 246,1335 246,1334 178,1334 177,1335 177,1336 176,1337 176,1344 175,1345 172,1345 171,1344 135,1344 134,1345 126,1345 126,1363 125,1364 125,1376 126,1377 151,1377 152,1378 152,1385 153,1385 155,1387 154,1388 139,1388 138,1389 137,1389 136,1390 135,1390 135,1391 134,1392 128,1392 127,1393 127,1394 126,1395 126,1405 127,1406 127,1416 128,1417 128,1418 153,1418 154,1419 154,1431 190,1431 190,1430 191,1429 191,1428 192,1427 192,1426 193,1425 193,1424 194,1423 194,1422 195,1421 215,1421 216,1420 271,1420 272,1419 325,1419 326,1420 366,1420 367,1419 419,1419 420,1420 420,1423 419,1424 419,1425 418,1426 369,1426 369,1431 368,1432 345,1432 344,1433 318,1433 317,1434 312,1434 311,1435 310,1435 309,1436 308,1436 308,1446 307,1447 298,1447 297,1446 297,1438 296,1437 296,1436 295,1436 294,1435 293,1435 292,1434 292,1431 257,1431 256,1432 255,1432 254,1433 251,1433 250,1432 250,1431 249,1430 249,1428 247,1426 247,1425 246,1424 210,1424 210,1425 209,1426 209,1428 208,1429 208,1430 207,1431 207,1432 205,1434 199,1434 198,1433 162,1433 162,1434 161,1435 127,1435 126,1436 126,1452 127,1453 126,1454 126,1466 245,1466 246,1465 280,1465 281,1466 281,1471 280,1472 279,1471 242,1471 242,1477 241,1478 239,1478 238,1479 238,1493 237,1494 236,1493 236,1485 235,1484 235,1483 234,1482 227,1482 225,1480 216,1480 215,1479 215,1471 177,1471 177,1479 176,1480 128,1480 127,1481 127,1498 126,1499 126,1511 214,1511 215,1512 215,1513 214,1514 198,1514 197,1515 196,1515 195,1516 194,1516 194,1524 192,1526 174,1526 173,1525 173,1524 136,1524 134,1526 127,1526 126,1527 126,1536 127,1537 127,1538 128,1539 128,1543 127,1544 126,1544 126,1545 125,1546 125,1557 164,1557 166,1555 202,1555 203,1556 204,1556 206,1558 240,1558 241,1557 241,1556 242,1555 389,1555 390,1556 498,1556 502,1560 502,1561 506,1565 506,1566 507,1567 506,1568 484,1568 481,1571 470,1571 469,1570 469,1563 468,1562 468,1561 431,1561 429,1563 429,1572 428,1573 427,1573 427,1574 426,1575 426,1581 425,1582 410,1582 409,1581 409,1574 406,1571 392,1571 391,1570 391,1569 390,1568 387,1568 386,1567 341,1567 341,1568 339,1570 301,1570 300,1571 289,1571 288,1570 288,1567 253,1567 253,1568 251,1570 239,1570 238,1571 235,1571 229,1577 228,1577 227,1576 227,1572 225,1570 225,1568 224,1567 224,1566 223,1565 223,1564 222,1563 222,1561 221,1560 186,1560 185,1561 185,1562 184,1563 184,1566 183,1567 183,1572 182,1573 181,1573 181,1574 180,1575 180,1577 179,1578 177,1578 177,1582 175,1584 174,1584 174,1586 173,1587 172,1587 171,1588 171,1599 172,1600 177,1600 178,1601 190,1601 191,1602 224,1602 225,1601 229,1601 230,1600 231,1601 313,1601 314,1602 347,1602 348,1601 358,1601 359,1602 387,1602 388,1603 388,1607 389,1608 424,1608 425,1609 425,1610 426,1611 425,1612 407,1612 407,1622 408,1622 409,1623 443,1623 443,1614 442,1613 442,1612 443,1611 462,1611 462,1610 465,1607 465,1603 466,1602 485,1602 487,1600 508,1600 509,1601 540,1601 541,1602 541,1609 542,1610 586,1610 587,1609 587,1600 588,1599 672,1599 673,1600 716,1600 717,1601 717,1608 718,1609 723,1609 724,1610 761,1610 762,1609 763,1609 763,1601 764,1600 785,1600 786,1599 855,1599 855,1598 856,1597 858,1599 878,1599 879,1600 880,1600 881,1601 937,1601 937,1591 936,1590 936,1589 929,1589 928,1588 929,1587 930,1587 931,1586 932,1586 932,1573 930,1573 928,1571 925,1571 923,1569 923,1568 922,1567 922,1566 907,1566 906,1565 906,1559 904,1557 866,1557 865,1558 864,1558 863,1559 862,1559 862,1566 861,1567 821,1567 820,1566 820,1563 819,1562 819,1558 818,1557 748,1557 748,1558 747,1559 747,1561 746,1562 746,1567 745,1568 744,1567 699,1567 698,1566 698,1564 696,1562 696,1561 695,1560 657,1560 656,1561 655,1561 655,1563 654,1564 654,1566 653,1567 636,1567 635,1568 630,1568 629,1567 546,1567 545,1568 545,1569 544,1570 529,1570 528,1569 528,1568 511,1568 510,1567 510,1566 506,1562 506,1561 502,1557 503,1556 514,1556 515,1555 560,1555 560,1554 561,1553 587,1553 589,1555 691,1555 691,1554 692,1553 711,1553 712,1552 719,1552 720,1551 720,1550 721,1549 722,1549 723,1548 723,1546 724,1545 725,1545 725,1544 727,1542 727,1529 724,1526 724,1524 723,1524 722,1523 684,1523 683,1524 636,1524 635,1523 629,1523 628,1522 628,1521 626,1519 626,1518 628,1516 646,1516 646,1512 647,1511 672,1511 672,1510 673,1509 711,1509 712,1508 734,1508 735,1509 809,1509 811,1511 811,1521 812,1522 847,1522 848,1521 857,1521 857,1512 858,1511 923,1511 923,1510 924,1509 924,1508 925,1507 925,1501 927,1499 929,1499 930,1498 930,1482 929,1482 928,1481 928,1480 927,1479 927,1477 891,1477 890,1478 850,1478 849,1477 814,1477 814,1478 813,1479 797,1479 796,1478 785,1478 784,1477 784,1470 783,1469 783,1468 758,1468 757,1467 757,1465 758,1464 759,1464 760,1463 771,1463 772,1464 774,1464 775,1465 808,1465 809,1464 811,1464 812,1465 817,1465 818,1466 913,1466 913,1463 914,1462 930,1462 931,1461 934,1461 935,1460 935,1450 933,1448 932,1448 931,1447 931,1446 930,1446 929,1445 929,1444 921,1444 920,1443 920,1440 919,1439 917,1439 916,1438 892,1438 891,1437 891,1426 890,1425 888,1425 887,1424 887,1423 888,1422 923,1422 924,1421 924,1410 925,1409 929,1409 929,1408 930,1407 930,1406 931,1405 931,1392 928,1392 927,1391 927,1388 892,1388 892,1390 891,1391 882,1391 881,1390 881,1389 880,1388 880,1381 843,1381 842,1382 841,1382 840,1383 838,1383 838,1387 837,1388 833,1388 833,1389 832,1390 831,1390 830,1391 829,1391 828,1392 827,1392 826,1391 825,1391 824,1390 805,1390 803,1388 769,1388 768,1389 767,1388 766,1388 765,1387 765,1385 731,1385 731,1388 730,1389 725,1389 723,1391 721,1391 720,1392 720,1395 719,1396 719,1400 717,1402 703,1402 702,1401 702,1396 701,1395 701,1390 700,1389 698,1389 697,1388 691,1388 690,1387 690,1385 655,1385 654,1386 654,1387 653,1388 619,1388 618,1389 578,1389 577,1390 575,1390 574,1389 574,1378 533,1378 531,1380 530,1380 529,1381 529,1382 527,1384 527,1385 525,1387 516,1387 515,1388 514,1388 513,1389 511,1387 475,1387 474,1388 472,1388 471,1389 447,1389 446,1388 446,1387 444,1385 444,1384 442,1382 442,1378 434,1378 433,1377 433,1375 434,1374 528,1374 529,1373 563,1373 564,1374 600,1374 601,1373 602,1373 602,1372 603,1371 612,1371 614,1373 655,1373 657,1371 666,1371 668,1373 723,1373 724,1374 782,1374 783,1375 783,1383 818,1383 820,1381 820,1380 822,1378 822,1377 823,1376 841,1376 842,1375 866,1375 867,1376 869,1376 870,1377 892,1377 893,1378 927,1378 928,1377 931,1377 932,1376 932,1367 930,1367 928,1365 928,1363 927,1362 928,1361 928,1339 927,1338 927,1337 887,1337 886,1338 858,1338 857,1339 857,1342 855,1344 844,1344 843,1343 843,1342 827,1342 826,1341 826,1338 825,1337 825,1334 786,1334 786,1337 785,1338 785,1345 784,1346 768,1346 767,1345 764,1345 763,1344 748,1344 747,1343 747,1342 746,1341 648,1341 647,1340 647,1331 646,1330 630,1330 629,1329 629,1328 630,1327 739,1327 741,1329 741,1337 742,1338 776,1338 776,1337 777,1336 777,1335 779,1333 779,1332 780,1331 781,1331 783,1329 817,1329 818,1330 868,1330 869,1331 883,1331 884,1332 924,1332 925,1331 927,1331 928,1330 928,1328 929,1327 929,1326 930,1325 933,1325 933,1315 932,1314 932,1313 933,1312 933,1300 906,1300 903,1297 870,1297 870,1298 868,1300 838,1300 837,1299 837,1298 836,1297 836,1294 787,1294 786,1295 786,1296 785,1297 784,1296 784,1287 728,1287 727,1286 691,1286 690,1287 689,1286 689,1283 690,1282 724,1282 725,1283 764,1283 765,1282 766,1282 767,1281 775,1281 776,1282 790,1282 791,1283 799,1283 801,1285 838,1285 840,1283 850,1283 852,1285 909,1285 909,1282 910,1281 922,1281 923,1280 935,1280 935,1268 934,1267 933,1267 932,1266 931,1266 930,1265 931,1264 935,1264 935,1254 934,1253 920,1253 918,1251 918,1246 917,1245 917,1244 916,1244 915,1243 879,1243 878,1244 876,1244 875,1245 874,1245 873,1246 872,1246 871,1247 871,1248 870,1249 870,1250 868,1252 867,1252 866,1253 836,1253 835,1254 833,1254 832,1253 830,1253 829,1252 829,1251 830,1250 865,1250 865,1244 866,1243 866,1242 867,1241 903,1241 903,1240 904,1239 907,1239 908,1238 908,1236 909,1235 932,1235 933,1234 933,1223 932,1222 932,1208 899,1208 898,1209 865,1209 864,1210 834,1210 832,1208 831,1208 829,1206 828,1206 827,1205 803,1205 801,1203 801,1198 800,1197 800,1196 799,1196 798,1195 799,1194 811,1194 812,1195 868,1195 869,1196 924,1196 924,1195 925,1194 925,1190 927,1188 931,1188 931,1177 932,1176 932,1175 933,1174 933,1163 904,1163 903,1162 903,1156 901,1154 853,1154 852,1155 841,1155 840,1154 840,1152 800,1152 799,1153 799,1154 798,1155 797,1155 796,1156 796,1164 795,1165 785,1165 784,1164 780,1164 779,1163 779,1159 778,1158 778,1152 745,1152 745,1154 744,1155 743,1155 743,1163 742,1164 724,1164 723,1163 722,1163 721,1162 714,1162 713,1161 717,1157 717,1150 718,1149 819,1149 820,1150 844,1150 845,1151 928,1151 928,1150 929,1149 929,1147 930,1146 935,1146 935,1135 933,1133 933,1129 935,1127 935,1118 934,1117 900,1117 899,1118 888,1118 886,1120 884,1120 883,1119 883,1118 884,1117 885,1117 885,1115 886,1114 886,1108 887,1107 924,1107 925,1106 927,1106 929,1104 929,1101 930,1100 932,1100 932,1091 930,1089 930,1081 929,1081 928,1080 928,1079 927,1079 926,1078 925,1078 924,1077 924,1074 923,1073 903,1073 902,1072 902,1071 903,1070 923,1070 925,1068 927,1068 928,1067 928,1066 930,1064 930,1062 931,1061 931,1057 932,1056 934,1056 935,1055 935,1045 934,1044 903,1044 902,1043 902,1033 900,1031 887,1031 886,1030 886,1029 887,1028 887,1017 888,1016 892,1016 893,1017 927,1017 928,1016 929,1016 929,1013 930,1012 930,1011 931,1010 935,1010 935,998 934,997 931,997 930,996 930,987 929,986 923,986 922,985 922,982 920,980 920,979 918,977 918,976 916,974 879,974 879,983 880,984 880,986 879,987 878,986 877,986 874,983 874,981 859,981 858,980 858,972 821,972 820,973 819,973 818,974 794,974 794,979 793,980 782,980 780,978 780,971 779,970 779,969 728,969 726,971 725,971 723,973 723,974 722,975 721,975 720,976 720,977 719,978 719,979 718,980 682,980 681,981 662,981 661,980 661,973 660,972 624,972 623,973 623,980 621,982 612,982 611,981 611,977 578,977 578,981 577,982 546,982 545,983 531,983 530,982 530,978 531,977 531,974 532,973 532,970 533,969 533,968 534,967 616,967 617,966 679,966 680,967 834,967 835,968 854,968 855,969 879,969 881,971 929,971 930,970 930,969 931,968 931,967 932,966 933,966 935,964 935,953 933,953 932,952 932,937 909,937 908,936 908,928 906,928 905,927 905,926 906,925 925,925 926,924 927,924 929,922 929,921 930,920 933,920 933,907 932,906 932,892 924,892 923,891 909,891 908,890 908,886 907,885 906,885 905,884 873,884 872,883 872,882 836,882 835,881 800,881 799,882 798,882 796,884 796,885 795,886 794,886 794,892 793,893 782,893 781,894 779,894 778,895 777,895 776,896 776,897 775,898 775,902 774,903 762,903 761,902 761,895 759,893 758,893 756,891 755,891 754,890 754,889 755,888 770,888 771,887 778,887 778,878 779,877 805,877 806,876 807,876 808,877 818,877 819,878 866,878 867,879 890,879 891,880 928,880 929,879 929,878 930,877 930,876 932,874 934,874 935,873 935,864 933,862 933,847 908,847 907,846 907,838 906,837 869,837 866,840 865,839 865,837 858,837 857,836 857,834 858,833 881,833 882,834 926,834 927,833 927,826 928,825 928,823 931,820 931,819 932,818 932,814 933,813 935,813 935,801 893,801 891,803 886,803 885,804 878,804 877,803 853,803 852,802 852,801 822,801 821,800 821,792 784,792 783,793 779,793 778,794 778,801 776,803 765,803 764,802 764,801 760,801 758,799 757,799 755,797 755,796 721,796 721,797 720,798 720,800 719,801 701,801 699,803 698,803 697,802 697,801 652,801 651,800 651,794 650,793 650,792 649,791 614,791 613,792 611,792 610,793 602,793 601,794 601,795 600,796 600,803 599,804 597,804 597,814 596,815 590,815 589,814 589,812 588,811 588,808 586,808 584,806 583,806 581,804 579,804 578,803 565,803 564,802 564,788 565,787 664,787 666,789 666,795 667,796 702,796 703,795 703,794 705,792 705,788 706,787 804,787 806,789 832,789 833,790 833,797 868,797 869,796 872,796 872,795 873,794 873,793 874,792 874,791 876,789 887,789 888,790 926,790 927,789 927,785 928,784 933,784 933,774 932,773 932,772 931,771 931,762 927,762 925,760 925,753 892,753 891,754 891,755 890,756 889,756 888,757 864,757 859,762 859,769 858,770 851,770 850,769 850,765 849,764 849,762 848,761 848,760 847,759 847,757 848,756 861,756 862,755 863,755 863,746 864,745 888,745 889,746 923,746 924,745 925,745 927,743 927,731 925,729 925,725 927,723 927,718 928,717 928,707 927,706 927,704 926,703 894,703 893,702 857,702 856,703 837,703 836,704 836,706 834,708 834,709 833,710 803,710 802,711 799,711 798,712 797,712 796,713 795,713 794,714 793,714 793,716 792,717 791,717 789,719 789,727 788,728 786,728 785,727 785,716 783,714 783,713 782,712 749,712 748,711 748,703 747,702 746,702 745,701 728,701 727,700 727,698 728,697 752,697 753,696 754,697 784,697 785,698 820,698 821,697 869,697 870,698 871,698 872,699 928,699 928,698 930,696 930,685 929,684 931,682 931,670 929,670 928,669 928,666 927,666 924,663 924,661 923,661 922,660 896,660 895,659 895,656 896,655 925,655 926,654 927,654 928,653 928,652 929,651 929,640 928,640 927,639 918,639 917,638 917,628 916,627 916,625 915,624 914,624 913,623 903,623 902,622 874,622 873,621 873,612 872,611 820,611 820,621 819,622 806,622 805,621 770,621 769,620 769,619 750,619 749,618 749,610 713,610 712,611 711,611 710,612 709,611 690,611 689,610 652,610 651,611 631,611 631,616 630,617 630,618 629,619 628,618 627,618 626,617 626,611 589,611 588,612 586,612 585,613 585,618 584,619 575,619 574,618 574,614 573,613 573,612 536,612 535,613 535,614 534,615 534,624 533,625 533,630 532,631 511,631 509,629 509,626 508,625 508,624 506,622 506,619 456,619 454,621 453,620 453,618 419,618 419,619 417,621 410,621 409,622 406,622 405,621 360,621 359,622 355,622 354,623 334,623 333,624 331,624 330,625 329,624 327,624 326,623 326,621 325,620 325,619 326,618 355,618 356,617 359,617 360,616 360,608 361,607 412,607 413,606 434,606 435,607 472,607 473,606 477,606 478,607 529,607 530,606 544,606 545,607 602,607 603,606 630,606 631,607 671,607 672,606 691,606 692,607 802,607 803,608 840,608 841,609 913,609 914,608 915,608 917,606 917,604 918,603 919,603 920,602 920,601 922,599 923,599 923,598 924,597 924,579 917,579 916,578 880,578 879,579 870,579 870,588 869,589 868,588 867,588 866,587 866,581 865,580 865,577 863,577 862,576 862,575 825,575 823,573 825,571 850,571 851,570 851,567 852,566 852,565 853,564 854,564 855,563 868,563 869,564 925,564 928,561 929,561 931,559 931,544 930,543 930,537 929,536 929,535 928,534 928,530 891,530 890,531 856,531 855,530 855,527 856,526 864,526 864,525 865,524 869,528 903,528 904,527 905,527 906,526 906,524 908,522 908,520 909,519 927,519 927,518 928,517 929,517 930,516 930,503 931,502 931,501 932,500 933,500 935,498 935,488 929,488 928,487 928,486 927,486 926,485 908,485 907,484 907,477 906,476 905,476 904,475 906,473 924,473 925,472 927,472 927,471 928,470 928,469 929,468 929,459 930,458 930,447 928,445 928,444 927,443 927,440 891,440 890,441 888,441 888,442 887,443 862,443 860,441 859,441 858,440 858,434 857,433 857,431 856,430 856,429 819,429 819,444 818,445 817,445 815,443 793,443 791,441 780,441 779,440 779,432 778,431 777,431 776,430 776,428 777,427 865,427 866,428 901,428 902,427 903,427 904,426 906,426 907,425 907,424 909,422 929,422 929,419 930,418 930,409 929,408 929,407 928,407 927,406 925,406 924,405 910,405 909,404 909,403 908,402 908,398 907,397 888,397 887,396 887,395 886,394 886,392 885,391 885,385 886,384 922,384 924,382 925,382 927,380 935,380 935,369 934,368 933,368 932,367 933,366 933,355 932,354 925,354 924,353 924,352 923,351 888,351 886,353 884,353 883,352 836,352 834,354 833,354 831,356 831,363 829,365 818,365 816,363 816,359 815,358 815,354 814,353 803,353 802,352 800,352 799,351 765,351 764,352 709,352 708,353 705,353 704,352 614,352 612,350 612,349 579,349 578,350 578,351 577,352 574,352 573,351 539,351 538,352 504,352 502,350 502,349 504,347 536,347 538,345 538,342 539,341 539,339 540,338 541,338 542,337 556,337 557,336 628,336 629,337 660,337 661,338 661,346 663,348 700,348 701,347 704,347 705,346 705,338 706,337 753,337 754,338 754,347 755,348 795,348 796,347 797,347 798,346 798,338 799,337 829,337 830,338 870,338 871,337 874,337 875,338 876,338 877,339 887,339 888,340 925,340 926,339 927,339 929,337 929,325 927,323 926,323 925,322 927,320 936,320 937,319 937,310 936,309 936,308 920,308 918,306 918,303 917,302 917,300 916,299 916,297 914,297 913,296 876,296 876,305 874,307 853,307 852,306 852,294 815,294 814,295 814,296 812,298 812,305 810,307 783,307 782,308 749,308 748,307 747,307 746,306 746,305 726,305 725,304 725,299 726,298 737,298 739,300 739,302 740,303 783,303 783,302 784,301 784,293 785,292 854,292 855,293 865,293 866,294 906,294 907,293 921,293 922,292 923,292 923,291 924,290 924,289 927,286 928,286 928,276 929,275 935,275 937,273 937,263 936,262 936,261 889,261 888,260 888,251 887,250 879,250 878,249 878,248 879,247 906,247 907,246 907,244 908,243 926,243 927,242 927,240 928,239 928,230 927,229 927,228 926,227 906,227 904,225 904,224 903,223 903,220 902,219 902,217 892,217 891,216 864,216 863,215 863,209 862,208 862,207 803,207 802,208 800,208 799,209 798,209 798,216 797,217 783,217 782,216 782,214 780,212 780,207 779,207 778,206 745,206 744,207 742,207 741,208 740,208 740,215 739,216 736,216 735,215 701,215 700,216 670,216 669,217 646,217 643,220 643,229 642,230 638,230 637,229 637,221 636,220 636,219 634,217 621,217 620,216 621,215 621,203 622,202 682,202 683,201 684,201 685,200 706,200 707,201 783,201 784,202 827,202 828,203 878,203 880,205 880,211 881,212 917,212 917,211 918,210 921,210 922,209 922,208 924,206 924,204 925,203 925,198 927,196 927,184 898,184 896,182 896,177 895,176 895,175 896,174 925,174 925,164 924,163 891,163 891,171 890,172 888,172 887,171 887,170 865,170 864,169 842,169 841,168 841,159 806,159 804,161 803,161 803,164 802,165 801,165 801,168 800,169 790,169 788,171 787,171 786,172 783,169 747,169 746,170 725,170 724,171 723,171 721,169 721,168 687,168 686,169 685,169 684,170 680,170 679,171 678,171 677,172 668,172 667,171 667,162 666,162 665,161 661,161 660,160 660,157"/><TextEquiv><Unicode/></TextEquiv><TextLine id="r2_l001"><Coords points="841,211 841,199 841,198 801,198 800,197 724,197 723,196 669,196 668,197 667,197 666,198 561,198 560,197 471,197 470,198 470,209 470,209 468,209 467,209 467,198 467,197 466,197 465,198 461,198 460,197 458,197 407,197 406,198 388,198 387,199 387,201 383,205 383,206 382,207 381,207 379,206 379,198 379,197 313,197 312,198 312,207 311,208 306,208 305,209 302,209 299,207 299,198 299,197 261,197 260,198 158,198 157,199 149,199 148,200 146,200 144,199 144,180 143,178 142,178 140,177 140,174 139,173 141,171 145,171 147,173 202,173 204,171 219,171 219,171 219,168 220,167 220,166 221,165 225,165 226,166 227,166 227,167 227,171 228,171 240,171 240,172 240,175 241,175 262,175 264,173 303,173 304,174 311,174 312,175 332,175 333,176 383,176 383,176 383,168 385,166 389,166 390,168 390,176 391,176 449,176 449,176 449,173 450,172 450,173 450,176 451,176 483,176 484,175 487,175 488,174 489,174 490,175 491,175 492,176 535,176 535,176 535,167 537,165 539,165 540,164 574,164 576,162 576,163 576,167 577,168 577,176 578,176 588,176 589,177 591,177 593,180 593,188 594,188 635,188 635,188 635,169 634,168 636,166 638,166 638,166 639,165 639,163 641,161 644,161 644,162 644,165 645,165 648,165 649,166 650,166 650,167 650,176 651,176 694,176 696,174 701,174 703,172 705,172 705,173 705,174 706,174 763,174 764,173 817,173 817,173 817,170 818,169 818,166 819,165 821,165 822,164 824,164 824,165 824,173 825,173 847,173 848,174 870,174 870,175 870,176 871,176 877,176 879,179 879,181 880,182 880,188 881,188 906,188 906,188 906,170 907,169 907,168 908,167 909,169 909,188 910,189 910,192 909,193 909,199 907,201 907,202 905,204 905,205 904,206 902,206 901,207 898,207 896,206 896,201 896,200 845,200 843,198 842,199 842,211 842,211"/><TextEquiv index="1"><Unicode>“ration que je vous dois. Je vous aime,</Unicode></TextEquiv></TextLine><TextLine id="r2_l002"><Coords points="703,255 702,254 663,254 661,253 661,251 661,250 634,250 633,250 633,243 633,242 573,242 572,243 510,243 509,244 509,252 508,253 508,254 508,254 507,253 499,253 498,252 497,252 496,252 496,244 496,243 412,243 411,244 411,252 409,254 401,254 399,253 399,243 399,242 352,242 351,243 351,252 350,253 348,253 347,254 344,254 343,253 341,253 339,252 339,244 339,243 186,243 185,244 185,254 185,254 169,254 168,254 168,245 168,244 142,244 141,244 141,243 140,242 140,241 142,239 142,226 143,225 143,223 145,221 242,221 243,220 244,220 245,221 290,221 292,219 295,219 295,220 295,221 296,221 343,221 344,220 368,220 369,219 404,219 405,218 406,218 407,217 409,217 410,218 414,218 415,219 416,219 417,220 466,220 466,220 466,212 467,211 467,210 468,209 471,209 471,210 471,221 472,221 524,221 525,220 532,220 533,219 534,219 535,218 550,218 550,218 550,214 552,212 553,212 555,210 556,210 557,209 599,209 601,207 603,207 604,209 604,221 605,221 617,221 618,222 664,222 665,221 686,221 687,220 717,220 718,219 756,219 756,219 756,213 757,212 758,212 759,211 760,211 761,210 762,211 764,211 764,212 764,218 765,219 765,221 766,221 813,221 813,221 813,216 814,215 814,214 815,213 816,213 817,212 818,212 819,211 845,211 845,212 845,213 846,214 846,220 847,220 873,220 874,221 885,221 886,223 886,224 887,225 887,229 888,230 888,231 889,231 909,231 910,233 910,234 911,235 910,236 910,237 908,239 891,239 890,240 890,242 888,244 862,244 861,245 857,245 856,244 818,244 817,243 760,243 759,242 713,242 712,243 712,255 712,255"/><TextEquiv index="1"><Unicode>“pour vos propres qualités, pour les bien-</Unicode></TextEquiv></TextLine><TextLine id="r2_l003"><Coords points="757,299 755,298 755,296 755,295 727,295 725,294 725,288 725,287 596,287 595,288 593,288 592,287 546,287 545,288 383,288 382,287 295,287 294,288 176,288 175,289 175,290 174,291 173,291 172,291 172,290 172,289 139,289 138,289 138,286 139,285 139,273 140,272 140,268 142,266 151,266 152,265 173,265 173,265 173,264 174,263 174,262 175,261 175,259 177,257 178,257 181,254 186,254 187,255 188,255 189,256 210,256 211,258 211,265 212,265 222,265 223,266 262,266 262,266 262,264 263,263 269,263 269,263 269,258 271,256 273,256 274,255 275,255 276,254 277,254 278,256 278,265 279,265 330,265 331,264 332,265 417,265 419,263 420,264 421,264 421,265 421,266 422,266 481,266 481,266 481,260 482,259 483,259 484,258 485,258 486,259 489,259 489,260 489,263 490,264 490,265 491,265 513,265 514,266 588,266 588,266 588,259 590,257 591,257 593,255 593,254 594,253 595,253 597,256 597,259 598,260 598,265 599,265 668,265 669,264 699,264 699,264 699,263 700,262 700,260 701,259 701,256 702,255 712,255 712,256 712,269 713,269 755,269 756,268 756,266 757,265 762,265 763,264 764,264 765,265 767,265 768,266 862,266 862,266 862,258 863,257 864,257 865,256 867,256 869,254 871,254 872,256 872,265 873,265 911,265 912,266 919,266 920,268 920,269 918,271 912,271 911,272 911,282 911,282 910,282 909,283 909,284 908,285 908,286 906,288 905,288 904,289 890,289 889,290 883,290 882,289 872,289 871,288 768,288 767,289 767,297 766,298 766,299 766,299"/><TextEquiv index="1"><Unicode>“faits dont vous m'avez honoré, pour des</Unicode></TextEquiv></TextLine><TextLine id="r2_l004"><Coords points="772,344 770,343 771,342 771,334 771,333 689,333 688,334 688,342 687,343 684,343 683,344 680,344 677,342 677,334 677,333 646,333 645,332 540,332 539,333 525,333 523,335 523,337 522,338 522,340 519,343 517,343 516,343 516,334 516,333 486,333 485,332 320,332 319,333 251,333 250,332 180,332 179,333 178,333 177,334 140,334 139,333 138,333 137,333 137,332 138,331 138,314 139,313 139,312 140,311 149,311 150,310 186,310 186,310 186,305 187,304 187,303 188,302 189,302 191,300 246,300 247,299 249,299 250,300 251,300 252,301 253,301 253,302 253,310 254,310 276,310 277,311 327,311 328,310 329,310 330,309 350,309 351,308 352,308 353,307 353,306 354,305 354,304 357,301 358,301 360,299 362,299 363,298 364,298 365,299 367,299 367,300 367,301 368,302 368,310 369,310 416,310 417,309 418,309 419,308 423,308 423,308 423,303 424,302 425,302 426,301 428,301 429,300 431,300 432,302 432,309 433,309 443,309 444,310 519,310 519,310 519,304 522,301 523,302 525,302 526,304 526,310 527,310 596,310 596,310 596,305 599,302 633,302 635,300 636,300 637,299 639,299 640,298 641,298 642,299 645,299 645,300 645,309 646,309 700,309 700,309 700,303 703,300 704,300 705,299 708,299 708,300 708,310 709,310 729,310 730,311 740,311 741,312 799,312 800,311 827,311 827,311 827,305 828,304 828,303 830,301 830,300 832,298 833,298 834,297 835,298 836,298 836,299 836,311 837,311 891,311 891,311 891,301 892,300 896,300 897,301 899,301 899,302 899,303 901,305 901,308 902,309 902,312 903,312 919,312 919,313 919,314 920,315 920,316 919,317 910,317 909,318 909,327 912,330 912,333 909,336 905,336 904,335 894,335 893,334 847,334 846,333 782,333 781,334 781,342 780,343 779,343 778,344"/><TextEquiv index="1"><Unicode>“choſes enfin dont je n'oſe plus parler à</Unicode></TextEquiv></TextLine><TextLine id="r2_l005"><Coords points="795,390 795,387 795,386 788,386 785,389 779,389 778,389 778,379 778,378 743,378 742,377 694,377 693,378 534,378 533,379 532,378 419,378 418,378 418,377 417,376 417,370 417,369 337,369 336,370 336,375 335,376 335,377 334,378 331,378 330,377 284,377 283,378 248,378 247,379 247,387 245,389 241,389 240,388 239,388 237,387 237,379 237,378 139,378 138,379 136,379 134,378 135,377 135,360 136,359 136,357 137,356 145,356 146,355 149,355 150,356 197,356 198,355 200,355 202,357 248,357 248,357 248,355 250,353 261,353 261,353 261,347 263,345 305,345 306,344 309,344 309,345 309,354 310,355 310,356 311,356 323,356 326,360 326,363 327,363 373,363 374,362 399,362 400,361 419,361 419,361 419,348 421,346 423,346 424,345 424,343 425,342 426,342 427,343 428,343 428,344 428,345 430,346 481,346 482,345 484,345 485,346 486,346 486,347 486,356 487,356 555,356 556,355 595,355 596,354 596,355 596,356 597,356 652,356 653,355 654,356 781,356 782,355 783,356 785,356 786,357 797,357 799,360 799,363 800,364 800,369 801,369 847,369 847,369 847,362 853,356 904,356 905,355 907,355 907,356 907,357 909,358 915,358 917,361 917,373 918,374 918,376 918,376 910,376 909,377 908,377 905,380 869,380 868,381 868,387 868,387 866,387 865,388 864,388 863,389 862,388 861,388 859,386 797,386 796,387 796,390 796,390"/><TextEquiv index="1"><Unicode>“vos pieds. -- Mais encore un coup, que</Unicode></TextEquiv></TextLine><TextLine id="r2_l006"><Coords points="755,434 754,433 753,433 752,433 752,425 752,424 739,424 737,422 683,422 682,423 463,423 462,422 369,422 363,422 362,423 361,422 311,422 258,422 257,423 257,434 257,434 252,434 250,433 250,424 250,423 235,423 234,422 173,422 172,423 138,423 137,424 136,423 135,423 133,422 133,409 133,408 109,408 108,408 109,407 135,407 135,407 135,401 136,400 148,400 149,401 223,401 224,400 233,400 233,400 233,394 235,392 237,392 239,390 240,390 241,392 241,393 242,394 242,399 243,399 275,399 276,400 327,400 328,399 331,399 332,400 413,400 413,400 413,393 415,391 416,391 417,390 419,390 420,389 421,391 421,398 423,399 452,399 453,400 513,400 514,399 553,399 553,399 553,398 554,397 555,398 599,398 599,398 599,392 600,391 602,391 603,390 604,390 605,389 607,389 608,390 620,390 620,391 620,401 621,401 631,401 632,402 677,402 677,402 677,393 678,392 678,391 679,390 683,390 684,391 685,391 688,395 688,397 689,398 689,399 690,400 690,401 691,401 737,401 738,400 792,400 792,400 792,394 793,393 793,392 795,390 797,390 797,391 797,392 798,392 849,392 850,391 859,391 860,392 863,392 864,393 865,393 866,394 867,394 869,397 869,398 871,400 871,401 872,401 890,401 891,403 891,406 892,407 892,408 894,409 907,409 908,410 910,410 911,411 912,411 912,412 912,413 913,414 912,415 912,418 911,419 892,419 889,422 888,422 887,423 885,423 884,424 883,424 882,423 760,423 759,424 759,433 758,434"/><TextEquiv index="1"><Unicode>“voulez-vous donc me dire? reprit Do-</Unicode></TextEquiv></TextLine><TextLine id="r2_l007"><Coords points="884,482 883,482 883,470 883,469 847,469 846,468 796,468 795,469 791,469 790,468 719,468 718,469 675,469 674,470 674,478 674,478 671,478 670,479 667,479 666,478 665,478 664,478 664,469 664,468 597,468 596,467 568,467 542,467 541,468 415,468 414,469 414,476 412,478 410,478 409,479 407,479 406,478 404,478 402,477 402,469 402,468 340,468 339,469 339,474 338,475 337,475 336,476 330,476 329,475 328,475 327,474 326,474 323,472 323,471 322,470 322,469 321,467 272,467 271,468 164,468 163,469 163,479 163,479 161,478 161,469 161,468 136,468 135,467 134,467 133,467 134,466 134,452 135,451 135,447 136,446 145,446 146,445 164,445 165,444 213,444 213,444 213,439 214,438 215,438 216,437 218,437 219,436 250,436 250,436 250,435 251,434 256,434 256,435 256,444 257,444 311,444 312,443 313,443 313,443 313,442 317,438 319,438 320,437 321,437 322,436 324,436 325,435 373,435 373,436 373,438 374,439 374,446 375,446 446,446 447,445 468,445 469,444 474,444 474,445 474,446 475,446 518,446 518,446 518,440 519,439 519,438 521,436 522,436 523,435 524,437 524,438 525,439 525,446 526,446 547,446 547,446 547,445 549,443 552,443 553,444 565,444 565,445 565,446 566,446 622,446 623,445 641,445 641,445 641,443 643,441 646,444 695,444 695,444 695,443 697,441 699,441 699,442 699,445 700,445 754,445 754,445 754,438 755,437 756,437 758,435 762,435 763,437 763,445 764,445 774,445 776,447 834,447 834,447 834,435 836,433 837,433 838,434 839,434 840,436 840,438 841,439 841,441 842,442 842,446 844,447 904,447 904,447 904,446 905,445 906,445 907,444 910,444 910,445 910,449 913,452 913,454 912,455 912,464 911,465 911,466 910,467 910,468 910,468 909,468 908,469 907,469 906,470 891,470 890,471 890,482 890,482"/><TextEquiv index="1"><Unicode>“rothée. Qui peut rien comprendre à ce</Unicode></TextEquiv></TextLine><TextLine id="r2_l008"><Coords points="603,525 602,525 602,513 602,512 532,512 531,513 437,513 436,512 434,512 433,512 433,507 432,505 324,505 323,506 323,510 322,511 322,512 321,513 284,513 283,514 283,516 282,517 282,518 281,519 281,520 281,520 280,520 278,522 278,525 278,525 214,525 213,525 213,515 213,514 190,514 189,513 134,513 133,512 110,512 108,511 110,509 133,509 133,509 133,492 135,490 160,490 160,490 160,483 161,482 161,480 162,479 168,479 168,480 168,484 169,485 169,490 170,490 227,490 227,490 227,489 228,488 243,488 244,487 248,487 248,488 248,489 249,489 317,489 317,489 317,482 319,480 323,480 328,486 328,487 329,488 329,490 330,491 330,494 331,494 396,494 397,493 433,493 433,493 433,482 435,480 437,480 438,481 505,481 506,480 507,480 508,479 510,479 511,480 512,480 512,481 512,489 513,489 554,489 555,490 562,490 563,491 582,491 583,492 584,492 588,497 588,504 589,504 641,504 641,504 641,496 642,495 642,492 644,490 661,490 662,489 750,489 750,489 750,484 751,483 751,481 752,480 754,480 755,481 756,481 757,482 799,482 800,484 800,492 801,492 817,492 818,493 819,493 821,496 821,497 822,498 822,505 823,505 882,505 882,505 882,485 883,484 883,483 884,482 890,482 890,483 890,489 891,489 909,489 910,490 911,490 911,491 911,492 912,492 916,492 917,493 918,493 918,494 917,495 917,496 917,496 916,496 914,498 914,501 913,502 913,512 911,514 910,514 909,515 892,515 891,516 891,518 889,520 889,521 888,522 888,523 888,523 887,523 886,524 885,524 883,522 793,522 791,521 791,514 791,513 717,513 690,513 689,514 689,523 688,524 682,524 679,522 679,514 679,513 622,513 621,514 621,515 617,519 616,519 615,520 613,520 611,519 611,513 611,512 607,512 606,513 606,525 606,525"/><TextEquiv index="1"><Unicode>“langage? -- Madame, repartis-je, je</Unicode></TextEquiv></TextLine><TextLine id="r2_l009"><Coords points="512,570 511,570 511,558 511,557 506,557 503,560 503,561 502,562 502,563 500,565 498,565 497,565 497,558 497,557 460,557 459,558 455,558 454,557 401,557 400,558 365,558 364,557 337,557 329,557 328,558 225,558 224,559 224,568 224,568 223,568 222,569 220,569 219,570 218,569 213,569 211,568 211,560 211,559 189,559 188,558 163,558 138,558 137,559 136,558 135,558 134,558 134,556 135,555 135,539 134,538 135,537 135,536 136,535 147,535 148,536 187,536 187,536 187,535 189,533 202,533 203,532 203,531 208,526 209,526 210,525 219,525 219,526 219,536 220,536 249,536 249,536 249,535 250,534 260,534 261,533 264,533 266,531 266,530 268,528 269,527 270,527 272,525 282,525 283,526 284,526 285,528 285,529 286,530 286,536 287,536 349,536 350,535 368,535 369,534 383,534 385,532 385,531 386,530 386,529 389,526 389,525 390,524 399,524 399,525 399,526 400,527 400,536 401,536 424,536 425,535 430,535 431,534 436,534 438,536 471,536 472,535 491,535 491,536 491,537 492,537 524,537 525,536 537,536 538,535 567,535 567,535 567,527 569,525 607,525 607,526 607,527 608,527 647,527 647,527 647,526 649,524 658,524 658,525 658,526 659,527 659,535 660,535 756,535 756,535 756,527 758,525 760,525 761,526 762,526 762,527 762,533 763,533 776,533 778,535 782,535 783,536 832,536 832,536 832,529 835,526 836,526 837,527 838,527 838,528 838,536 839,536 878,536 879,535 907,535 908,534 911,534 911,535 911,539 912,540 912,541 913,542 913,548 914,549 914,555 910,559 909,559 908,560 886,560 885,559 838,559 836,561 836,562 835,563 835,564 834,565 834,566 833,567 830,567 829,567 829,559 829,558 754,558 753,559 750,559 749,558 714,558 713,559 708,559 707,558 672,558 671,557 639,557 638,558 610,558 609,559 609,561 608,562 608,564 606,566 603,566 601,565 601,558 601,557 565,557 564,558 552,558 551,557 516,557 515,558 515,570 515,570"/><TextEquiv index="1"><Unicode>“reſpecte vos ſecrets; mais j'adorerai toujours</Unicode></TextEquiv></TextLine><TextLine id="r2_l010"><Coords points="333,614 330,612 330,605 330,604 192,604 191,603 137,603 135,602 135,583 136,582 136,581 137,580 163,580 163,580 163,573 163,572 118,572 117,572 117,571 118,570 585,570 585,570 585,569 587,567 590,567 592,569 806,569 806,570 806,572 807,573 807,579 808,579 825,579 826,580 845,580 846,581 848,581 849,582 899,582 900,583 907,583 907,584 907,594 906,595 905,595 903,597 903,598 901,600 901,601 898,604 897,604 896,605 858,605 857,604 820,604 819,603 344,603 343,604 343,612 342,613 340,613 339,614"/><TextEquiv index="1"><Unicode>“la main qui m'a décoré de ce cordon.“</Unicode></TextEquiv></TextLine><TextLine id="r2_l011"><Coords points="877,662 877,650 877,649 839,649 837,651 837,652 836,653 836,654 834,656 833,656 830,659 829,659 826,657 826,649 826,648 749,648 748,649 743,649 742,648 556,648 555,649 555,650 554,651 554,653 552,655 552,656 551,657 549,657 548,657 548,656 548,655 517,655 515,654 515,648 515,647 480,647 479,648 479,659 478,660 474,660 473,660 473,648 473,647 434,647 433,648 431,648 430,647 376,647 375,648 350,648 349,647 280,647 278,647 277,648 160,648 159,649 159,650 159,650 158,649 156,649 155,648 138,648 136,647 136,645 137,644 137,620 135,618 135,617 137,615 139,615 140,616 162,616 163,618 163,626 164,626 176,626 177,627 220,627 220,627 220,619 222,617 223,617 224,616 225,616 226,615 259,615 260,614 261,614 262,613 265,613 267,616 267,626 268,626 306,626 306,626 306,625 307,624 309,624 309,625 309,627 310,627 371,627 372,626 376,626 377,625 387,625 388,624 389,625 435,625 435,625 435,623 436,622 436,623 436,624 437,624 487,624 488,623 489,623 489,624 489,627 492,630 492,631 493,632 493,635 494,635 548,635 548,635 548,631 550,629 550,620 553,617 605,617 606,616 608,616 609,615 668,615 669,614 672,614 673,615 675,615 676,616 727,616 728,615 729,615 730,614 733,614 733,615 733,624 734,624 753,624 754,625 788,625 789,626 835,626 835,626 835,616 836,615 837,615 838,616 856,616 856,617 856,619 857,620 857,625 858,625 879,625 880,626 886,626 887,627 896,627 897,628 898,628 900,631 900,637 901,638 901,643 902,643 909,643 910,644 912,644 912,645 912,647 911,648 911,649 908,652 907,651 906,651 905,650 893,650 892,649 879,649 878,650 878,662 878,662"/><TextEquiv index="1"><Unicode>En diſant ces mots, je baiſai le cordon.</Unicode></TextEquiv></TextLine><TextLine id="r2_l012"><Coords points="700,704 699,704 699,703 698,702 698,701 698,700 674,700 672,699 672,694 672,693 634,693 633,692 570,692 569,693 563,693 562,692 516,692 515,693 515,704 515,704 512,704 511,704 511,693 511,692 475,692 474,693 471,693 470,692 432,692 431,693 402,693 401,694 401,703 401,703 400,703 399,704 391,704 389,703 389,693 389,692 351,692 350,693 308,693 307,694 303,694 302,693 134,693 132,692 132,690 131,689 132,688 132,664 133,663 133,662 135,660 170,660 171,661 172,661 173,663 173,670 174,670 200,670 201,671 235,671 235,671 235,665 238,662 240,662 242,660 271,660 272,659 273,659 274,661 274,665 275,666 275,667 277,669 277,670 278,670 318,670 318,670 318,669 319,668 319,667 321,665 321,664 324,661 325,661 326,660 327,660 328,659 341,659 342,658 343,659 345,659 347,662 347,670 348,670 388,670 390,668 427,668 427,668 427,662 428,661 430,661 431,660 432,662 432,670 433,670 463,670 464,669 471,669 471,669 471,668 472,667 472,665 473,664 473,661 474,660 478,660 478,661 478,669 479,669 491,669 492,670 516,670 516,670 516,662 518,660 520,660 522,663 522,668 523,668 536,668 536,669 536,671 537,671 587,671 589,669 635,669 635,669 635,668 636,667 636,664 638,662 639,662 640,664 640,669 641,669 659,669 660,670 661,670 661,671 661,673 663,674 700,674 701,673 702,673 703,672 704,672 705,671 708,671 709,670 726,670 727,669 773,669 774,668 774,662 776,660 782,660 783,662 783,670 784,670 839,670 840,671 877,671 877,671 877,663 878,662 878,663 878,671 879,671 903,671 903,671 903,666 905,664 906,665 907,665 908,667 908,669 909,669 910,670 911,670 911,671 911,674 912,674 915,674 915,675 915,676 914,677 914,678 913,679 913,692 911,694 911,695 911,695 889,695 888,694 887,694 886,693 804,693 803,694 802,694 801,693 712,693 711,694 711,702 710,703 710,704 710,704"/><TextEquiv index="1"><Unicode>Mon hôteſſe qui étoit entrée, pendant cet</Unicode></TextEquiv></TextLine><TextLine id="r2_l013"><Coords points="843,751 842,751 842,740 842,739 841,739 840,738 839,738 838,737 779,737 778,738 777,738 776,739 758,739 757,738 683,738 682,739 681,738 576,738 575,737 526,737 525,738 368,738 367,739 339,739 338,740 338,748 337,749 329,749 328,748 327,748 326,748 326,746 326,745 303,745 301,744 301,739 301,738 221,738 220,739 206,739 205,740 205,744 205,744 204,744 203,744 203,740 203,739 184,739 183,740 182,740 181,739 144,739 143,738 140,738 139,737 138,737 136,736 136,735 133,732 133,721 137,717 139,717 140,716 182,716 183,717 230,717 231,716 232,716 233,715 241,715 241,715 241,708 243,706 244,706 245,705 246,706 247,706 248,708 248,715 249,715 272,715 273,714 276,714 276,715 276,716 277,716 339,716 340,715 359,715 360,714 369,714 370,713 371,714 408,714 408,714 408,708 410,706 429,706 430,705 431,705 432,704 448,704 449,705 510,705 511,704 516,704 516,705 516,715 517,715 532,715 533,714 578,714 579,713 579,711 580,710 580,709 584,705 585,705 586,704 602,704 603,705 604,705 604,706 604,708 605,709 605,715 606,715 658,715 658,715 658,708 661,705 668,705 668,706 668,715 669,715 725,715 725,715 725,707 726,706 727,706 728,705 729,706 730,706 731,708 731,716 732,716 765,716 766,717 813,717 814,716 815,716 816,715 818,715 819,714 850,714 851,713 851,712 852,711 852,709 854,707 873,707 874,706 876,706 877,707 909,707 910,709 910,712 911,713 910,714 910,739 908,741 907,741 906,742 905,741 904,741 903,740 871,740 870,739 847,739 846,740 846,751 846,751"/><TextEquiv index="1"><Unicode>entretien, paroiſſoit étouffer de rire. „Ah!</Unicode></TextEquiv></TextLine><TextLine id="r2_l014"><Coords points="360,795 360,784 359,782 337,782 326,782 324,784 273,784 272,783 221,783 208,783 207,784 175,784 174,785 174,793 173,794 168,794 167,795 164,795 161,793 161,785 161,784 136,784 134,783 134,781 135,780 135,762 136,761 145,761 146,760 147,761 197,761 199,759 225,759 225,759 225,755 227,753 228,753 229,752 232,752 233,751 253,751 254,750 255,750 256,749 259,749 259,750 259,760 260,760 295,760 296,759 319,759 319,759 319,758 320,757 320,754 323,751 325,751 325,752 325,754 326,755 326,769 327,769 355,769 355,769 355,768 357,766 357,765 359,763 359,762 361,760 382,760 383,759 392,759 392,759 392,753 393,752 396,752 398,750 401,750 401,751 401,760 402,760 417,760 417,761 417,763 418,763 450,763 451,762 454,762 455,761 464,761 465,760 465,759 467,757 467,755 468,754 468,753 470,751 471,751 472,750 475,750 476,749 477,750 480,750 482,753 482,763 483,763 531,763 532,762 533,762 534,761 537,761 539,759 561,759 562,758 587,758 587,758 587,754 589,752 592,752 594,750 600,750 601,749 601,748 602,747 606,747 607,748 608,748 609,750 609,757 610,757 640,757 640,758 640,759 641,759 659,759 661,762 661,763 662,763 663,763 664,764 665,764 665,765 665,772 666,772 711,772 711,772 711,764 713,762 721,762 721,762 721,754 724,751 726,751 727,750 733,750 735,752 741,752 742,754 742,755 743,756 743,761 744,761 792,761 792,761 792,754 793,753 795,753 796,752 807,752 808,751 810,751 811,753 811,760 812,760 826,760 827,761 828,761 829,762 830,762 830,763 830,764 831,765 831,766 832,767 832,769 833,770 833,774 834,774 841,774 841,774 841,752 842,751 844,751 844,752 844,774 845,774 875,774 875,774 875,767 880,762 905,762 905,762 905,761 906,760 906,759 908,757 909,757 909,758 909,766 910,766 914,766 914,767 914,776 917,779 917,780 917,780 911,780 910,781 910,784 909,785 909,786 909,786 905,786 904,785 859,785 858,786 858,788 856,790 856,791 856,791 854,791 853,792 852,792 851,793 850,793 849,793 849,786 849,785 823,785 822,784 738,784 737,783 690,783 689,784 689,786 688,787 688,788 687,789 687,790 686,791 683,791 681,790 681,784 681,783 624,783 623,784 620,784 619,783 583,783 582,784 559,784 558,783 455,783 454,784 453,784 452,783 387,783 386,784 362,784 361,785 361,795 361,795"/><TextEquiv index="1"><Unicode>“parbleu! cela eſt excellent, dit-elle, tu</Unicode></TextEquiv></TextLine><TextLine id="r2_l015"><Coords points="834,840 833,839 831,839 829,838 829,829 829,828 751,828 750,827 749,827 748,828 748,840 748,840 713,840 712,840 712,839 712,838 707,838 706,838 706,827 706,826 686,826 680,826 679,827 677,827 676,828 670,828 669,827 628,827 622,827 621,828 593,828 592,829 592,830 591,831 591,833 588,836 584,836 583,836 583,830 583,829 540,829 539,828 483,828 482,827 452,827 451,828 382,828 380,830 380,831 379,832 379,833 377,835 377,836 377,836 376,836 375,837 374,837 372,836 372,829 372,828 339,828 338,829 336,829 335,828 311,828 310,829 310,838 309,839 303,839 302,840 300,840 297,838 297,829 297,828 254,828 253,829 251,829 250,828 203,828 202,829 198,829 197,828 141,828 140,829 137,829 135,828 135,813 136,812 136,808 137,807 144,807 145,806 169,806 170,807 200,807 200,807 200,805 201,804 227,804 227,804 227,802 231,798 231,797 234,794 236,794 237,793 241,793 244,796 262,796 263,798 263,807 264,807 308,807 309,806 310,806 312,804 331,804 332,803 333,805 333,806 334,806 351,806 351,807 351,808 353,810 353,817 354,817 360,817 360,817 360,796 361,795 364,795 364,796 364,817 365,817 374,817 375,819 375,820 377,821 404,821 404,821 404,799 406,797 427,797 428,798 430,798 432,800 433,800 435,802 446,802 446,802 446,796 448,794 449,794 449,795 449,802 450,802 464,802 465,804 465,806 466,806 501,806 502,805 508,805 508,805 508,799 510,797 511,797 512,796 513,796 514,795 542,795 542,795 542,794 544,792 546,792 547,794 547,807 548,807 561,807 562,808 564,808 565,809 566,809 569,812 572,812 572,813 572,816 573,817 573,820 574,820 613,820 613,820 613,809 614,808 616,808 616,808 616,800 619,797 627,797 628,796 630,796 631,795 632,795 633,797 633,798 634,799 634,805 635,805 659,805 660,806 681,806 682,807 716,807 717,806 730,806 731,805 736,805 736,805 736,803 737,802 737,801 738,800 738,801 738,802 739,802 740,802 740,803 740,804 742,805 747,805 749,807 794,807 794,807 794,799 795,798 796,798 797,797 800,797 801,796 804,796 804,797 804,798 805,799 805,805 806,805 835,805 837,807 860,807 861,808 902,808 903,807 909,807 909,807 909,806 910,805 918,805 918,806 918,809 918,809 917,809 916,810 916,813 915,814 915,815 911,819 911,821 910,822 910,828 908,830 899,830 898,829 841,829 840,830 840,838 840,838 838,838 837,839 836,839 835,840"/><TextEquiv index="1"><Unicode>“ne ſais pas, Dorothée, il te prend pour</Unicode></TextEquiv></TextLine><TextLine id="r2_l016"><Coords points="751,883 751,877 751,876 690,876 687,879 684,879 683,879 683,874 683,873 660,873 659,872 611,872 610,873 609,872 555,872 554,873 551,873 550,872 501,872 499,874 498,874 497,873 443,873 442,874 441,874 440,873 397,873 381,873 380,874 379,874 378,873 377,873 376,872 318,872 316,874 247,874 246,873 200,873 199,874 187,874 186,875 143,875 142,876 142,877 142,877 141,877 140,878 140,879 139,880 138,880 137,880 137,875 136,874 136,857 137,856 137,853 138,852 147,852 148,851 164,851 164,851 164,844 165,843 167,843 168,842 169,842 170,841 171,841 172,840 174,843 174,850 175,850 193,850 195,852 242,852 242,852 242,841 243,840 261,840 263,843 263,850 264,850 302,850 303,849 304,849 305,851 305,853 307,855 307,856 308,857 308,860 309,861 309,864 310,864 354,864 355,863 355,862 356,861 357,861 357,862 357,863 358,864 358,865 359,865 403,865 403,865 403,844 404,843 404,842 405,841 411,841 412,842 470,842 471,841 529,841 530,840 534,840 534,841 534,850 535,850 552,850 553,851 599,851 601,849 618,849 619,848 619,843 622,840 623,840 624,841 625,841 625,842 625,848 626,848 644,848 645,849 646,849 647,850 655,850 656,851 663,851 664,852 666,852 668,855 668,856 669,857 669,861 670,861 715,861 715,861 715,854 718,851 720,851 721,850 722,850 724,848 724,847 725,846 741,846 741,846 741,843 742,842 742,841 743,840 747,840 748,842 748,850 749,850 828,850 828,850 828,844 830,842 832,842 833,841 847,841 848,842 888,842 889,841 890,843 890,851 891,851 917,851 917,852 917,868 918,869 917,870 915,870 914,871 914,872 912,874 912,875 911,876 900,876 899,875 884,875 883,874 836,874 835,873 763,873 762,874 762,882 761,883 754,883 753,884"/><TextEquiv index="1"><Unicode>“la reine. -- Moi! la relne, répondit la</Unicode></TextEquiv></TextLine><TextLine id="r2_l017"><Coords points="271,932 271,927 270,926 270,920 270,919 183,919 182,920 169,920 168,921 166,921 165,920 137,920 136,920 136,898 137,897 146,897 147,896 163,896 163,896 163,891 165,889 167,889 168,888 170,888 171,887 214,887 215,886 215,885 217,883 218,884 219,884 220,885 231,885 231,886 231,893 232,894 232,897 233,897 249,897 250,898 251,898 251,899 251,900 253,902 253,904 254,905 254,910 255,910 300,910 300,910 300,909 301,908 301,903 302,902 302,901 304,899 305,899 306,898 310,898 310,898 310,888 311,887 312,887 313,886 315,886 316,885 319,885 319,886 319,889 320,889 331,889 333,892 333,893 334,893 371,893 372,895 372,897 373,897 420,897 420,897 420,888 421,887 425,887 425,888 425,896 426,896 469,896 470,895 531,895 532,894 532,893 533,892 533,891 534,890 534,889 539,884 546,884 547,886 547,888 548,889 548,894 549,894 557,894 558,895 606,895 606,895 606,894 607,893 607,890 608,889 608,888 609,887 609,886 610,885 618,885 621,889 621,892 622,893 622,894 623,894 632,894 633,895 681,895 681,895 681,887 683,885 685,885 687,888 687,895 688,895 702,895 703,894 714,894 715,893 723,893 724,892 726,892 727,893 732,893 733,894 738,894 739,895 740,895 744,900 744,908 745,908 790,908 790,908 790,905 791,904 791,902 794,899 795,899 796,898 797,898 798,897 810,897 810,897 810,891 811,890 811,889 812,888 813,888 814,887 816,887 817,886 819,886 820,887 856,887 857,888 888,888 889,889 890,889 891,891 891,895 892,895 906,895 907,896 916,896 916,897 916,911 917,912 917,915 917,915 914,915 912,917 912,918 909,921 889,921 888,922 888,924 885,927 885,928 885,928 883,928 881,927 881,921 881,920 853,920 851,918 769,918 766,921 766,922 765,923 764,923 762,925 759,925 758,925 758,924 757,923 757,919 757,918 737,918 736,917 619,917 618,918 615,918 614,917 563,917 562,918 474,918 473,917 427,917 426,918 312,918 311,919 280,919 278,921 278,922 275,925 274,925 272,927 272,932 272,932"/><TextEquiv index="1"><Unicode>“belle, d'un air confus &amp; riant, oh! je</Unicode></TextEquiv></TextLine><TextLine id="r2_l018"><Coords points="224,975 222,974 222,967 222,966 140,966 139,965 138,965 137,965 137,946 136,944 135,944 134,944 135,943 147,943 148,942 268,942 268,942 268,936 269,935 269,934 271,932 447,932 448,931 564,931 565,930 567,930 568,929 766,929 769,926 771,926 772,927 803,927 804,929 804,930 805,930 807,930 807,931 807,932 808,932 891,932 891,933 891,938 892,939 892,941 893,941 916,941 916,942 916,957 917,957 918,957 919,959 917,961 916,961 915,962 915,964 913,966 912,966 911,967 909,967 908,966 898,966 897,965 871,965 870,964 852,964 851,963 511,963 510,964 428,964 427,965 427,973 425,975"/><TextEquiv index="1"><Unicode>“ne puis m'empêcher d'en rire. Mals cela</Unicode></TextEquiv></TextLine><TextLine id="r2_l019"><Coords points="866,1023 865,1023 865,1014 865,1013 642,1013 640,1015 640,1016 638,1018 567,1018 566,1019 564,1019 563,1020 560,1020 559,1019 555,1019 554,1019 554,1017 554,1016 487,1016 486,1015 483,1015 482,1014 480,1014 479,1013 476,1013 475,1012 472,1012 471,1011 179,1011 178,1010 141,1010 138,1008 139,1007 139,996 140,995 140,994 143,991 145,991 146,990 150,990 150,990 150,989 151,988 153,988 154,987 193,987 193,987 193,985 194,984 194,983 195,982 195,981 199,977 201,977 202,976 225,976 226,975 254,975 255,976 741,976 742,975 744,975 745,974 760,974 761,973 762,974 763,974 765,976 841,976 841,977 841,978 842,978 900,978 900,979 900,980 902,982 902,983 903,984 903,985 905,987 905,990 906,990 912,990 913,992 913,1001 914,1001 916,1001 918,1004 918,1006 918,1006 914,1006 913,1007 913,1011 912,1012 911,1012 910,1013 872,1013 871,1014 871,1023 871,1023"/><TextEquiv index="1"><Unicode>“eſt donc bien vrai que je reſſemble à</Unicode></TextEquiv></TextLine><TextLine id="r2_l020"><Coords points="905,1066 904,1065 903,1065 902,1065 902,1057 902,1056 847,1056 846,1055 770,1055 769,1054 749,1054 748,1053 682,1053 681,1054 676,1054 675,1053 666,1053 665,1052 630,1052 614,1052 613,1053 565,1053 564,1054 530,1054 529,1053 446,1053 445,1054 445,1063 444,1064 443,1064 442,1064 442,1054 442,1053 426,1053 425,1054 424,1054 423,1055 422,1055 421,1054 299,1054 297,1056 297,1057 296,1058 296,1059 295,1060 295,1061 294,1062 290,1062 289,1062 289,1055 289,1054 196,1054 195,1055 140,1055 137,1053 138,1052 138,1051 139,1050 139,1041 140,1040 140,1039 141,1038 142,1038 144,1036 151,1036 151,1036 151,1035 152,1034 152,1033 154,1031 167,1031 168,1030 168,1029 169,1028 169,1027 170,1026 171,1026 173,1024 224,1024 224,1024 224,1023 225,1022 257,1022 258,1023 261,1023 262,1025 262,1033 263,1033 325,1033 326,1032 338,1032 339,1031 387,1031 387,1031 387,1030 389,1028 391,1028 392,1029 400,1029 401,1031 401,1032 402,1032 446,1032 446,1032 446,1023 447,1022 448,1022 449,1021 450,1021 451,1020 453,1020 453,1021 453,1022 454,1022 464,1022 465,1023 466,1023 467,1025 467,1027 468,1028 468,1032 469,1032 507,1032 509,1030 518,1030 519,1031 562,1031 563,1030 591,1030 591,1030 591,1023 592,1022 593,1022 594,1021 595,1021 596,1020 599,1020 600,1021 611,1021 612,1023 612,1030 613,1030 651,1030 652,1029 653,1029 653,1029 653,1023 654,1022 658,1022 659,1021 660,1021 662,1019 666,1019 667,1021 667,1027 668,1028 668,1031 669,1031 713,1031 714,1030 715,1030 716,1029 718,1029 719,1030 736,1030 737,1031 747,1031 748,1032 759,1032 760,1033 773,1033 774,1034 824,1034 824,1034 824,1030 825,1029 825,1027 826,1026 827,1026 830,1023 870,1023 870,1024 870,1035 871,1035 883,1035 886,1039 886,1048 887,1048 917,1048 918,1050 918,1051 917,1052 916,1052 915,1053 915,1054 914,1055 914,1059 912,1061 912,1062 910,1064 909,1064 908,1065 907,1065 906,1066"/><TextEquiv index="1"><Unicode>“S. M.; on me l'a tant dit de tous côtés,</Unicode></TextEquiv></TextLine><TextLine id="r2_l021"><Coords points="859,1113 857,1112 857,1102 857,1101 827,1101 826,1102 825,1102 824,1101 794,1101 793,1102 793,1110 792,1111 782,1111 780,1110 780,1101 779,1099 778,1099 777,1098 776,1098 775,1097 743,1097 741,1099 740,1099 739,1100 734,1100 733,1099 686,1099 685,1098 650,1098 649,1097 618,1097 617,1098 599,1098 598,1099 584,1099 583,1098 582,1098 580,1096 550,1096 547,1099 540,1099 539,1098 510,1098 509,1099 509,1109 508,1110 499,1110 497,1109 497,1100 497,1099 467,1099 466,1100 465,1099 463,1099 462,1098 432,1098 431,1099 430,1099 429,1100 429,1108 428,1109 428,1110 428,1110 420,1110 418,1109 418,1100 418,1099 379,1099 378,1100 377,1099 326,1099 325,1098 270,1098 269,1099 269,1102 268,1103 268,1104 266,1106 266,1107 264,1109 262,1108 262,1084 262,1083 249,1083 248,1084 248,1111 248,1111 242,1111 241,1111 241,1084 241,1083 235,1083 234,1084 234,1086 233,1087 233,1094 232,1095 232,1097 232,1097 231,1097 229,1099 228,1099 227,1100 226,1100 225,1101 224,1101 222,1099 192,1099 191,1100 191,1109 190,1110 186,1110 185,1111 180,1111 178,1110 178,1101 178,1100 140,1100 139,1100 139,1099 140,1098 140,1079 142,1077 143,1078 227,1078 228,1079 233,1079 234,1080 261,1080 261,1080 261,1076 262,1075 264,1075 264,1075 264,1069 267,1066 268,1066 268,1067 268,1068 270,1069 313,1069 313,1069 313,1068 315,1066 317,1066 318,1065 324,1065 325,1067 325,1068 326,1069 326,1074 327,1074 341,1074 342,1075 372,1075 373,1074 374,1074 374,1074 374,1071 375,1070 375,1069 377,1067 380,1067 381,1069 381,1077 382,1077 419,1077 419,1077 419,1076 420,1075 479,1075 480,1074 480,1073 482,1071 482,1070 485,1067 486,1067 487,1066 488,1066 489,1065 493,1065 494,1066 496,1066 496,1067 496,1075 497,1075 524,1075 524,1075 524,1074 525,1073 526,1073 526,1074 526,1076 527,1076 546,1076 547,1077 549,1077 549,1078 549,1079 550,1079 581,1079 582,1078 584,1078 585,1077 588,1077 590,1075 604,1075 606,1077 613,1077 614,1079 614,1080 616,1081 646,1081 648,1079 649,1079 650,1078 651,1078 652,1077 700,1077 700,1077 700,1071 701,1070 701,1067 702,1066 705,1066 706,1068 706,1075 707,1075 722,1075 724,1077 742,1077 742,1078 742,1079 743,1079 773,1079 774,1078 781,1078 782,1077 835,1077 835,1077 835,1072 837,1070 838,1070 840,1068 844,1068 844,1069 844,1077 845,1077 884,1077 885,1076 886,1076 887,1077 907,1077 908,1079 908,1083 910,1084 911,1084 912,1085 913,1085 913,1086 913,1088 914,1089 914,1094 917,1097 917,1097 913,1097 912,1098 912,1100 910,1102 909,1102 908,1103 907,1103 906,1104 905,1103 900,1103 898,1101 870,1101 869,1102 869,1110 868,1111 868,1112 868,1112 863,1112 862,1113"/><TextEquiv index="1"><Unicode>“que j'oſerois preſque en croire quelque</Unicode></TextEquiv></TextLine><TextLine id="r2_l022"><Coords points="761,1157 760,1156 697,1156 696,1156 696,1154 696,1153 578,1153 576,1152 576,1146 576,1145 143,1145 142,1146 139,1146 137,1145 138,1144 138,1124 139,1123 185,1123 185,1123 185,1117 188,1114 189,1114 190,1113 191,1113 192,1112 239,1112 240,1111 386,1111 387,1110 647,1110 649,1112 708,1112 709,1113 862,1113 863,1114 864,1114 865,1115 866,1115 866,1116 866,1121 867,1121 917,1121 918,1123 918,1141 918,1141 913,1141 912,1142 912,1145 911,1146 911,1147 911,1147 824,1147 823,1148 823,1157 823,1157"/><TextEquiv index="1"><Unicode>“choſe. Si cela eſt vrai, elle devroit bien</Unicode></TextEquiv></TextLine><TextLine id="r2_l023"><Coords points="780,1202 779,1202 779,1191 779,1190 745,1190 744,1191 744,1199 743,1200 734,1200 732,1199 732,1190 732,1189 697,1189 696,1188 631,1188 630,1189 624,1189 623,1188 588,1188 587,1189 587,1190 586,1191 586,1192 585,1193 585,1194 584,1195 583,1195 582,1196 581,1196 580,1197 579,1197 577,1196 577,1188 577,1187 548,1187 547,1188 545,1188 544,1189 539,1189 538,1188 517,1188 498,1188 497,1189 400,1189 398,1191 386,1191 385,1190 317,1190 316,1189 283,1189 282,1190 265,1190 264,1189 220,1189 219,1190 218,1190 217,1191 214,1191 213,1190 145,1190 143,1192 142,1191 141,1191 140,1191 141,1190 141,1174 142,1173 142,1170 143,1169 150,1169 151,1168 153,1168 154,1167 187,1167 188,1168 246,1168 246,1168 246,1166 247,1165 249,1165 250,1164 250,1163 252,1161 252,1160 254,1158 255,1158 257,1156 258,1156 259,1155 264,1155 266,1157 286,1157 287,1159 287,1166 288,1166 299,1166 300,1167 312,1167 313,1168 348,1168 349,1167 350,1167 351,1166 352,1166 352,1167 352,1168 353,1168 373,1168 374,1169 427,1169 427,1169 427,1167 429,1165 429,1163 432,1160 432,1159 434,1157 435,1157 436,1156 443,1156 445,1159 445,1165 446,1165 461,1165 462,1166 526,1166 527,1167 544,1167 545,1168 546,1168 547,1169 548,1169 548,1170 548,1171 550,1173 550,1183 551,1183 578,1183 579,1182 580,1182 581,1181 614,1181 614,1181 614,1175 615,1174 615,1173 616,1172 616,1165 617,1164 617,1160 620,1157 621,1157 622,1156 626,1156 627,1157 628,1157 631,1161 631,1167 632,1167 672,1167 673,1166 695,1166 695,1166 695,1157 696,1156 696,1157 696,1166 697,1166 705,1166 707,1168 759,1168 759,1168 759,1160 760,1159 760,1158 761,1157 762,1157 762,1158 762,1163 763,1164 763,1168 764,1168 767,1168 768,1169 781,1169 782,1170 811,1170 811,1170 811,1162 812,1161 812,1160 813,1159 815,1159 817,1157 823,1157 823,1158 823,1159 824,1159 869,1159 870,1158 885,1158 887,1161 887,1167 888,1167 917,1167 917,1168 917,1170 916,1171 916,1185 916,1185 910,1185 909,1186 909,1190 908,1191 908,1192 908,1192 885,1192 884,1191 828,1191 827,1190 785,1190 784,1191 784,1202 784,1202"/><TextEquiv index="1"><Unicode>“me faire ma fortune, &amp; ne pas laiſſer</Unicode></TextEquiv></TextLine><TextLine id="r2_l024"><Coords points="226,1247 225,1246 224,1246 223,1246 223,1245 221,1243 221,1238 221,1237 140,1237 139,1237 139,1236 138,1235 139,1234 139,1220 140,1219 140,1215 141,1214 150,1214 151,1213 166,1213 166,1213 166,1206 167,1205 167,1203 168,1202 169,1202 171,1200 459,1200 460,1199 462,1199 463,1198 464,1199 608,1199 611,1202 785,1202 785,1203 785,1209 786,1209 810,1209 811,1210 813,1210 815,1212 916,1212 916,1213 916,1228 917,1229 917,1230 917,1230 916,1230 915,1231 892,1231 891,1232 891,1234 890,1235 888,1235 887,1236 851,1236 850,1237 850,1238 849,1239 849,1246 849,1246 839,1246 838,1245 238,1245 237,1246 235,1246 234,1247"/><TextEquiv index="1"><Unicode>“languir dans l'état de ſervante une per-</Unicode></TextEquiv></TextLine><TextLine id="r2_l025"><Coords points="302,1291 301,1290 298,1290 296,1289 296,1280 296,1279 261,1279 260,1280 259,1280 258,1281 257,1281 256,1280 207,1280 206,1281 146,1281 145,1282 142,1282 140,1281 140,1261 142,1259 151,1259 152,1258 173,1258 173,1258 173,1255 174,1254 174,1253 175,1252 175,1251 177,1249 178,1249 179,1248 181,1248 182,1247 187,1247 188,1249 188,1250 189,1251 189,1257 190,1257 225,1257 226,1256 229,1256 231,1258 240,1258 241,1259 292,1259 293,1258 303,1258 303,1258 303,1253 304,1252 334,1252 334,1252 334,1249 336,1247 337,1248 339,1248 340,1250 340,1260 341,1260 371,1260 372,1259 375,1259 376,1258 378,1258 381,1262 381,1265 382,1265 407,1265 407,1265 407,1251 408,1250 408,1249 410,1247 412,1247 413,1246 440,1246 440,1247 440,1248 441,1249 441,1255 442,1255 451,1255 451,1256 451,1257 452,1257 485,1257 486,1256 512,1256 513,1255 515,1255 515,1256 515,1257 516,1257 530,1257 530,1257 530,1246 531,1245 532,1245 532,1246 532,1257 533,1257 550,1257 551,1256 568,1256 569,1257 600,1257 600,1257 600,1256 601,1255 610,1255 610,1255 610,1247 612,1245 618,1245 618,1246 618,1250 619,1251 619,1255 620,1256 620,1257 621,1257 663,1257 663,1257 663,1254 664,1253 665,1253 667,1255 758,1255 759,1254 762,1254 763,1256 763,1257 764,1257 794,1257 795,1256 795,1255 796,1254 796,1252 802,1246 803,1246 804,1245 810,1245 811,1246 812,1246 813,1248 813,1258 814,1258 815,1258 816,1259 819,1259 820,1260 851,1260 852,1259 852,1258 853,1257 883,1257 884,1256 885,1256 885,1256 885,1255 891,1249 892,1249 893,1248 895,1248 896,1247 898,1247 899,1248 901,1248 901,1249 901,1251 902,1252 902,1257 903,1257 917,1257 917,1258 917,1259 918,1260 918,1276 918,1276 906,1276 905,1277 894,1277 893,1278 893,1280 892,1281 871,1281 870,1280 869,1280 868,1279 823,1279 822,1280 818,1280 817,1279 808,1279 807,1278 793,1278 792,1277 762,1277 761,1278 749,1278 748,1279 742,1279 741,1278 727,1278 726,1277 694,1277 693,1278 674,1278 673,1279 673,1287 672,1288 665,1288 664,1289 661,1287 661,1279 661,1278 631,1278 630,1277 607,1277 606,1276 605,1276 601,1273 601,1272 600,1270 573,1270 572,1271 572,1276 571,1277 568,1277 567,1278 535,1278 534,1279 526,1279 525,1278 468,1278 467,1279 465,1279 464,1280 463,1280 462,1279 384,1279 382,1281 372,1281 371,1280 309,1280 308,1281 308,1289 307,1290 304,1290 303,1291"/><TextEquiv index="1"><Unicode>“ſonne qui a l'honneur de porter ſa reſ-</Unicode></TextEquiv></TextLine><TextLine id="r2_l026"><Coords points="474,1336 473,1336 473,1325 473,1324 428,1324 427,1325 344,1325 343,1326 339,1326 338,1325 322,1325 321,1324 288,1324 287,1325 250,1325 249,1326 145,1326 144,1327 140,1327 139,1327 139,1325 140,1324 140,1307 141,1306 141,1305 142,1304 149,1304 150,1303 171,1303 171,1303 171,1302 172,1301 172,1300 173,1299 173,1298 179,1292 180,1292 181,1291 182,1291 183,1290 184,1290 185,1291 187,1291 188,1293 188,1301 189,1301 192,1301 193,1302 225,1302 226,1301 234,1301 234,1301 234,1297 236,1295 238,1295 239,1294 260,1294 263,1291 265,1291 265,1292 265,1301 266,1301 295,1301 296,1302 304,1302 305,1303 324,1303 325,1304 344,1304 345,1305 368,1305 368,1305 368,1297 369,1296 369,1294 370,1293 432,1293 433,1292 436,1292 437,1294 437,1303 438,1303 469,1303 469,1303 469,1301 470,1300 470,1301 470,1302 471,1302 507,1302 508,1303 545,1303 546,1302 548,1302 550,1300 552,1300 552,1300 552,1294 554,1292 555,1292 556,1291 558,1291 559,1290 561,1290 562,1291 572,1291 573,1293 573,1301 574,1301 607,1301 607,1301 607,1296 608,1295 608,1293 609,1292 613,1292 614,1294 614,1301 615,1301 630,1301 631,1302 650,1302 650,1302 650,1293 651,1292 651,1291 652,1290 656,1290 657,1291 658,1291 661,1294 662,1294 662,1295 662,1300 663,1301 663,1302 664,1302 702,1302 702,1302 702,1293 703,1292 705,1292 706,1291 707,1291 708,1290 711,1290 712,1291 767,1291 768,1293 768,1302 769,1302 802,1302 802,1302 802,1300 804,1298 819,1298 820,1300 820,1303 822,1304 839,1304 840,1305 872,1305 873,1304 885,1304 885,1304 885,1303 886,1302 887,1302 888,1304 888,1305 889,1305 916,1305 917,1304 917,1305 917,1321 917,1321 914,1321 913,1322 913,1323 911,1325 911,1326 910,1327 909,1327 908,1328 900,1328 899,1327 885,1327 884,1326 835,1326 834,1325 766,1325 763,1328 763,1329 759,1333 759,1334 759,1334 757,1333 757,1325 757,1324 737,1324 736,1323 702,1323 701,1324 700,1324 699,1323 688,1323 685,1320 657,1320 654,1323 629,1323 628,1324 612,1324 611,1325 611,1326 609,1328 609,1329 607,1331 605,1331 604,1331 604,1324 604,1323 575,1323 574,1324 562,1324 561,1323 527,1323 526,1324 491,1324 490,1325 490,1333 489,1334 487,1334 486,1335 478,1335 477,1336"/><TextEquiv index="1"><Unicode>“ſemblance. Mais que dis-je? ah! je ne me</Unicode></TextEquiv></TextLine><TextLine id="r2_l027"><Coords points="315,1382 314,1381 295,1381 294,1380 293,1380 291,1379 291,1371 291,1370 285,1370 242,1370 241,1371 222,1371 221,1372 219,1372 218,1371 183,1371 182,1372 182,1381 182,1381 178,1381 177,1382 171,1382 170,1381 169,1381 168,1381 168,1374 168,1373 142,1373 140,1372 140,1370 141,1369 141,1350 142,1349 151,1349 152,1348 154,1348 155,1349 191,1349 191,1349 191,1342 194,1339 196,1339 197,1338 200,1338 201,1339 230,1339 231,1341 231,1349 232,1349 261,1349 262,1348 266,1348 267,1349 297,1349 298,1348 322,1348 323,1347 324,1348 346,1348 347,1350 347,1353 348,1353 376,1353 376,1353 376,1352 377,1351 377,1349 378,1348 384,1348 384,1348 384,1340 387,1337 389,1337 390,1336 392,1336 393,1338 393,1340 394,1341 394,1346 395,1346 402,1346 402,1347 402,1348 403,1348 411,1348 413,1350 439,1350 439,1350 439,1340 441,1338 442,1338 443,1337 473,1337 474,1336 477,1336 477,1337 477,1338 478,1339 478,1344 479,1344 490,1344 492,1346 519,1346 522,1349 552,1349 553,1348 557,1348 557,1348 557,1339 559,1337 561,1337 562,1336 563,1336 564,1335 565,1336 566,1336 566,1337 566,1343 567,1344 567,1347 568,1347 614,1347 614,1347 614,1346 615,1345 615,1344 616,1343 616,1342 617,1341 617,1340 622,1335 623,1335 624,1334 630,1334 631,1336 631,1346 632,1346 652,1346 653,1345 694,1345 695,1346 729,1346 731,1348 747,1348 748,1349 750,1349 751,1350 801,1350 801,1350 801,1343 802,1342 802,1340 804,1338 806,1338 807,1339 808,1339 808,1340 808,1342 809,1343 809,1347 810,1347 827,1347 829,1349 860,1349 861,1348 873,1348 873,1348 873,1344 875,1342 903,1342 904,1341 906,1341 907,1340 908,1341 910,1341 910,1342 910,1343 911,1344 911,1370 912,1370 915,1370 916,1372 915,1373 911,1373 910,1374 909,1373 886,1373 885,1372 884,1372 883,1371 825,1371 824,1372 807,1372 806,1373 806,1374 801,1379 800,1379 799,1379 799,1370 799,1369 774,1369 773,1370 741,1370 740,1369 685,1369 684,1368 639,1368 638,1369 631,1369 630,1368 586,1368 585,1369 584,1369 583,1370 581,1370 580,1369 557,1369 556,1368 554,1368 553,1367 524,1367 523,1368 522,1368 521,1369 512,1369 511,1370 507,1370 506,1369 476,1369 475,1370 441,1370 440,1369 411,1369 410,1370 393,1370 392,1369 381,1369 378,1366 377,1366 376,1365 348,1365 346,1367 346,1368 344,1370 333,1370 332,1371 322,1371 321,1372 321,1382 321,1382"/><TextEquiv index="1"><Unicode>“plains pas de l'état de ſervante: je n'ai</Unicode></TextEquiv></TextLine><TextLine id="r2_l028"><Coords points="171,1427 169,1426 169,1415 169,1414 145,1414 144,1414 144,1413 143,1412 143,1402 142,1401 142,1399 143,1398 144,1398 146,1396 151,1396 151,1396 151,1395 152,1394 153,1394 155,1392 172,1392 172,1392 172,1388 173,1387 174,1387 175,1386 176,1386 177,1387 178,1387 178,1388 178,1389 179,1390 179,1395 180,1395 225,1395 226,1394 246,1394 247,1393 257,1393 258,1392 258,1385 259,1384 260,1384 261,1383 264,1383 264,1384 264,1385 265,1386 265,1394 266,1394 312,1394 312,1394 312,1392 313,1391 313,1383 314,1382 347,1382 347,1382 347,1381 348,1380 349,1380 350,1379 351,1379 354,1382 426,1382 426,1383 426,1388 428,1390 428,1391 429,1392 429,1393 430,1393 488,1393 489,1392 490,1392 491,1391 543,1391 543,1391 543,1389 545,1387 545,1386 547,1384 548,1384 549,1383 550,1383 551,1382 556,1382 557,1383 558,1383 558,1384 558,1393 559,1393 635,1393 636,1392 670,1392 671,1391 671,1390 672,1389 673,1389 673,1390 673,1392 674,1392 681,1392 682,1393 683,1393 684,1395 684,1400 685,1401 685,1406 686,1406 735,1406 735,1406 735,1401 736,1400 736,1397 737,1396 738,1396 739,1395 740,1395 742,1393 747,1393 747,1393 747,1390 748,1389 749,1391 749,1392 750,1392 786,1392 788,1394 848,1394 848,1394 848,1393 849,1392 854,1392 854,1392 854,1389 856,1387 857,1387 858,1386 859,1386 860,1385 863,1385 863,1386 863,1391 865,1392 910,1392 910,1393 910,1396 911,1396 914,1396 914,1397 914,1401 913,1402 913,1403 912,1404 912,1405 912,1405 909,1405 908,1406 908,1416 907,1417 907,1418 907,1418 884,1418 883,1417 844,1417 843,1416 842,1416 841,1415 711,1415 709,1417 709,1419 707,1421 706,1421 705,1422 704,1422 703,1423 702,1423 700,1422 700,1414 700,1413 658,1413 656,1415 655,1415 654,1414 596,1414 595,1415 566,1415 565,1416 562,1416 561,1415 469,1415 468,1416 467,1416 466,1415 350,1415 349,1416 343,1416 342,1415 255,1415 254,1416 200,1416 199,1417 178,1417 177,1418 177,1419 176,1420 176,1421 175,1422 175,1423 174,1424 174,1425 172,1427"/><TextEquiv index="1"><Unicode>“jamais été ſi heureuſe: non, mon cher</Unicode></TextEquiv></TextLine><TextLine id="r2_l029"><Coords points="411,1472 410,1471 406,1471 405,1471 405,1470 404,1469 404,1462 404,1461 373,1461 372,1460 335,1460 334,1461 334,1470 333,1471 326,1471 324,1470 324,1469 324,1468 298,1468 297,1468 297,1462 297,1461 230,1461 229,1462 147,1462 146,1463 143,1463 142,1463 142,1461 141,1460 142,1459 142,1441 144,1439 177,1439 179,1437 181,1437 181,1438 181,1439 182,1439 213,1439 214,1438 222,1438 223,1437 223,1436 225,1434 225,1431 226,1430 226,1429 228,1427 229,1428 230,1428 231,1430 231,1433 232,1434 232,1435 233,1436 233,1437 234,1437 271,1437 273,1435 275,1435 275,1436 275,1439 276,1439 277,1439 278,1440 279,1440 281,1443 281,1451 282,1451 323,1451 323,1451 323,1442 325,1440 326,1440 327,1439 328,1439 329,1438 334,1438 335,1437 360,1437 361,1436 372,1436 372,1436 372,1431 374,1429 375,1429 376,1428 392,1428 393,1427 395,1427 396,1426 399,1426 401,1428 402,1428 402,1429 402,1437 403,1437 423,1437 424,1436 436,1436 436,1437 436,1438 437,1438 473,1438 473,1438 473,1432 476,1429 485,1429 485,1429 485,1428 486,1427 547,1427 548,1429 548,1438 549,1438 608,1438 608,1438 608,1430 610,1428 611,1428 612,1427 613,1427 614,1426 616,1426 617,1427 664,1427 665,1426 668,1426 669,1427 671,1427 672,1429 672,1438 673,1438 688,1438 689,1439 717,1439 717,1439 717,1430 718,1429 719,1429 720,1428 722,1428 723,1427 724,1427 725,1429 725,1430 726,1431 726,1436 727,1436 733,1436 734,1437 743,1437 744,1438 806,1438 807,1437 808,1437 809,1436 858,1436 859,1435 859,1434 862,1431 863,1431 865,1429 868,1429 869,1428 870,1428 871,1429 873,1429 874,1431 874,1442 875,1442 900,1442 901,1443 902,1443 903,1445 903,1449 904,1449 912,1449 913,1450 914,1450 918,1455 918,1456 918,1456 917,1456 916,1457 914,1457 913,1458 897,1458 896,1459 896,1462 896,1462 879,1462 878,1463 873,1463 872,1462 834,1462 833,1461 828,1461 827,1460 793,1460 792,1461 791,1461 790,1460 789,1460 788,1459 743,1459 741,1461 741,1463 740,1464 735,1464 734,1463 733,1463 732,1463 732,1461 732,1460 716,1460 715,1459 669,1459 668,1460 638,1460 637,1461 636,1461 635,1460 597,1460 596,1461 596,1470 596,1470 586,1470 584,1469 584,1462 584,1461 558,1461 557,1460 518,1460 512,1460 511,1461 478,1461 477,1462 477,1463 476,1464 476,1465 475,1466 475,1467 474,1468 474,1469 472,1471 470,1470 470,1462 470,1461 447,1461 446,1460 417,1460 416,1461 416,1471 416,1471 415,1471 414,1472"/><TextEquiv index="1"><Unicode>“maître, puiſque j'ai le plaiſir de vous ſer-</Unicode></TextEquiv></TextLine><TextLine id="r2_l030"><Coords points="829,1518 827,1517 827,1506 827,1505 752,1505 751,1504 695,1504 694,1505 682,1505 681,1506 654,1506 653,1505 631,1505 630,1506 630,1512 630,1512 628,1512 627,1512 627,1506 627,1505 582,1505 581,1506 581,1515 581,1515 572,1515 570,1514 570,1505 570,1504 545,1504 543,1506 480,1506 479,1507 479,1508 479,1508 466,1508 465,1509 465,1512 464,1513 464,1514 462,1516 461,1516 460,1517 459,1517 458,1518 450,1518 445,1514 445,1507 445,1506 371,1506 370,1505 345,1505 342,1505 341,1506 340,1505 281,1505 280,1506 264,1506 261,1509 261,1512 258,1515 257,1514 233,1514 231,1513 231,1507 231,1506 198,1506 197,1507 194,1507 193,1506 180,1506 179,1505 149,1505 147,1507 143,1507 142,1507 142,1491 143,1490 143,1486 144,1485 153,1485 154,1484 155,1485 192,1485 192,1485 192,1477 194,1475 198,1475 198,1476 198,1485 199,1485 209,1485 210,1486 217,1486 218,1488 218,1489 219,1490 219,1498 220,1498 254,1498 254,1498 254,1484 256,1482 257,1482 258,1481 258,1476 259,1475 262,1475 263,1476 264,1476 264,1477 264,1478 265,1479 265,1485 266,1485 309,1485 309,1485 309,1483 310,1482 342,1482 343,1481 346,1481 346,1482 346,1485 347,1485 381,1485 381,1485 381,1478 382,1477 382,1476 383,1475 384,1475 385,1474 386,1474 387,1473 390,1473 390,1474 390,1480 391,1480 436,1480 437,1481 449,1481 449,1482 449,1483 450,1483 464,1483 465,1484 514,1484 517,1481 525,1481 525,1481 525,1476 527,1474 530,1474 530,1475 530,1477 531,1478 531,1482 532,1482 536,1482 537,1483 539,1483 539,1484 539,1485 540,1485 573,1485 574,1484 575,1484 576,1483 584,1483 586,1481 587,1481 588,1482 622,1482 623,1483 624,1483 625,1484 672,1484 674,1482 717,1482 718,1483 721,1483 722,1484 750,1484 750,1484 750,1480 751,1479 751,1474 752,1473 753,1473 754,1472 761,1472 762,1471 763,1472 766,1472 766,1473 766,1474 767,1475 767,1482 768,1482 779,1482 780,1483 830,1483 830,1483 830,1482 831,1481 832,1481 833,1482 907,1482 908,1481 910,1481 910,1482 910,1485 912,1486 913,1486 913,1487 913,1494 912,1495 910,1495 909,1496 909,1503 908,1504 908,1505 907,1506 866,1506 865,1507 842,1507 841,1508 841,1516 840,1517 831,1517 830,1518"/><TextEquiv index="1"><Unicode>„vir, je ne changerois pas mon ſort pour</Unicode></TextEquiv></TextLine><TextLine id="r2_l031"><Coords points="222,1553 221,1553 219,1551 149,1551 147,1553 142,1553 140,1552 141,1551 141,1550 142,1549 142,1532 144,1530 152,1530 153,1529 157,1529 158,1530 209,1530 209,1530 209,1522 210,1521 211,1521 212,1520 213,1520 215,1518 216,1518 217,1520 217,1523 218,1524 218,1530 219,1530 246,1530 246,1530 246,1521 248,1519 250,1519 251,1521 251,1529 252,1529 272,1529 274,1527 280,1527 280,1527 280,1521 281,1520 281,1517 282,1516 283,1516 284,1517 288,1517 289,1519 289,1527 290,1527 298,1527 299,1528 300,1528 301,1529 303,1529 304,1530 328,1530 328,1530 328,1522 330,1520 331,1520 332,1519 333,1519 334,1518 337,1518 337,1519 337,1529 338,1529 352,1529 353,1530 355,1530 355,1531 355,1533 356,1534 356,1546 357,1546 358,1546 359,1547 385,1547 385,1547 385,1532 388,1529 409,1529 410,1528 410,1527 411,1526 420,1526 420,1526 420,1523 421,1522 421,1521 422,1520 423,1520 424,1519 427,1519 427,1520 427,1530 428,1530 464,1530 466,1528 489,1528 490,1527 506,1527 506,1527 506,1521 508,1519 511,1519 512,1518 524,1518 525,1517 526,1517 527,1519 527,1529 528,1529 571,1529 572,1528 601,1528 601,1528 601,1525 602,1524 602,1523 603,1522 603,1521 604,1520 604,1519 606,1517 607,1517 609,1520 609,1522 610,1523 610,1525 611,1526 611,1527 612,1527 618,1527 619,1528 633,1528 634,1529 663,1529 664,1530 691,1530 691,1530 691,1529 692,1528 700,1528 701,1527 704,1527 706,1529 707,1529 707,1530 707,1531 711,1535 711,1537 708,1540 708,1541 708,1541 707,1541 706,1542 706,1543 703,1546 703,1547 702,1548 696,1548 695,1549 694,1549 693,1550 675,1550 674,1551 672,1551 671,1550 606,1550 605,1549 545,1549 543,1551 539,1551 538,1550 510,1550 509,1551 498,1551 497,1552 495,1552 494,1551 467,1551 466,1552 407,1552 406,1551 405,1551 404,1550 359,1550 358,1551 336,1551 335,1550 306,1550 305,1551 225,1551 224,1552 224,1553 223,1554"/><TextEquiv index="1"><Unicode>“celui de la reine elle-même.“</Unicode></TextEquiv></TextLine><TextLine id="r2_l032"><Coords points="188,1562 922,1562 922,1621 188,1621"/><TextEquiv index="1"><Unicode>A ces mots, je ne pus m'empêcher de</Unicode></TextEquiv></TextLine></TextRegion><TextRegion id="r3" type="page-number" orientation="-0.0"><Coords points="853,106 852,107 851,107 850,108 850,110 847,113 827,113 826,114 826,123 827,125 827,126 828,127 829,127 830,128 830,129 828,132 827,132 827,133 826,134 826,143 827,143 828,144 835,144 836,146 918,146 918,133 922,129 922,126 923,125 923,123 924,122 924,111 923,110 899,110 898,108 898,107 896,106"/><TextEquiv><Unicode/></TextEquiv><TextLine id="r3_l001"><Coords points="843,111 909,111 909,143 843,143"/><TextEquiv index="1"><Unicode>ne</Unicode></TextEquiv></TextLine></TextRegion></Page></PcGts>