1116 1854
154 151 925 202 Cependant je lui dis: „quoi qu'il en-
142 199 909 244 “ſoit, je ne ſerai plus dans le cas de ſouf-
142 244 910 292 “frir que d'auſſi belles mains me ſervent.
139 288 910 337 “La décoration dont la reine m'a honoré
139 334 908 382 “exige que je vive ſur un ton plus relevé“
138 380 908 425 (Cela étoit vrai; il y avoit même déja
135 425 920 472 long - temps que j'aurois dû le faire.)
139 470 913 517 “Il faut que j'établiſſe une maiſon, que
139 515 913 562 “j'aie un certain nombre de gens à mon
141 560 919 607 “ſervice, & que je ne ſois pas reſtreint à
140 606 911 652 “une jeune perſonne, qui vient faire ma
141 649 913 696 “chambre! -- Quoi, me dit-elle en pleu-
123 695 911 743 “rant, vous ne voulez plus me voir! - A
123 738 912 788 “Dieu ne plaiſe, lui répondis-je! je regar-
142 785 912 834 “derai comme la plus précieuſe faveur,
143 831 916 877 “ſi vous voulez bien permettre que j'aie
143 875 914 923 “l'honneur de vous faire ma cour de temps
143 919 920 968 “en temps. -- Soyez aſſuré, reprit-elle
143 965 913 1012 “du ton le plus déterminé, que ſi vous
143 1011 910 1057 “ne voulez pas que je vous ſerve, comme
143 1058 912 1105 “ci - devant, vous ne me reverrez ja-
146 1105 302 1140 “mais.“
189 1146 921 1191 Cette menace m'effraya; je fis tout ce
145 1190 917 1239 que je pus pour la faire changer de réſo-
143 1233 916 1281 lution; elle demeura inébranlable; & je
141 1280 912 1328 fus obligé de me laiſſer ſervir par elle. Les
113 1326 914 1368 bienfaits de la reine me mirent dans le
145 1370 911 1417 cas de monter une maiſon aſſez honnête;
145 1416 920 1465 mais ma chambre ne fut faite que par Do-
146 1466 268 1501 rothée.
159 1496 923 1553 Un jour, on me dit que la reine étoit
109 1550 919 1599 fort en colere, elle me fit appeller, & je
847 100 912 143 .
