1116 1854
235 156 1015 210 reſſes. Elle y fut ſenſible; l'attendriſſement
233 207 1051 256 pénétra ſon cœur, & lui fit perdre le peu
233 254 1013 300 de force qu'elle avoit. Je trouvai le mo-
232 299 1012 346 ment deſiré depuis long-temps; ſon ſecret,
233 343 1012 391 qui lui peſoit, lui échappa. Elle m'avoua
233 389 1011 434 tout. „Ah! cruel, me dit-elle, que veux-
233 435 1010 482 “tu ſavoir? Ignores - tu que c'eſt ta perte
234 480 1011 527 “& la mienne? La loi ordonne ma dépo-
231 523 1011 572 “fition, mon ſupplice & ma mort, ſi celui
231 569 1010 617 “que j'admets dans mon lit ſait qu'il eſt
232 615 1012 658 “recu dans celui de la reine; la loi veut
233 659 1009 708 “qu'il périſſe avec ſon indiſcrete amante.
236 704 1048 752 “Garde au moins un ſecret d'où dépend
233 750 1007 786 “notre vie.“ Alors elle me raconta où elle
231 795 1006 842 m'avoit vu pour la premiere fois, l'impreſ-
229 839 1008 886 ſion que je lui avois faite; en un mot,
231 883 1023 932 tout ce qui s'étoit paſſé dans ſon cœur à
234 931 1005 978 ce ſujet. Il réſultoit de ſes aveux, qu'elle
234 973 1004 1023 m'aimoit beaucoup. Je n'étois pas tout-à-
230 1021 1005 1068 fait ingrat, je ne mettois que Julie au deſ-
228 1066 1002 1113 ſus d'elle. Notre ſéparation fut arroſée de
230 1110 1006 1157 nos larmes mutuelles; & je ſentis que dans
176 1154 1003 1213 cet inſtant, mon amour pour elle fut porté
235 1194 488 1247 à ſon comble.
237 1244 1006 1293 J'allois ſouvent la voir dans ſon palais,
228 1291 1012 1338 elle me recevoit avec une tendreſſe qu'elle
210 1336 1000 1382 ne pouvoit cacher, & qui faiſoit froncer
231 1380 1002 1426 le ſourcil à beaucoup de monde. Elle ac-
231 1426 999 1475 coucha enfin très-heureuſement d'une fille;
231 1471 1001 1518 ce qui occaſiona les plus ſolemnelles ré-
230 1517 1000 1564 jouiſſances. Je me trouvai autour de ſon
228 1561 1000 1612 lit, avec toute la cour, dans le moment
