1116 1854
135 149 865 201 Cependant les ſoldats à qui je venois
85 197 861 249 d'échapper, pouſſoient des cris affreux,
87 246 865 292 pour avertir ceux qui pouvoient ſe trou-
86 290 863 338 ver ſur l'autre bord; & ils me tiroient des
88 336 861 383 coups de fuſil que j'eſquivois en plon-
82 382 861 431 geant. Je gagnai enfin la rive oppoſée;
89 428 860 476 là je me voyois libre & dans la campagne.
80 472 882 519 J'avois le bonheur qu'il ne s'y trouvoit
83 517 860 565 preſque perſonne; que ceux qui devoient
84 564 860 612 me pourſuivre, manquoient de bateaux
83 607 863 655 pour traverſer la riviere, qu'ils étoient
81 651 862 702 obligés de remonter contre le courant, qui
80 696 861 747 étoit très - rapide, & contre le vent, qui
81 744 862 791 devenoit toujours plus violent. Ces circonſ-
83 790 862 835 tances me donnoient le temps de reſ-
87 834 861 880 pirer & de me cacher: j'allois en proflter;
83 879 863 925 mais je vis accourir deux ſoldats, qui vou-
84 924 866 971 lurent fondre ſur moi, avant que je fuſſe
91 970 861 1014 tout-à-fait ſorti de l'eau: leurs balles n'at-
80 1017 862 1063 traperent que mes habits. J'avois en main
86 1058 862 1107 l'arme de celui que je venois de précipiter
83 1108 865 1152 avec moi. Je fonds ſur les deux nouveaux
88 1151 866 1199 venus, la baïonnete au bout du fufil; ma
87 1196 867 1242 rapidité les déconcerte, & je les éventre.
87 1240 856 1287 Mais j'en vois bientôt accourir d'autres.
80 1285 864 1335 J'ai le temps, avant que ceux-ci ſoient ar-
89 1330 860 1378 rivés, de ſaiſir les armes de ceux que je
88 1376 865 1419 viens d'immoler: & me voilà ſeul, il eſt
87 1422 863 1469 vrai, mais avec pluſieurs fuſils & piſtolets.
88 1467 859 1512 Je me cache derriere un buiſſon, j'y diſ-
87 1512 864 1560 poſe artiſtement ma batterie, & je tire à
79 1557 860 1614 coup ſûr. De ſix ennemis qui arrivoient,
793 106 865 143 Lr
