1116 1854
226 130 1001 176 deux ſont couchés ſur le carreau; quatre
225 175 1004 224 autres tirent ſur le buiſſon, ſans me faire
227 223 1004 266 mal; mais ils viennent à moi, en courant
227 268 1006 314 l'un après l'autre. Je ne leur donne pas le
225 313 1006 358 temps de recharger, j'en abats encore deux
230 355 1034 404 à coups de piſtolets, avant d'être à portée
230 401 1011 446 de leurs baïonnettes: avec la mienne je
229 448 1005 496 bleſſe le troiſieme; & le quatrieme, ſe
228 492 1005 542 trouvant ſeul vis-à-vis de moi, s'enfuit.
225 539 1006 587 Je l'atteins & le précipite dans un foſſé,
229 584 1006 632 d'un coup de croſſe. Ainſi me voilà dé-
229 631 1006 677 barraſſé de ſix hommes; mais j'en vois
227 673 1006 721 ſurvenir douze autres. Ces coquins me-
227 720 1007 769 noient en priſon un déſerteur, & vou-
228 765 1005 812 loient me joindre à lui. J'étois au milieu
226 811 1005 859 de mes morts; j'ai le temps de charger ſix
226 855 1007 906 fuſils, avant que les ennemis arrivent. Ils
226 903 1006 947 tirent tous à la fois ſur moi, d'aſſez loin;
228 948 1006 995 un tronc d'arbre, derriere lequel je me
226 994 1007 1041 cache, recoit toutes leurs balles. Je tire
228 1039 1008 1086 plus heureuſement ſix coups l'un après l'au-
228 1087 1011 1130 tre. Quatre portent & ahattent quatre hom-
225 1129 1010 1178 mes. Les huit ennemis qui reſtent avancent
210 1173 1009 1220 juſqu'à moi; j'étois déja caché dans un
229 1221 1009 1268 foſſe ſous des feuillages. Ils appercoivent
227 1267 1010 1311 tous les cadavres que j'ai déja couchés par
228 1313 1011 1351 terre. Je les entends dire: „C'eſt le
224 1356 1008 1403 “diable; il n'eſt pas poſſible que cet homme
229 1401 1003 1453 “là ſoit ſeul: prenons garde à nous.“
227 1448 1008 1495 Une bête fauve, que je ne pus diſtinguer,
227 1492 1008 1540 paſſe heureuſement dans mon foſſé, &
227 1537 1007 1587 court ſous les feuillages: ils entendent le
898 1586 1012 1628 bruit,
216 81 317 122 r
