1116 1854
197 81 301 118 9e
278 127 997 174 De malheureux payſans nous appercu-
232 170 999 215 rent dans notre embuſcade; ils tirerent ſur
230 216 999 264 nous, mais ils n'eurent pas l'adreſſe de
229 262 998 307 nous atteindre. Nous fondîmes ſur eux in-
228 306 998 351 trépidement, & les rouâmes de coups. Ils
229 352 999 399 nous demanderent grace à genoux. Cepen-
232 395 998 442 dant je voyois venir, dans le lointain, une
228 435 1000 490 nouvelle compagnie de grenadiers. „Mon
232 486 999 533 “ami, dis-je à mon camarade, il ne faut
230 531 998 578 “pas tuer nos coquins de payſans, ils
226 578 1001 622 “peuvent nous être utiles: vois ce que
229 621 1002 667 “j'en vais faire.“ Ils étoient au nombre
226 666 999 713 de ſix; je leur fis prendre l'habit de ſix
227 710 996 753 ſoldats morts. Je leur donnai à chacun un
229 755 997 804 fufil ſans baïonnette, que je ne leur laiſſai
230 801 997 849 pas charger, de peur qu'ils n'en abuſaſſent
228 844 997 895 contre nous. En cet état, armés juſqu'aux
230 892 996 939 dents, nous étions maîtres de leur vie. Nous
222 937 994 985 les fîmes marcher devant nous, & nous
229 983 996 1028 devions paroître de loin un certain nom-
229 1028 997 1073 bre, aux yeux des ſoldats qui approchoient.
227 1072 997 1119 J'allai vers eux, en m'arrangeant pour que
223 1117 996 1162 le vent, qui étoit fort, leur donnât dans
230 1161 998 1209 le viſage. Nous avions chacun ſix fuſils, mon
229 1207 997 1254 camarade & moi. Les ennemis tirerent de
223 1252 999 1297 trop loin pour atteindre. Le vent leur ren-
208 1295 998 1344 voya la fumée & la pouſſiere, qui leur
222 1341 996 1387 cachoient notre petit nombre. Nous avan-
227 1384 998 1433 câmes aſſez rapidement, en chaſſant de-
230 1430 1000 1478 vant nous nos payſans, afin qu'ils recuſſent
223 1473 1000 1523 les balles. Nous tirions entre leurs épaules;
229 1518 1000 1579 preſque tous nos coups porterent. Deux de
