1116 1854
730 1580 789 1614 Ia
113 141 914 192 nos ruſtres furent tués, les quatre autres
120 185 915 236 furent bleſſés, & nous n'eûmes pas une
124 232 916 279 contuſion. Nous en vînmes ainſi juſqu'aux
125 277 915 324 ennemis, qui avoient déja perdu bien du
124 322 913 370 monde; nous fondîmes ſur eux la baïon-
126 367 917 417 nette au bout du fuſil; nous leur parûmes
127 411 917 462 deux diables. Trois de leurs gens, qui
128 455 917 506 vouloient déſerter, ſe joignirent à nous:
130 503 918 552 entre nous cinq nous abattimes encore
129 547 917 595 bien des ennemis; le grand nombre prit
131 591 918 639 la fuite. Il reſta plus de vingt morts
134 635 918 683 ſur le champ de bataille. Nous voilà cinq,
135 680 919 737 nous avons déja diſſipé plus de deux com-
137 727 931 775 pagnies; il n'y a qu'un regiment dans toute
140 773 293 815 la ville.
151 815 920 864 Nous pourſuivîmes les fuyards, de ma-
142 861 922 908 niere que nous les forcâmes de ſe jeter à
142 907 919 953 la nage, au milieu d'une petite riviere,
145 950 924 998 ou plutôt d'un torrent, qui alloit ſe jeter
128 995 924 1043 dans le fleuve. Là nous en bleſsâmes quel-
129 1040 924 1088 ques-uns; l'eau emporta le reſte. Deux
149 1086 929 1131 déſerteurs vinrent encore nous joindre. Ils
131 1132 925 1179 vouloient tous quitter le royaume; je pré-
156 1174 927 1222 tendois y reſter pour le conquérir & dé-
155 1220 933 1266 livrer la reine. „Mes amis, leur dis-je,
159 1264 929 1310 “nous ne ſommes que ſept; mais il ne
161 1310 932 1357 “ſera pas dit que ſept braves comme
161 1354 929 1401 “nous s'enfuieroient comme des lâches;
163 1399 932 1446 “je veux vous rendre maîtres de l'état.
163 1443 926 1490 “Vous ſavez qu'à trois lieues d'ici, à Her-
164 1489 922 1536 “beville, il y a eu un complot parmi les
169 1533 925 1591 “ſoldats; qu'une compagnie entiere a
851 100 922 135 r
