1116 1854
204 72 279 123 at
176 129 998 183 “voulu déſerter, & que tous ces braves
176 179 997 230 “compagnons ſom dans les fers. Allons
176 224 997 272 “les délivrer; ils ſe joindront à nous;
176 269 997 320 alors je vous menerai au tréſor royal, &
176 315 997 378 “nous aurons autant d'argent que nous vou-
176 361 371 406 drons.“
176 395 997 454 Mes compagnons applaudirent à ma
176 450 997 499 propoſition. Nous volâmes à Herbeville;
176 494 997 543 nous enfoncâmes aiſément la priſon: il
176 541 997 589 ne nous en coûta qu'une balafre, que le
175 585 997 635 geolier recut de nous ſur le viſage. Nous
175 629 996 679 délivrâmes plus de quarante héros ou co-
175 676 996 723 quins, comme on voudra les nommer.
175 719 996 769 Nous les emmenâmes, & nous allâmes ſur
175 764 996 817 le champ faire rendre gorge à une ſang-
175 811 996 859 ſue publique, qui paſſoit pour le plus ri-
175 854 996 904 che fermier-général du royaume. Munis
175 902 996 950 d'argent, nous nous chargeâmes chacun
175 944 996 994 d'un havre-ſac plein de vivres, & nous
175 992 996 1039 nous mîmes en campagne. Nous avions
175 1035 996 1084 taîné avec nous deux petites couleuvrines
174 1081 996 1130 priſes dans la ville. Nous étions plus de
174 1127 995 1175 cinquante; mais nous vîmes venir à nous
174 1171 995 1220 deux régiments. Dans l'inſtant je pris mon
174 1217 995 1266 parti. J'avois lu, dans notre hiſtoire, la
174 1261 995 1310 maniere dont le prince-noir s'y prit à la
174 1306 995 1354 Bataille de Poitiers, pour battre une armée
174 1346 995 1400 de ſoixante mille hommes avec huit mille
174 1394 995 1444 hommes. Je réſolus d'imiter ſes manœu-
174 1442 995 1490 vres, parce que le local s'y prêtoit. Je fis
174 1486 995 1536 grimper mes gens ſur une montagne très-
173 1532 995 1590 roide, & je les placai tous derriere des
