<PcGts xmlns="http://schema.primaresearch.org/PAGE/gts/pagecontent/2017-07-15" xmlns:xsi="http://www.w3.org/2001/XMLSchema-instance" xsi:schemaLocation="http://schema.primaresearch.org/PAGE/gts/pagecontent/2017-07-15 http://schema.primaresearch.org/PAGE/gts/pagecontent/2017-07-15/pagecontent.xsd"><Metadata><Creator/><Created>2020-09-17T10:42:54</Created><LastChange>1970-01-01T00:00:00</LastChange><Comments/></Metadata><Page imageFilename="0203.png" imageHeight="1854" imageWidth="1116"><ReadingOrder><OrderedGroup id="g1"><RegionRefIndexed index="0" regionRef="r2"/><RegionRefIndexed index="1" regionRef="r4"/><RegionRefIndexed index="2" regionRef="r3"/></OrderedGroup></ReadingOrder><ImageRegion id="r1"><Coords points="354,93 354,106 356,108 358,108 359,110 359,113 360,114 360,120 358,122 355,122 355,135 361,135 362,136 362,137 367,142 402,142 402,139 403,137 403,136 404,135 407,135 407,134 409,133 410,134 410,135 411,135 413,137 413,139 450,139 451,137 454,137 454,135 455,134 464,134 465,135 465,137 500,137 500,136 502,134 515,134 516,133 546,133 548,132 559,132 560,133 560,139 601,139 603,136 604,137 604,140 603,141 586,141 585,142 585,157 621,157 622,156 622,147 621,146 621,142 622,141 640,141 641,140 641,134 643,133 645,133 646,134 648,134 650,135 650,141 685,141 685,140 687,139 687,137 688,136 688,135 690,133 692,133 694,134 694,139 727,139 728,137 740,137 741,136 741,118 740,118 739,117 732,117 731,115 731,106 730,105 730,100 727,98 727,97 691,97 690,98 689,98 687,100 602,100 600,103 565,103 564,101 564,100 508,100 507,101 506,100 470,100 469,101 469,103 468,104 468,108 466,110 466,111 465,112 464,111 464,106 463,105 463,103 461,100 421,100 420,99 420,97 419,96 419,95 411,95 410,93"/></ImageRegion><TextRegion id="r2" type="page-number" orientation="-0.0"><Coords points="891,99 889,100 889,101 888,103 856,103 855,104 849,104 848,105 848,114 850,117 851,117 852,118 852,119 851,120 851,132 852,132 853,133 867,133 869,134 869,142 921,142 922,141 928,141 932,136 932,135 933,134 933,133 936,130 937,130 938,129 938,125 940,122 940,121 945,117 957,117 958,115 958,113 959,112 959,101 945,101 944,100 944,99"/><TextEquiv><Unicode/></TextEquiv><TextLine id="r2_l001"><Coords points="865,104 943,104 943,139 865,139"/><TextEquiv index="1"><Unicode></Unicode></TextEquiv></TextLine></TextRegion><TextRegion id="r3" type="footnote" orientation="-0.0"><Coords points="711,1589 710,1590 710,1601 711,1602 713,1602 714,1603 714,1615 713,1616 711,1616 711,1630 752,1630 753,1629 756,1629 757,1630 757,1636 760,1638 764,1638 765,1639 799,1639 800,1638 801,1638 803,1637 807,1637 808,1636 809,1636 809,1625 808,1624 808,1619 807,1618 807,1603 806,1602 806,1601 805,1600 804,1600 803,1599 800,1599 799,1597 762,1597 761,1599 760,1599 758,1600 757,1599 757,1589"/><TextEquiv><Unicode/></TextEquiv><TextLine id="r3_l001"><Coords points="727,1595 794,1595 794,1636 727,1636"/><TextEquiv index="1"><Unicode>L</Unicode></TextEquiv></TextLine></TextRegion><TextRegion id="r4" type="paragraph" orientation="-0.0"><Coords points="115,148 112,151 112,164 114,166 114,176 113,177 112,177 112,187 111,188 96,188 96,200 97,201 97,202 126,202 127,203 126,205 122,205 121,206 119,206 113,212 113,221 114,222 114,225 115,227 115,229 119,232 120,232 121,234 142,234 143,235 154,235 155,236 155,241 191,241 191,239 192,238 201,238 202,239 202,241 234,241 235,242 235,249 232,251 214,251 213,250 212,250 210,249 177,249 176,250 173,250 172,249 122,249 121,250 119,250 115,253 115,256 114,257 114,266 113,267 113,276 114,278 114,287 117,289 118,289 119,290 123,290 125,292 125,293 123,294 119,294 118,295 117,295 113,298 113,300 112,301 112,315 113,316 113,317 114,318 114,319 117,322 119,322 120,323 144,323 146,324 187,324 188,325 238,325 239,324 242,324 243,325 245,325 246,326 303,326 304,325 322,325 323,326 413,326 414,327 480,327 482,329 479,331 478,331 477,332 476,332 476,340 475,341 440,341 439,340 439,330 402,330 400,329 353,329 351,331 349,331 348,332 347,332 347,340 346,341 331,341 330,340 330,330 329,329 293,329 292,330 288,330 287,331 286,331 286,340 285,341 280,341 279,342 278,342 276,341 257,341 256,340 187,340 186,339 161,339 159,338 126,338 125,339 123,339 122,340 120,340 117,344 117,347 115,348 115,363 117,365 117,366 119,368 120,368 121,369 126,369 127,370 133,370 134,371 133,373 129,373 128,374 126,374 126,383 125,384 121,384 120,385 119,385 118,387 118,388 117,389 117,392 115,393 115,407 119,411 120,411 121,412 122,412 123,413 156,413 157,414 156,415 120,415 118,418 118,429 117,431 117,440 118,441 118,442 120,444 118,447 117,447 117,457 118,458 118,460 165,460 166,461 166,465 169,465 170,466 170,469 171,470 213,470 214,471 214,472 213,473 213,475 212,476 208,476 207,475 183,475 181,473 122,473 121,475 120,475 118,477 118,486 121,490 120,491 119,491 119,502 120,504 231,504 232,505 272,505 273,504 275,504 276,505 279,505 280,506 425,506 426,505 454,505 455,506 549,506 550,505 553,505 555,506 577,506 578,507 616,507 617,506 640,506 641,507 640,508 638,508 637,509 633,509 630,513 630,515 629,516 629,519 628,520 588,520 587,519 587,511 586,509 550,509 548,512 548,520 546,521 536,521 535,520 535,517 534,516 534,515 533,514 533,512 531,511 531,509 530,508 495,508 495,509 494,511 494,512 493,513 493,514 492,515 492,517 491,519 491,520 490,521 486,521 485,520 484,520 483,519 449,519 448,517 448,511 446,508 407,508 406,509 405,509 400,514 400,515 399,516 399,519 397,521 353,521 352,520 308,520 307,521 304,521 303,520 221,520 220,519 163,519 162,517 125,517 123,519 122,519 121,520 120,520 119,521 119,530 120,531 120,533 121,533 122,534 122,539 123,541 123,544 122,545 121,545 120,546 120,553 119,555 119,564 120,565 120,566 122,566 123,567 123,571 125,572 125,579 123,580 122,580 121,581 121,584 120,585 120,586 119,587 119,596 130,596 132,597 130,599 130,607 129,608 128,608 127,609 126,609 123,611 123,615 122,616 122,629 123,630 123,632 125,633 125,634 127,637 128,637 130,639 130,640 133,640 134,641 133,643 132,643 129,645 129,647 128,648 127,648 127,652 126,653 123,653 122,654 122,665 125,667 125,668 122,670 122,683 127,683 128,684 207,684 208,685 225,685 227,687 227,692 265,692 268,689 268,688 272,684 273,684 274,685 446,685 447,687 482,687 483,685 534,685 535,687 535,688 534,689 526,689 524,690 522,690 521,691 521,699 520,701 519,701 517,702 501,702 500,701 480,701 479,699 434,699 433,701 426,701 425,702 424,702 422,703 421,702 406,702 405,701 403,701 402,699 390,699 389,698 389,691 388,690 352,690 352,691 351,692 351,698 349,699 208,699 207,701 200,701 199,699 177,699 176,698 166,698 165,697 130,697 129,698 127,698 125,701 125,711 128,714 127,716 127,725 128,726 128,727 129,728 132,728 133,730 141,730 142,731 141,732 139,732 137,733 136,733 136,741 134,743 133,743 132,745 129,745 129,746 128,747 128,748 127,749 127,764 128,765 128,768 129,769 129,770 130,771 132,771 135,775 190,775 191,776 191,785 192,786 198,786 199,787 198,789 185,789 184,787 129,787 129,801 130,803 133,803 134,804 134,806 135,807 135,808 136,809 136,812 137,813 137,814 139,815 139,819 140,820 142,820 143,821 178,821 178,820 179,819 200,819 201,820 202,820 203,821 242,821 244,823 244,825 243,826 243,829 242,830 242,834 241,835 222,835 220,833 210,833 209,831 209,826 207,823 169,823 169,829 168,830 137,830 136,831 136,833 133,836 133,860 139,866 158,866 159,867 158,869 158,870 157,871 157,872 156,873 156,874 155,876 155,877 154,878 139,878 137,879 136,879 135,880 134,880 130,884 130,888 129,889 129,903 133,907 134,907 136,909 155,909 156,910 159,910 161,911 159,913 158,913 157,914 156,914 156,921 155,922 137,922 136,923 135,923 134,924 133,924 133,937 134,937 135,938 135,940 133,943 133,944 132,945 132,962 133,964 133,965 140,965 141,966 141,968 140,969 136,969 133,973 133,994 134,995 134,996 135,996 139,1000 144,1000 146,1001 146,1006 178,1006 179,1008 179,1012 178,1013 163,1013 162,1012 162,1009 128,1009 127,1010 126,1010 126,1019 135,1019 136,1020 136,1027 135,1028 134,1028 133,1030 133,1031 132,1032 132,1042 135,1042 139,1046 139,1047 142,1050 142,1052 176,1052 178,1049 185,1049 186,1048 186,1047 187,1046 191,1046 193,1048 193,1049 194,1050 229,1050 230,1049 230,1047 231,1046 239,1046 241,1047 241,1048 242,1049 242,1050 243,1050 244,1052 244,1060 243,1061 241,1061 239,1060 143,1060 142,1061 141,1060 141,1056 107,1056 107,1066 135,1066 136,1067 136,1068 135,1069 135,1076 134,1077 134,1086 135,1088 135,1090 137,1092 137,1093 149,1093 150,1095 150,1098 149,1099 149,1101 148,1103 148,1104 147,1105 146,1105 144,1106 143,1106 140,1110 140,1111 139,1112 139,1115 137,1117 137,1126 140,1126 141,1127 141,1134 142,1135 143,1135 144,1136 180,1136 181,1137 184,1137 185,1139 185,1144 187,1147 186,1148 186,1152 185,1154 185,1170 186,1171 186,1181 194,1181 195,1183 195,1184 196,1184 198,1185 198,1188 222,1188 223,1190 234,1190 235,1191 235,1192 237,1194 236,1195 214,1195 213,1196 212,1196 210,1195 187,1195 186,1194 142,1194 141,1195 140,1195 140,1198 139,1199 139,1209 136,1212 136,1214 135,1215 135,1224 136,1225 144,1225 146,1227 146,1228 147,1229 150,1229 151,1230 151,1231 150,1232 150,1238 149,1239 146,1239 143,1242 142,1242 142,1243 141,1244 141,1246 140,1247 140,1261 141,1263 141,1268 142,1269 142,1271 144,1273 144,1274 146,1274 147,1275 147,1286 150,1289 150,1294 149,1295 141,1295 140,1296 140,1298 137,1301 137,1302 136,1303 136,1312 137,1314 137,1315 154,1315 155,1316 154,1317 152,1317 147,1323 147,1327 146,1329 143,1329 142,1330 142,1340 143,1341 144,1341 147,1344 146,1345 143,1345 143,1358 144,1358 146,1359 159,1359 163,1362 163,1363 164,1365 199,1365 200,1363 200,1362 201,1361 207,1361 208,1362 208,1370 209,1371 243,1371 244,1370 246,1370 247,1369 249,1369 249,1368 252,1365 252,1362 253,1361 253,1349 252,1348 252,1337 251,1336 251,1334 250,1334 249,1333 227,1333 225,1332 224,1332 223,1331 206,1331 205,1330 203,1330 202,1329 198,1329 196,1327 196,1318 195,1317 196,1316 239,1316 241,1317 280,1317 281,1316 312,1316 314,1317 315,1317 316,1318 349,1318 352,1316 353,1316 354,1315 370,1315 371,1316 413,1316 414,1317 449,1317 450,1316 492,1316 493,1315 506,1315 507,1316 507,1318 506,1319 492,1319 492,1322 491,1323 491,1329 490,1330 475,1330 473,1329 473,1322 472,1320 472,1319 432,1319 431,1320 429,1320 428,1322 427,1322 427,1323 425,1325 425,1327 424,1329 424,1331 422,1332 420,1332 418,1330 384,1330 383,1329 383,1324 382,1323 381,1323 380,1322 344,1322 342,1323 342,1324 341,1325 341,1330 340,1331 329,1331 329,1332 325,1336 324,1334 324,1333 323,1332 310,1332 309,1331 309,1320 308,1319 259,1319 258,1320 258,1322 257,1323 257,1332 256,1333 256,1345 257,1345 258,1346 258,1348 257,1349 256,1349 256,1361 257,1362 311,1362 312,1361 322,1361 323,1360 323,1359 324,1358 324,1356 325,1355 326,1356 326,1358 329,1360 355,1360 356,1361 395,1361 396,1360 425,1360 426,1361 434,1361 435,1362 435,1363 454,1363 455,1365 454,1366 454,1375 453,1376 435,1376 434,1377 432,1377 431,1376 429,1376 428,1375 388,1375 387,1376 334,1376 333,1375 333,1368 332,1367 332,1366 331,1365 296,1365 295,1366 294,1366 294,1375 293,1376 263,1376 261,1377 259,1377 258,1376 250,1376 249,1375 215,1375 214,1376 196,1376 195,1375 194,1375 193,1374 184,1374 183,1373 149,1373 148,1374 147,1374 146,1375 143,1375 142,1376 142,1388 143,1389 142,1390 142,1399 143,1399 144,1400 144,1402 141,1405 139,1405 139,1414 140,1414 142,1417 181,1417 183,1415 184,1417 184,1418 183,1419 147,1419 146,1420 142,1420 141,1421 141,1432 144,1435 144,1446 143,1447 142,1447 140,1449 140,1451 139,1453 139,1462 146,1462 147,1463 147,1464 143,1468 143,1477 144,1478 144,1479 143,1480 141,1480 141,1483 140,1484 140,1493 141,1493 143,1495 161,1495 162,1497 162,1500 163,1501 183,1501 184,1502 185,1502 186,1504 220,1504 220,1497 221,1495 234,1495 235,1497 249,1497 250,1498 250,1502 283,1502 287,1499 287,1498 288,1497 289,1497 290,1498 290,1504 302,1504 303,1505 303,1507 301,1509 264,1509 263,1511 230,1511 229,1509 149,1509 148,1511 146,1511 144,1512 143,1512 143,1522 144,1523 144,1524 146,1526 143,1528 143,1537 144,1538 144,1545 179,1545 180,1544 180,1541 181,1539 223,1539 224,1541 224,1545 257,1545 258,1546 258,1549 260,1551 264,1551 265,1552 301,1552 302,1551 304,1551 305,1550 307,1550 309,1548 309,1546 311,1544 311,1543 312,1542 352,1542 353,1541 354,1541 355,1542 355,1544 354,1545 348,1545 347,1546 346,1546 346,1555 345,1556 336,1556 334,1557 333,1557 330,1560 330,1563 329,1564 327,1563 327,1556 326,1555 225,1555 224,1553 151,1553 150,1555 149,1555 146,1558 146,1568 147,1570 147,1572 144,1574 142,1574 142,1586 143,1586 144,1587 144,1588 147,1588 148,1589 159,1589 161,1590 161,1592 212,1592 213,1590 231,1590 232,1592 232,1594 234,1595 234,1596 235,1597 279,1597 281,1595 281,1593 282,1592 303,1592 303,1588 304,1587 326,1587 327,1586 329,1587 329,1588 362,1588 363,1587 370,1587 371,1588 371,1589 380,1589 381,1590 381,1592 406,1592 407,1593 442,1593 442,1590 443,1589 461,1589 462,1588 464,1588 465,1587 485,1587 486,1588 486,1590 488,1590 490,1592 524,1592 526,1590 546,1590 548,1592 548,1595 549,1596 549,1597 585,1597 587,1595 587,1594 588,1593 610,1593 610,1586 611,1585 614,1585 615,1586 615,1587 616,1588 652,1588 653,1587 674,1587 675,1586 730,1586 731,1585 785,1585 786,1584 866,1584 867,1585 869,1585 870,1586 871,1586 872,1587 930,1587 931,1586 932,1586 933,1585 947,1585 947,1584 950,1581 950,1572 949,1571 949,1570 946,1567 946,1557 945,1556 945,1555 944,1553 942,1553 940,1552 924,1552 923,1551 923,1544 921,1544 920,1543 864,1543 864,1555 866,1555 867,1556 867,1568 866,1570 865,1570 864,1568 859,1568 858,1567 858,1558 855,1555 853,1555 852,1553 822,1553 821,1552 821,1548 820,1546 820,1545 819,1545 818,1544 819,1543 827,1543 827,1541 828,1539 852,1539 852,1538 853,1537 855,1537 856,1538 856,1539 927,1539 928,1538 930,1538 930,1537 931,1536 942,1536 942,1535 943,1534 949,1534 950,1533 950,1523 949,1522 949,1517 947,1517 946,1516 932,1516 931,1515 931,1512 929,1509 855,1509 855,1511 853,1512 852,1511 819,1511 818,1509 780,1509 779,1511 775,1511 774,1509 774,1500 772,1499 738,1499 736,1500 735,1500 734,1501 733,1501 733,1508 732,1509 677,1509 676,1511 673,1511 672,1509 672,1502 670,1501 670,1499 669,1499 668,1498 619,1498 618,1499 616,1499 612,1502 612,1505 611,1506 611,1507 609,1509 567,1509 566,1511 497,1511 495,1512 490,1512 488,1513 487,1513 486,1514 485,1514 483,1512 483,1511 482,1511 480,1509 443,1509 442,1508 442,1504 441,1502 400,1502 399,1501 395,1501 393,1500 358,1500 356,1501 354,1501 353,1502 351,1502 347,1506 347,1507 346,1508 346,1509 345,1511 344,1509 344,1499 342,1498 332,1498 331,1497 332,1495 405,1495 406,1494 407,1495 478,1495 479,1494 482,1494 483,1493 483,1492 484,1491 484,1477 483,1476 483,1468 482,1466 480,1466 479,1465 449,1465 448,1464 448,1455 447,1454 410,1454 407,1456 406,1456 406,1464 405,1465 353,1465 352,1464 352,1457 351,1457 349,1456 287,1456 287,1469 290,1469 292,1470 292,1478 290,1479 290,1482 289,1483 288,1482 281,1482 280,1480 280,1473 279,1472 279,1470 276,1468 275,1468 274,1466 220,1466 219,1465 219,1458 217,1457 217,1455 195,1455 194,1454 195,1453 219,1453 220,1451 224,1451 225,1453 260,1453 261,1451 288,1451 289,1453 339,1453 340,1451 342,1451 344,1450 345,1451 402,1451 403,1450 422,1450 424,1451 498,1451 499,1450 537,1450 538,1451 538,1456 539,1457 575,1457 577,1456 578,1456 578,1455 580,1453 580,1451 582,1449 599,1449 600,1450 601,1450 602,1451 637,1451 638,1453 637,1454 592,1454 590,1455 589,1455 589,1464 588,1465 537,1465 536,1466 495,1466 491,1471 490,1471 490,1472 488,1473 488,1477 486,1479 486,1490 487,1491 487,1492 491,1495 694,1495 695,1494 695,1493 697,1491 702,1495 784,1495 785,1494 787,1494 789,1495 850,1495 851,1497 851,1504 886,1504 886,1497 887,1495 894,1495 895,1497 929,1497 930,1495 947,1495 949,1494 949,1493 950,1492 950,1482 949,1480 945,1480 944,1479 944,1468 943,1466 940,1466 939,1465 939,1463 938,1462 938,1458 936,1456 936,1455 933,1453 921,1453 920,1451 921,1450 940,1450 942,1449 944,1449 945,1448 946,1448 946,1447 947,1446 947,1422 946,1421 942,1421 940,1420 904,1420 903,1421 840,1421 837,1419 803,1419 801,1420 786,1420 785,1419 785,1410 747,1410 746,1411 746,1419 745,1420 677,1420 676,1419 643,1419 641,1420 621,1420 619,1419 581,1419 580,1420 575,1420 574,1421 572,1421 572,1432 571,1433 560,1433 559,1432 559,1424 557,1421 556,1421 555,1420 538,1420 537,1419 502,1419 501,1420 458,1420 457,1419 457,1417 458,1415 477,1415 477,1406 478,1405 488,1405 490,1406 490,1410 523,1410 523,1406 524,1405 526,1405 527,1404 529,1404 530,1403 530,1402 531,1400 531,1398 533,1397 533,1384 531,1383 531,1376 530,1375 529,1375 528,1374 497,1374 495,1373 495,1363 493,1363 492,1362 492,1361 493,1360 563,1360 564,1359 602,1359 603,1358 603,1347 602,1346 602,1345 603,1344 603,1332 602,1331 601,1331 600,1330 600,1329 546,1329 545,1330 531,1330 530,1329 530,1327 531,1326 555,1326 556,1325 557,1325 558,1324 558,1323 559,1322 559,1316 560,1315 601,1315 602,1314 640,1314 641,1315 679,1315 680,1314 681,1314 682,1312 683,1314 684,1314 685,1315 746,1315 748,1317 747,1318 734,1318 733,1319 719,1319 718,1320 718,1329 717,1330 698,1330 697,1329 663,1329 662,1330 617,1330 616,1331 609,1331 608,1332 606,1332 606,1344 608,1344 609,1345 609,1346 607,1348 607,1360 621,1360 623,1362 623,1365 652,1365 653,1366 652,1367 652,1376 653,1377 652,1378 645,1378 643,1376 641,1376 640,1375 640,1373 604,1373 603,1374 579,1374 578,1373 578,1363 541,1363 539,1365 538,1365 537,1366 536,1366 536,1377 538,1380 538,1388 539,1389 539,1390 536,1393 536,1403 538,1405 574,1405 575,1406 609,1406 610,1405 614,1405 615,1406 652,1406 653,1405 687,1405 688,1406 726,1406 727,1405 739,1405 740,1404 742,1404 743,1403 746,1405 749,1405 750,1406 829,1406 830,1407 899,1407 900,1409 900,1412 901,1413 938,1413 939,1412 940,1412 942,1411 943,1411 946,1407 946,1406 947,1405 947,1396 946,1395 946,1391 943,1388 931,1388 930,1387 930,1384 918,1384 917,1383 917,1378 916,1377 915,1377 914,1376 903,1376 902,1375 902,1367 903,1366 928,1366 929,1365 929,1361 930,1360 946,1360 946,1331 945,1330 943,1330 942,1329 942,1327 906,1327 904,1329 902,1329 901,1330 887,1330 886,1331 872,1331 871,1330 847,1330 845,1329 845,1320 847,1319 850,1319 850,1318 851,1317 891,1317 892,1318 892,1319 893,1319 894,1320 929,1320 930,1319 930,1318 931,1317 946,1317 946,1289 944,1287 943,1287 942,1286 940,1286 939,1285 925,1285 924,1283 924,1281 923,1280 923,1279 922,1278 922,1276 923,1275 931,1275 932,1274 932,1272 933,1271 943,1271 944,1269 945,1269 947,1267 947,1258 944,1254 938,1254 937,1253 937,1245 936,1244 936,1242 935,1241 922,1241 921,1239 921,1231 922,1230 923,1230 925,1228 929,1228 930,1227 932,1227 933,1225 940,1225 942,1224 943,1224 944,1223 944,1222 945,1221 945,1210 946,1209 946,1198 945,1196 944,1196 943,1195 834,1195 833,1194 833,1191 831,1190 831,1187 833,1186 845,1186 847,1185 898,1185 899,1186 933,1186 935,1185 935,1183 936,1181 940,1181 942,1180 943,1180 946,1177 946,1165 947,1164 947,1151 946,1150 945,1150 944,1149 935,1149 933,1148 932,1148 931,1147 931,1144 898,1144 896,1146 896,1149 895,1150 869,1150 867,1149 833,1149 831,1150 819,1150 818,1151 816,1151 815,1150 816,1149 816,1139 815,1137 769,1137 768,1139 764,1139 761,1142 761,1143 760,1144 760,1147 758,1148 758,1149 756,1151 621,1151 619,1150 619,1140 618,1139 582,1139 581,1140 579,1140 578,1141 577,1141 577,1149 575,1150 542,1150 541,1151 457,1151 456,1152 455,1151 440,1151 439,1150 439,1140 438,1139 403,1139 400,1141 398,1141 397,1142 396,1142 396,1149 395,1150 368,1150 367,1151 352,1151 351,1150 351,1139 346,1139 345,1137 346,1136 351,1136 354,1133 354,1120 353,1119 344,1119 342,1118 342,1113 341,1112 341,1108 340,1107 340,1105 341,1104 341,1092 342,1091 346,1091 347,1092 347,1096 348,1097 375,1097 376,1098 393,1098 395,1099 431,1099 432,1098 433,1098 435,1096 435,1093 436,1092 506,1092 507,1093 507,1101 508,1101 509,1103 551,1103 552,1101 555,1101 555,1092 556,1091 557,1092 604,1092 606,1091 668,1091 669,1092 669,1093 703,1093 704,1095 704,1096 705,1097 740,1097 740,1092 741,1091 776,1091 777,1090 799,1090 800,1091 800,1095 803,1097 836,1097 836,1091 837,1090 892,1090 893,1091 893,1093 894,1095 895,1095 896,1096 932,1096 932,1090 933,1089 945,1089 946,1088 949,1088 949,1076 946,1074 946,1060 944,1060 942,1057 942,1056 927,1056 925,1055 925,1053 924,1052 925,1050 933,1050 933,1046 935,1045 944,1045 950,1039 950,1027 949,1026 949,1019 947,1018 947,1015 946,1013 929,1013 928,1012 928,1005 927,1004 927,1002 928,1001 931,1001 932,1000 946,1000 946,998 947,997 947,987 949,986 949,972 947,971 947,969 882,969 881,968 844,968 843,969 842,969 841,968 841,964 842,962 877,962 878,961 879,961 880,960 880,959 885,954 893,954 894,955 908,955 909,957 944,957 945,955 947,955 947,944 946,943 946,937 945,936 945,925 931,925 929,923 929,921 930,920 936,920 937,918 938,918 939,917 940,917 942,916 943,916 944,915 944,913 945,911 945,898 944,896 944,882 943,882 942,881 920,881 918,880 918,879 917,878 908,878 907,877 907,872 908,871 928,871 930,869 931,869 931,867 932,866 938,866 939,865 943,865 944,864 944,863 945,862 945,860 946,859 946,837 945,837 944,836 924,836 923,835 874,835 873,834 873,822 874,821 880,821 881,822 881,825 884,825 885,826 921,826 921,825 922,823 930,823 930,822 931,821 931,816 932,815 945,815 946,814 946,800 945,799 927,799 925,798 925,793 924,792 921,792 920,791 836,791 835,792 831,792 829,790 826,790 825,789 825,779 823,778 785,778 784,779 782,779 777,784 777,786 776,787 776,789 772,792 748,792 747,791 747,780 746,779 707,779 706,780 705,780 705,790 704,791 699,791 698,790 698,779 697,779 696,778 677,778 676,777 677,776 750,776 752,775 765,775 767,776 829,776 830,775 855,775 855,769 856,768 857,769 857,770 858,771 858,779 859,780 864,780 865,782 865,784 867,786 909,786 910,785 910,783 911,782 931,782 931,778 932,777 946,777 947,776 947,763 945,761 945,760 946,758 946,747 945,746 945,736 944,735 942,735 940,734 930,734 929,733 929,731 930,730 930,728 931,727 945,727 947,725 947,710 946,709 931,709 930,707 930,704 929,703 929,697 930,696 933,696 935,695 935,687 936,685 940,685 942,684 943,684 945,682 945,680 947,677 947,668 946,667 946,660 944,658 944,655 943,655 942,654 908,654 907,655 819,655 818,654 780,654 779,655 750,655 749,654 749,650 748,648 748,646 746,646 745,645 694,645 692,646 692,654 691,655 690,654 655,654 654,655 637,655 636,654 601,654 600,655 546,655 545,654 511,654 509,655 482,655 480,654 480,653 482,652 519,652 520,651 521,651 521,643 522,641 556,641 557,640 593,640 594,641 628,641 629,640 699,640 701,639 733,639 734,640 761,640 762,641 762,646 763,647 797,647 797,646 798,645 798,640 799,639 849,639 850,640 850,641 865,641 866,643 866,650 902,650 902,648 903,647 918,647 918,645 920,644 928,644 930,641 946,641 946,640 947,639 947,628 946,626 939,626 938,625 938,624 939,623 946,623 947,622 947,609 946,608 908,608 907,609 904,609 903,610 902,610 901,611 895,611 894,610 893,610 892,609 892,608 889,606 889,596 856,596 855,597 841,597 840,599 837,599 836,600 836,609 835,610 820,610 819,609 816,609 815,608 782,608 780,609 774,609 772,610 750,610 749,609 749,600 748,599 712,599 711,600 710,600 709,599 709,595 710,594 717,594 718,595 752,595 753,594 778,594 779,595 818,595 819,594 891,594 893,596 893,601 927,601 927,600 931,595 931,592 932,590 946,590 946,574 945,574 944,573 931,573 930,572 930,570 929,568 929,567 928,566 927,566 925,565 882,565 881,564 865,564 864,563 864,558 865,557 882,557 882,551 884,550 886,550 887,551 906,551 907,552 942,552 943,551 946,551 946,548 949,545 949,536 947,535 947,534 946,533 946,520 945,519 931,519 930,517 930,513 929,512 929,511 928,511 925,508 927,507 928,507 928,506 929,505 943,505 947,500 947,491 946,490 946,477 945,476 944,476 943,475 911,475 910,473 910,471 909,470 909,469 910,468 918,468 920,466 928,466 928,462 929,461 944,461 945,460 945,458 946,457 946,448 945,447 947,444 947,434 946,433 946,429 842,429 841,431 837,431 836,429 836,428 800,428 799,429 745,429 743,428 743,421 742,420 742,419 707,419 705,421 705,428 704,429 691,429 690,431 681,431 680,432 667,432 666,431 666,428 667,427 691,427 692,426 692,417 694,415 754,415 755,414 801,414 803,415 818,415 819,417 853,417 855,415 943,415 944,414 950,414 951,413 951,388 950,388 949,387 946,387 945,385 911,385 909,383 909,381 908,380 908,377 909,376 923,376 923,374 925,371 951,371 952,370 952,355 951,354 950,354 949,353 950,352 950,351 951,349 951,338 932,338 931,337 931,330 930,330 929,329 923,329 922,327 923,326 939,326 940,325 944,325 945,324 946,324 949,322 949,320 950,319 950,310 949,309 950,308 950,298 949,297 946,297 945,296 903,296 902,295 852,295 850,293 816,293 815,294 814,294 813,295 803,295 801,294 801,290 803,289 819,289 820,288 851,288 851,287 852,286 852,283 853,282 881,282 882,281 888,281 889,282 889,287 892,289 925,289 925,288 927,287 927,282 928,281 942,281 943,280 946,280 950,276 950,275 951,274 951,258 950,257 950,253 946,250 945,250 944,249 909,249 908,250 859,250 858,251 850,251 848,253 848,261 847,263 831,263 830,261 830,256 829,254 829,249 831,246 860,246 865,242 902,242 903,241 922,241 923,239 923,237 924,236 928,236 929,235 947,235 952,230 952,221 951,220 951,207 950,206 947,206 946,205 910,205 909,203 877,203 876,202 877,201 885,201 885,192 886,191 887,191 888,192 888,196 893,196 894,198 895,198 896,199 930,199 930,194 931,193 939,193 939,191 940,190 952,190 953,188 953,179 950,176 950,159 947,159 945,157 935,157 933,156 933,150 895,150 894,151 894,158 893,159 815,159 814,158 814,154 812,151 808,151 807,150 772,150 772,151 771,152 771,158 770,159 601,159 599,162 590,162 589,161 586,161 585,159 550,159 549,161 508,161 507,159 498,159 497,158 497,151 494,149 460,149 458,150 458,152 457,154 457,159 456,161 378,161 377,159 377,155 374,151 334,151 334,159 333,161 309,161 308,162 307,161 307,150 305,149 305,148 268,148 267,149 244,149 244,159 243,161 242,159 205,159 203,158 203,150 201,148 165,148 164,149 163,149 162,150 162,158 161,159 158,159 157,158 157,154 156,152 156,148"/><TextEquiv><Unicode/></TextEquiv><TextLine id="r4_l001"><Coords points="240,199 239,198 114,198 111,196 112,195 112,193 113,192 239,192 239,192 239,188 239,187 138,187 137,186 129,186 127,185 127,158 128,157 128,156 132,152 289,152 290,153 477,153 478,154 916,154 917,156 917,161 918,161 928,161 931,164 933,164 933,165 933,170 934,171 934,182 936,183 937,183 937,184 935,186 924,186 923,187 923,189 923,189 915,189 914,190 914,194 913,195 869,195 868,196 868,197 868,197 860,197 859,198 795,198 794,199"/><TextEquiv index="1"><Unicode>haies. Il n'y avoit pour monter qu'un petit</Unicode></TextEquiv></TextLine><TextLine id="r4_l002"><Coords points="491,245 490,245 490,244 490,243 476,243 474,242 474,234 474,233 396,233 395,232 390,232 350,232 349,233 348,233 347,232 313,232 312,233 312,234 310,236 307,234 307,232 305,230 305,229 305,228 275,228 274,229 273,229 272,230 260,230 259,231 259,243 258,244 253,244 252,244 252,233 252,232 222,232 221,233 221,235 220,236 220,237 220,237 218,237 217,237 217,234 217,233 186,233 185,234 175,234 174,235 174,236 174,236 173,236 172,237 171,237 170,237 170,232 170,231 160,231 159,230 138,230 136,228 135,228 131,225 131,222 130,221 130,218 129,217 136,210 138,210 139,209 142,209 143,208 151,208 151,208 151,200 152,199 156,199 157,198 161,198 161,199 161,210 162,210 222,210 223,209 239,209 239,209 239,200 240,199 245,199 246,201 246,209 247,209 269,209 271,212 271,214 272,215 272,224 273,225 273,226 275,227 303,227 303,227 303,214 306,211 306,210 308,208 310,208 312,210 340,210 340,210 340,199 341,198 345,198 346,199 347,199 347,200 347,201 348,202 348,203 349,204 349,205 350,206 350,207 351,208 351,211 352,211 409,211 409,211 409,210 410,209 410,208 411,207 411,206 412,205 412,204 415,201 416,201 417,200 418,200 419,199 424,199 426,202 426,210 427,210 463,210 464,211 504,211 504,211 504,209 505,208 505,206 506,205 506,201 508,199 514,199 514,200 514,211 515,211 557,211 558,210 564,210 565,209 584,209 585,210 617,210 618,211 619,211 620,212 650,212 652,210 656,210 656,210 656,201 657,200 658,200 659,199 660,199 661,198 664,198 664,199 664,202 665,203 665,209 666,209 746,209 746,209 746,202 748,200 749,200 751,198 753,198 754,200 754,203 755,204 755,209 756,209 761,209 762,210 789,210 789,210 789,201 791,199 795,199 796,201 796,210 797,210 825,210 826,209 827,210 829,210 830,211 868,211 869,210 889,210 891,208 893,208 895,210 926,210 927,209 930,209 931,210 933,210 933,211 934,212 934,214 935,215 935,226 932,229 932,230 932,230 931,230 930,231 912,231 911,232 907,232 906,233 906,236 906,236 905,236 904,237 886,237 885,238 848,238 844,242 841,240 841,232 841,231 787,231 786,232 785,232 784,233 757,233 756,234 756,237 756,237 754,237 753,237 753,236 752,235 752,234 752,233 725,233 724,232 723,232 722,231 684,231 683,232 653,232 652,232 652,231 652,230 621,230 620,231 619,231 618,232 615,232 614,233 614,236 613,237 612,237 609,235 609,233 609,232 506,232 504,234 497,234 496,235 496,244 495,245"/><TextEquiv index="1"><Unicode>chemin très-eſcarpé entre deux haies; mes</Unicode></TextEquiv></TextLine><TextLine id="r4_l003"><Coords points="142,289 141,289 141,287 141,286 135,286 134,285 133,285 130,283 130,274 129,273 129,272 130,271 130,262 131,261 131,259 132,258 132,257 134,255 135,255 136,254 138,254 139,253 194,253 195,254 196,254 197,255 249,255 250,254 250,248 251,247 251,245 252,244 309,244 309,245 309,247 310,248 310,256 311,256 367,256 370,253 371,253 372,255 372,256 373,256 456,256 456,256 456,248 457,247 458,247 460,245 461,245 462,244 463,244 464,245 543,245 545,243 550,243 551,245 551,254 552,254 567,254 568,255 569,255 570,256 613,256 613,256 613,248 615,246 616,246 617,245 619,245 620,244 621,245 622,245 622,246 622,254 623,254 696,254 697,255 753,255 754,254 767,254 768,253 768,250 770,248 770,245 772,243 807,243 808,242 808,241 809,240 812,240 814,243 814,267 815,267 863,267 863,267 863,258 864,257 865,257 867,255 875,255 876,254 925,254 926,253 927,253 928,254 929,254 930,255 931,255 933,258 933,262 934,263 934,270 933,271 933,272 932,273 932,274 930,276 926,276 925,277 911,277 910,278 910,283 909,284 909,285 909,285 908,284 907,284 905,283 905,279 905,278 854,278 837,278 836,279 836,281 835,282 835,283 834,284 803,284 802,285 801,285 801,279 800,278 800,277 800,276 768,276 767,275 715,275 714,276 679,276 678,277 678,286 677,287 666,287 665,287 665,284 665,283 641,283 640,283 640,278 640,277 619,277 618,276 561,276 560,277 560,278 559,279 558,279 557,279 557,278 557,277 506,277 505,278 434,278 433,277 363,277 362,278 361,277 288,277 287,276 154,276 153,277 153,281 152,282 152,283 151,284 151,289 151,289"/><TextEquiv index="1"><Unicode>gens étoient cachés de chaque côté, mes</Unicode></TextEquiv></TextLine><TextLine id="r4_l004"><Coords points="764,333 764,321 764,320 734,320 733,321 684,321 683,322 683,328 682,329 649,329 648,330 647,329 636,329 635,329 635,328 635,327 618,327 617,327 617,323 617,322 471,322 470,323 397,323 396,322 339,322 338,321 288,321 287,322 263,322 262,321 205,321 204,320 162,320 161,319 137,319 136,318 134,318 133,317 132,317 131,317 131,316 130,315 130,314 129,313 129,312 128,311 128,310 127,309 128,308 128,306 129,305 129,304 131,302 131,301 133,299 135,299 136,298 140,298 140,298 140,290 141,289 150,289 150,290 150,299 151,299 222,299 223,298 226,298 226,299 226,300 227,300 326,300 326,300 326,293 327,292 328,292 330,290 332,290 333,289 334,289 335,288 336,289 337,289 337,290 337,300 338,300 382,300 383,301 425,301 425,301 425,295 426,294 426,292 428,290 429,291 430,291 432,294 432,300 433,300 451,300 452,301 520,301 521,300 572,300 573,299 573,298 574,297 574,295 575,294 575,293 579,289 580,289 581,288 588,288 588,289 588,290 589,291 589,300 590,300 634,300 635,301 677,301 677,301 677,291 679,289 686,289 687,290 703,290 705,293 705,298 706,298 776,298 776,298 776,290 777,289 779,289 780,288 781,288 782,287 785,287 785,288 785,298 786,298 832,298 833,297 835,299 885,299 886,300 928,300 929,301 931,301 933,304 933,315 932,316 932,317 929,320 928,320 927,321 924,321 923,322 906,322 905,323 902,323 901,324 901,330 899,332 894,332 893,331 892,331 891,331 891,329 891,328 847,328 845,326 844,326 843,326 843,324 841,321 782,321 781,322 781,326 781,326 780,326 780,321 780,320 766,320 765,321 765,333 765,333"/><TextEquiv index="1"><Unicode>deux couleuvrines en face. J'eus le temps</Unicode></TextEquiv></TextLine><TextLine id="r4_l005"><Coords points="580,379 579,379 579,368 579,367 529,367 528,368 523,368 522,367 521,367 520,366 492,366 491,367 491,373 491,373 489,372 489,367 489,366 465,366 464,367 449,367 448,368 448,374 448,374 447,374 446,374 446,369 446,368 390,368 389,367 328,367 327,366 258,366 257,367 255,367 254,366 208,366 207,365 145,365 144,366 143,366 142,365 138,365 137,364 136,364 135,363 134,363 133,363 133,362 132,361 132,360 131,359 131,354 132,353 132,349 137,344 139,344 140,343 142,343 143,342 144,343 169,343 170,344 239,344 240,345 301,345 301,345 301,337 303,335 304,335 305,334 308,334 309,333 312,333 313,335 313,338 314,339 314,346 315,346 363,346 363,346 363,337 364,336 365,336 366,335 368,335 370,333 384,333 385,334 422,334 422,335 422,345 423,345 491,345 491,345 491,338 493,336 494,336 495,335 496,335 498,333 527,333 527,333 527,332 529,330 530,331 531,331 533,333 649,333 650,335 650,336 651,336 662,336 664,339 664,343 665,343 699,343 700,344 759,344 759,344 759,342 760,341 761,341 761,341 761,336 762,335 762,334 763,333 783,333 784,332 786,332 787,331 799,331 800,330 801,330 802,331 803,331 805,334 805,344 806,344 852,344 853,346 853,349 854,349 900,349 900,349 900,338 901,337 901,336 903,334 904,334 905,333 907,333 908,332 909,333 912,333 913,334 914,334 914,335 914,337 915,338 915,342 916,342 934,342 934,343 934,344 935,345 935,366 934,367 909,367 907,369 907,371 906,372 871,372 870,373 867,373 866,373 866,367 866,366 808,366 807,367 801,367 800,366 747,366 746,365 740,365 691,365 690,366 614,366 613,367 584,367 583,368 583,379 583,379"/><TextEquiv index="1"><Unicode>encore de lâcher l'écluſe d'un ruiſſeau, &amp;</Unicode></TextEquiv></TextLine><TextLine id="r4_l006"><Coords points="666,423 664,422 664,420 664,419 634,419 632,418 632,414 632,413 550,413 549,414 548,413 534,413 533,412 470,412 469,413 468,412 392,412 367,412 366,413 365,412 354,412 353,411 304,411 303,412 297,412 296,411 219,411 218,410 142,410 141,411 141,422 141,422 135,422 134,422 134,406 131,403 131,399 132,398 132,394 133,393 133,392 134,391 136,389 137,389 138,388 142,388 142,388 142,379 143,378 145,378 146,377 150,377 151,376 152,376 154,378 178,378 179,380 179,389 180,389 271,389 271,389 271,382 274,379 277,379 278,378 281,378 282,380 282,390 283,390 371,390 371,390 371,382 374,379 418,379 419,378 452,378 453,379 454,379 454,380 454,391 455,391 505,391 506,390 514,390 514,390 514,383 515,382 516,382 517,381 518,381 519,380 520,380 521,379 522,379 523,381 523,391 524,391 592,391 592,391 592,382 595,379 597,379 599,382 599,390 600,390 618,390 620,392 666,392 667,391 668,391 669,390 694,390 695,389 765,389 765,389 765,381 767,379 769,379 770,378 771,378 772,377 774,377 774,378 774,379 775,380 775,389 776,389 791,389 792,390 854,390 855,389 863,389 864,388 882,388 882,388 882,381 884,379 885,379 886,378 888,378 889,377 891,377 891,378 891,384 892,385 892,388 894,389 927,389 928,390 929,390 930,391 932,391 933,392 934,392 934,393 934,396 935,397 935,406 934,407 934,409 933,410 928,410 927,411 923,411 922,412 921,411 838,411 836,413 835,413 834,413 834,412 834,411 789,411 788,410 739,410 738,411 679,411 678,412 677,412 676,413 676,422 675,423"/><TextEquiv index="1"><Unicode>d'inonder ainſi le chemin, pour le rendre</Unicode></TextEquiv></TextLine><TextLine id="r4_l007"><Coords points="846,467 844,466 844,458 844,457 816,457 815,456 729,456 728,457 721,457 720,456 659,456 658,457 645,457 644,458 629,458 628,459 628,464 628,464 621,464 620,464 620,463 620,462 567,462 550,462 549,463 549,464 549,464 547,464 546,464 546,459 546,458 531,458 530,457 529,457 528,456 481,456 480,457 465,457 464,458 426,458 425,457 321,457 320,456 252,456 251,457 250,456 201,456 200,457 200,465 199,466 188,466 185,464 185,462 185,461 183,461 182,461 182,456 182,455 134,455 133,455 133,454 132,453 132,436 133,435 133,424 135,422 142,422 142,423 142,424 143,425 143,433 144,433 176,433 177,434 259,434 260,433 268,433 268,433 268,428 269,427 269,426 272,423 273,423 274,424 275,424 276,426 276,435 277,435 326,435 326,435 326,428 327,427 328,427 329,426 331,426 332,425 355,425 356,424 357,424 358,426 358,436 359,436 375,436 376,437 377,437 380,441 380,444 381,445 381,451 382,451 424,451 424,451 424,428 426,426 429,426 430,425 437,425 438,426 439,426 439,427 439,436 440,436 575,436 576,435 642,435 642,435 642,427 644,425 647,425 648,427 648,428 649,429 649,435 650,435 707,435 708,434 720,434 720,434 720,427 723,424 724,424 725,423 726,425 726,426 727,427 727,433 728,433 746,433 747,434 815,434 816,433 817,433 818,432 819,432 819,433 819,434 820,434 877,434 878,433 928,433 929,434 930,434 930,435 930,439 931,440 930,441 930,442 929,443 929,454 928,455 928,456 927,457 912,457 911,458 911,462 911,462 903,462 902,463 902,464 902,464 858,464 857,465 857,466 856,467"/><TextEquiv index="1"><Unicode>impraticable. Les ennemis vinrent pour</Unicode></TextEquiv></TextLine><TextLine id="r4_l008"><Coords points="804,511 804,510 804,509 803,509 801,507 800,507 799,507 799,502 799,501 728,501 727,502 723,502 722,501 661,501 660,502 660,509 659,510 657,509 657,503 657,502 600,502 599,503 595,503 594,502 472,502 471,501 453,501 409,501 408,502 297,502 296,501 250,501 249,500 141,500 140,499 136,499 135,499 135,498 134,497 134,482 137,479 138,479 139,478 151,478 152,477 153,478 165,478 166,479 229,479 229,479 229,478 230,477 230,474 233,471 233,470 234,469 235,469 236,468 239,468 240,467 242,467 243,466 244,467 246,467 247,468 248,468 248,469 248,480 249,480 376,480 376,480 376,473 379,470 380,470 381,469 386,469 386,470 386,480 387,480 610,480 611,479 612,480 693,480 693,480 693,473 694,472 694,471 695,470 696,470 697,469 698,469 699,468 700,469 701,469 701,470 701,473 702,474 702,479 703,479 814,479 815,478 816,478 817,477 818,478 819,478 819,479 819,480 821,481 884,481 884,481 884,473 885,472 885,471 886,470 887,470 889,468 892,468 893,470 893,476 894,477 894,479 895,479 926,479 927,480 928,480 929,482 929,484 930,485 930,495 931,496 926,501 912,501 911,502 911,503 911,503 910,503 909,504 908,503 907,503 905,501 818,501 817,502 817,505 817,505 810,505 809,506 809,509 809,509 807,509 805,511"/><TextEquiv index="1"><Unicode>me forcer dans mon retranchement: les</Unicode></TextEquiv></TextLine><TextLine id="r4_l009"><Coords points="319,558 318,557 317,557 316,556 315,556 314,556 314,554 313,553 313,547 313,546 267,546 266,547 265,546 164,546 153,546 152,547 152,555 152,555 150,555 149,556 148,556 147,557 147,558 147,558 137,558 136,558 136,552 138,550 138,530 138,529 137,529 136,529 136,528 135,527 135,526 137,524 138,524 139,523 140,523 141,522 145,522 146,523 203,523 204,524 335,524 336,525 414,525 415,524 415,522 416,521 416,519 421,514 422,514 423,513 424,513 425,512 429,512 431,515 431,523 432,523 508,523 508,523 508,520 509,519 509,518 510,517 510,516 511,515 511,514 513,512 514,513 515,513 515,514 515,516 516,517 516,519 518,521 518,525 519,525 563,525 563,525 563,517 566,514 569,514 570,515 571,515 571,516 571,525 572,525 604,525 605,524 644,524 644,524 644,523 645,522 645,521 646,520 646,518 650,514 651,514 652,513 654,513 655,512 657,512 658,513 660,513 660,514 660,515 661,516 661,523 662,523 712,523 712,523 712,517 714,515 716,515 719,512 721,512 722,514 722,525 723,525 793,525 794,524 837,524 837,524 837,516 839,514 842,514 842,515 842,518 843,519 843,523 844,523 897,523 897,523 897,521 898,520 898,516 900,514 902,514 903,513 909,513 911,515 912,515 912,516 912,517 913,518 913,523 914,523 929,523 929,524 929,525 930,526 930,538 931,539 931,540 932,541 930,543 930,546 929,547 926,547 925,548 924,548 923,547 904,547 903,546 867,546 866,547 866,553 866,553 864,553 863,552 862,552 861,552 861,547 861,546 832,546 831,547 800,547 799,548 799,552 797,554 795,553 795,547 795,546 739,546 738,547 737,546 647,546 646,547 644,547 643,546 597,546 596,547 467,547 466,548 465,547 434,547 433,546 385,546 384,547 350,547 349,548 335,548 334,549 334,554 331,557 329,557 328,558"/><TextEquiv index="1"><Unicode>pauvres gens ſe traînoient ſur les mains &amp;</Unicode></TextEquiv></TextLine><TextLine id="r4_l010"><Coords points="625,605 624,605 624,601 624,600 622,600 619,598 619,593 619,592 494,592 493,593 492,592 330,592 329,591 232,591 231,592 231,595 229,597 229,598 226,601 223,601 222,602 213,602 212,601 211,601 208,599 208,598 207,597 207,592 207,591 162,591 161,592 161,593 160,594 158,594 156,592 136,592 135,592 135,559 136,558 147,558 147,559 147,568 148,568 270,568 271,569 308,569 309,570 378,570 378,570 378,563 380,561 380,560 381,559 384,559 385,558 386,558 387,560 387,568 388,568 423,568 424,569 441,569 441,569 441,565 442,564 470,564 470,564 470,562 471,561 472,561 474,559 475,559 476,558 477,558 478,559 479,559 479,560 479,563 480,563 526,563 531,558 532,558 533,557 539,557 540,559 540,570 541,570 578,570 579,569 587,569 587,569 587,564 588,563 588,561 589,560 590,560 591,559 592,559 593,561 593,562 594,563 594,569 595,569 623,569 624,570 672,570 672,570 672,562 675,559 676,559 677,558 706,558 707,557 709,557 710,556 713,556 714,557 726,557 728,560 728,569 729,569 764,569 765,568 788,568 788,568 788,566 789,565 789,562 793,558 796,558 797,557 798,558 845,558 847,561 847,568 848,568 865,568 866,569 909,569 910,570 911,570 912,572 912,574 913,575 913,577 914,577 927,577 928,578 929,578 930,580 930,585 929,586 929,587 929,587 915,587 914,588 914,591 912,593 912,594 910,596 910,597 910,597 909,597 909,596 908,595 908,592 907,590 874,590 873,591 873,602 873,602 872,602 872,591 872,590 802,590 801,591 796,591 795,590 736,590 735,591 693,591 692,592 692,598 692,598 670,598 666,602 662,602 661,603 660,602 654,602 652,600 630,600 629,601 629,605 629,605"/><TextEquiv index="1"><Unicode>les genoux dans le ſentier gliſſant &amp; inon-</Unicode></TextEquiv></TextLine><TextLine id="r4_l011"><Coords points="352,649 351,649 351,637 351,636 325,636 324,637 322,637 321,636 306,636 305,637 305,649 305,649 302,649 301,649 301,637 301,636 285,636 284,637 261,637 260,636 208,636 207,637 207,638 205,640 205,641 203,643 199,643 198,643 198,636 198,635 148,635 147,636 146,636 146,635 145,633 144,633 140,630 140,629 139,628 139,626 138,625 138,621 139,620 139,617 140,616 140,615 141,614 142,614 143,613 144,613 145,612 146,612 146,612 146,604 149,601 154,601 155,600 174,600 176,598 178,598 179,599 181,599 181,600 181,615 182,615 234,615 235,614 259,614 260,615 298,615 299,614 337,614 337,614 337,612 338,611 338,610 340,608 340,607 341,606 341,605 342,604 343,604 344,603 345,603 346,602 347,602 348,601 349,602 351,602 352,603 391,603 392,602 393,603 396,603 397,605 397,613 398,613 428,613 429,614 441,614 442,615 443,615 444,617 444,628 445,628 482,628 482,628 482,624 483,623 483,619 484,618 485,618 485,618 485,617 486,616 489,616 490,615 498,615 499,614 531,614 531,614 531,606 533,604 536,604 537,606 537,607 538,608 538,615 539,615 598,615 599,614 600,615 623,615 623,615 623,606 624,605 629,605 629,606 629,615 630,615 663,615 664,614 680,614 681,613 682,613 684,615 723,615 723,615 723,607 725,605 726,605 727,604 728,604 729,603 731,603 732,605 732,614 733,614 789,614 790,613 797,613 798,612 799,612 800,613 802,613 803,614 852,614 852,614 852,605 854,603 856,603 857,602 873,602 873,603 873,611 875,613 875,614 876,614 877,614 878,615 918,615 919,614 920,614 921,613 924,613 925,612 929,612 930,613 931,613 931,614 931,635 929,637 929,638 929,638 913,638 911,640 903,640 902,641 902,643 902,643 887,643 886,644 886,645 886,645 883,645 882,645 882,637 882,636 868,636 867,637 866,637 866,636 866,635 820,635 819,636 813,636 812,635 782,635 781,636 781,641 780,642 780,643 780,643 778,642 778,636 778,635 764,635 763,636 751,636 750,635 684,635 683,636 653,636 652,637 651,636 612,636 611,637 610,636 573,636 540,636 539,637 505,637 504,638 504,647 504,647 503,647 502,648 495,648 494,647 493,647 492,647 492,641 492,640 460,640 459,641 458,641 457,642 457,643 457,643 456,643 455,644 454,644 452,643 452,642 451,641 451,637 451,636 418,636 417,637 415,637 414,638 414,639 414,639 413,639 413,638 413,637 407,637 406,636 354,636 353,637 353,649 353,649"/><TextEquiv index="1"><Unicode>dé; mes ſoldats, qui avoient chacun deux</Unicode></TextEquiv></TextLine><TextLine id="r4_l012"><Coords points="907,693 906,692 905,692 904,692 904,681 904,680 813,680 812,681 812,687 812,687 810,687 809,687 809,681 809,680 752,680 751,681 685,681 684,682 682,682 681,681 630,681 622,681 621,682 565,682 564,683 564,691 563,692 553,692 551,691 551,683 551,682 466,682 465,683 464,683 463,682 462,682 461,681 317,681 316,682 304,682 303,681 254,681 252,683 252,684 251,685 251,686 250,687 249,687 248,688 247,688 246,689 244,689 242,688 242,682 242,681 191,681 190,680 145,680 144,679 139,679 138,679 138,661 137,660 140,657 143,657 143,657 143,654 145,652 145,650 148,647 149,647 151,645 154,645 155,644 156,645 159,645 160,646 199,646 200,647 214,647 215,649 215,659 216,659 229,659 230,660 232,660 232,661 232,662 233,663 233,672 234,672 284,672 284,672 284,663 289,658 299,658 299,658 299,651 301,649 354,649 354,650 354,653 355,654 355,659 356,659 403,659 404,658 426,658 426,658 426,648 427,647 430,647 432,649 464,649 464,650 464,659 465,659 527,659 528,658 529,659 617,659 618,658 619,658 620,659 671,659 672,658 708,658 708,658 708,651 710,649 728,649 729,650 731,650 731,651 731,653 732,654 732,655 733,656 733,659 734,659 797,659 798,658 800,658 801,659 924,659 925,658 926,659 927,659 929,661 930,661 930,662 930,672 931,673 928,676 928,678 926,680 925,680 924,681 919,681 918,682 918,691 917,692 910,692 909,693"/><TextEquiv index="1"><Unicode>fuſils, tiroient à bout portant. Pas un coup</Unicode></TextEquiv></TextLine><TextLine id="r4_l013"><Coords points="311,738 309,737 309,728 309,727 258,727 257,726 149,726 148,726 148,725 148,724 146,724 145,724 144,723 144,722 143,721 143,709 143,708 142,708 141,708 141,707 140,706 144,702 146,702 147,701 148,701 149,702 159,702 160,703 177,703 178,704 314,704 315,703 317,703 318,704 366,704 366,704 366,698 367,697 367,695 368,694 371,694 372,696 372,703 373,703 384,703 386,705 388,705 389,706 442,706 443,705 449,705 450,704 463,704 464,705 537,705 537,705 537,696 539,694 541,694 542,693 545,693 545,694 545,695 546,696 546,704 547,704 587,704 588,705 655,705 656,704 690,704 690,704 690,695 691,694 693,694 694,693 695,693 696,692 698,692 698,693 698,699 699,700 699,704 700,704 783,704 783,704 783,695 785,693 786,694 787,694 788,696 788,703 789,703 803,703 804,704 862,704 863,703 863,699 864,698 864,697 867,694 868,694 869,693 870,693 871,692 877,692 878,694 878,695 879,695 912,695 912,696 912,708 913,709 913,713 914,713 930,713 931,715 931,721 930,722 929,722 928,723 915,723 913,725 913,733 913,733 911,733 909,732 909,729 909,728 889,728 888,728 888,727 888,726 743,726 742,727 741,726 614,726 613,727 608,727 606,729 600,729 599,729 599,728 599,727 558,727 557,726 497,726 496,727 411,727 409,729 409,730 408,731 408,732 405,735 403,735 402,736 401,736 399,735 399,734 399,733 394,733 393,733 393,728 393,727 383,727 382,726 323,726 322,727 322,735 321,736 321,737 321,737 315,737 314,738"/><TextEquiv index="1"><Unicode>ne manquoit; mes deux couleuvrines fou-</Unicode></TextEquiv></TextLine><TextLine id="r4_l014"><Coords points="884,782 881,780 881,777 881,776 876,776 874,775 874,772 874,771 813,771 812,772 784,772 783,771 734,771 733,772 645,772 644,771 587,771 586,772 581,772 580,773 579,772 401,772 400,771 288,771 286,771 285,772 223,772 222,773 222,774 221,775 221,776 219,778 219,779 216,782 209,782 207,781 208,780 208,778 210,776 211,776 211,776 211,772 211,771 152,771 151,771 151,770 151,769 150,769 148,767 147,767 145,766 145,765 144,764 144,761 143,760 143,754 144,753 144,752 145,751 145,750 146,749 148,749 149,748 150,748 151,747 152,747 152,747 152,738 153,737 154,737 155,736 158,736 159,735 163,735 164,737 164,744 165,744 166,744 166,745 166,748 167,748 198,748 199,749 212,749 213,750 259,750 259,750 259,742 262,739 265,739 266,741 266,750 267,750 320,750 321,749 324,749 325,750 372,750 372,750 372,741 374,739 375,739 377,737 381,737 381,738 381,741 382,741 391,741 392,742 393,742 394,744 394,747 395,748 395,750 396,750 454,750 454,750 454,746 452,744 452,742 453,741 454,741 455,740 458,740 459,739 460,739 460,740 460,741 461,742 461,750 462,750 520,750 522,748 563,748 563,748 563,745 563,744 561,744 559,743 559,742 560,741 561,741 562,740 563,740 564,739 565,739 566,738 569,738 569,739 569,742 570,743 569,744 569,750 570,750 653,750 654,749 686,749 686,749 686,745 685,744 685,742 687,740 689,740 690,739 701,739 702,738 703,738 704,740 704,741 705,742 705,749 706,749 711,749 712,750 764,750 765,749 918,749 918,749 918,741 920,739 921,739 922,738 924,738 925,739 927,739 928,741 928,751 929,752 929,753 930,754 930,767 931,768 931,772 930,773 915,773 914,774 914,778 914,778 894,778 893,779 894,780 894,781 893,782"/><TextEquiv index="1"><Unicode>droyoient d'en-haut les malheureux qui</Unicode></TextEquiv></TextLine><TextLine id="r4_l015"><Coords points="852,828 851,828 851,817 851,816 812,816 811,817 810,817 809,816 763,816 762,817 757,817 756,816 729,816 728,817 728,820 727,821 727,822 727,822 726,822 725,823 723,823 722,822 716,822 714,821 714,820 714,819 667,819 666,819 666,817 666,816 597,816 596,817 574,817 573,818 571,816 533,816 532,817 530,817 529,818 494,818 491,821 490,821 489,822 489,823 487,825 485,825 483,824 483,818 483,817 446,817 445,818 443,818 442,817 377,817 376,816 319,816 318,817 295,817 294,818 259,818 258,817 220,817 219,816 218,816 217,815 191,815 190,816 190,828 190,828 186,828 185,828 185,816 185,815 162,815 161,816 161,817 161,817 160,817 159,816 157,816 154,814 154,811 153,810 153,809 152,808 152,805 151,804 151,803 150,802 150,800 149,798 147,798 145,797 145,793 146,792 167,792 168,793 215,793 215,793 215,787 217,785 218,785 220,783 225,783 226,784 260,784 262,787 262,795 263,795 300,795 301,794 318,794 319,795 357,795 358,794 371,794 372,795 411,795 412,794 430,794 431,795 468,795 469,797 469,800 470,801 470,808 471,808 515,808 515,808 515,803 517,801 517,789 519,787 519,786 520,785 522,785 523,784 528,784 529,785 530,785 532,787 570,787 571,786 572,786 573,785 575,785 576,784 578,784 578,785 578,793 579,794 579,796 580,796 628,796 629,795 630,795 630,795 630,786 631,785 633,785 634,784 636,784 637,783 654,783 655,782 655,781 656,780 658,780 660,782 679,782 681,784 682,784 682,785 682,795 683,795 721,795 721,795 721,786 722,785 723,785 724,784 726,784 727,783 729,783 730,785 730,796 731,796 790,796 792,794 792,792 793,791 793,789 798,784 799,784 800,783 801,783 802,782 806,782 808,785 808,794 809,794 812,794 814,796 852,796 853,795 903,795 904,796 907,796 908,797 909,797 909,798 909,803 910,803 928,803 929,804 930,804 930,805 929,806 929,811 929,811 916,811 915,812 915,816 913,818 913,819 913,819 906,819 905,820 905,821 904,822 902,822 901,821 899,821 897,820 897,818 897,817 871,817 870,816 858,816 857,817 857,828 857,828"/><TextEquiv index="1"><Unicode>vouloient monter, &amp; le déſordre ſe met-</Unicode></TextEquiv></TextLine><TextLine id="r4_l016"><Coords points="512,874 511,873 510,873 509,873 509,872 508,871 508,864 508,863 473,863 472,864 472,865 472,865 471,865 471,863 471,862 301,862 300,863 300,864 299,865 299,868 299,868 298,868 297,868 297,867 296,865 275,865 274,865 274,863 274,862 255,862 254,861 225,861 224,860 170,860 169,861 157,861 156,862 156,863 156,863 149,857 149,844 148,843 148,842 152,838 152,837 154,835 156,835 158,837 184,837 184,837 184,830 186,828 191,828 192,830 192,837 193,837 203,837 205,839 257,839 258,838 258,835 259,834 259,831 260,830 260,828 262,826 266,826 266,827 266,829 267,830 267,840 268,840 313,840 315,838 315,837 316,836 316,834 318,832 318,831 320,829 321,829 322,828 335,828 336,827 341,827 342,828 359,828 360,829 361,829 361,830 361,831 362,832 362,839 363,839 373,839 374,840 481,840 483,838 485,838 485,839 485,840 487,841 538,841 539,840 602,840 602,840 602,833 603,832 603,831 605,829 608,829 609,831 609,842 610,842 638,842 639,841 641,841 642,840 653,840 654,839 669,839 670,840 694,840 694,841 694,855 695,855 704,855 705,856 728,856 728,856 728,836 729,835 729,834 731,832 731,831 733,829 735,829 736,830 789,830 790,829 793,829 794,828 797,828 797,829 797,834 798,835 798,839 799,839 850,839 850,839 850,831 851,830 851,829 852,828 857,828 857,829 857,840 858,840 884,840 885,839 906,839 907,840 927,840 928,841 929,841 929,842 929,856 928,857 928,858 927,859 927,860 926,861 923,861 922,862 916,862 915,863 915,864 915,864 913,864 912,865 912,866 911,867 909,867 908,867 908,863 908,862 891,862 890,861 853,861 852,862 844,862 843,863 843,864 843,864 823,864 822,865 822,866 820,868 820,869 819,870 818,870 817,871 816,871 815,872 813,872 812,873 809,873 808,872 806,872 802,869 802,867 801,866 801,862 801,861 770,861 769,862 640,862 639,861 597,861 596,862 592,862 591,863 591,865 591,865 589,863 572,863 571,862 529,862 528,863 528,866 527,867 522,867 521,868 521,872 520,873 515,873 514,874"/><TextEquiv index="1"><Unicode>toit néceſſairement parmi eux. Malgré nes</Unicode></TextEquiv></TextLine><TextLine id="r4_l017"><Coords points="894,920 893,920 893,907 893,906 838,906 837,907 837,913 836,914 836,915 834,917 829,917 828,916 813,916 812,917 812,920 812,920 807,920 806,920 806,917 806,916 790,916 789,917 783,917 782,916 781,916 778,914 778,912 777,911 777,907 777,906 725,906 723,908 722,907 691,907 690,908 689,907 649,907 648,906 611,906 610,907 610,911 610,911 608,911 607,911 607,908 607,907 584,907 583,908 582,907 457,907 456,908 454,908 453,909 435,909 434,910 434,920 434,920 400,920 399,920 399,907 399,906 335,906 334,907 288,907 287,908 287,910 286,911 286,913 286,913 283,913 282,914 278,914 276,913 276,908 276,907 239,907 238,906 231,906 230,907 230,918 230,918 224,918 223,918 223,907 223,906 202,906 201,907 198,907 197,906 182,906 181,907 181,917 181,917 177,917 176,917 176,907 176,906 173,906 172,905 153,905 151,903 150,903 145,899 145,895 146,894 146,889 151,884 152,884 153,883 154,883 155,882 171,882 171,882 171,880 172,879 172,878 173,877 173,876 174,875 174,874 176,872 177,872 178,871 180,871 181,870 185,870 186,871 198,871 199,872 200,872 200,873 200,874 201,875 201,884 202,884 237,884 239,882 240,882 241,883 242,883 242,884 242,885 243,885 260,885 261,886 262,886 263,888 263,891 264,892 264,897 265,897 310,897 310,897 310,881 310,880 309,880 308,879 307,879 305,878 307,876 309,876 311,874 314,874 315,873 316,875 316,884 317,884 357,884 358,885 377,885 378,886 409,886 410,885 490,885 490,885 490,876 491,875 492,875 493,874 494,874 495,873 499,873 499,874 499,885 500,885 602,885 602,885 602,877 603,876 604,876 605,875 606,875 607,874 610,874 611,876 611,883 612,883 630,883 631,884 638,884 639,885 654,885 655,886 709,886 710,885 711,885 712,884 744,884 745,885 782,885 783,884 793,884 794,883 797,883 798,884 884,884 884,884 884,875 885,874 889,874 890,876 890,882 891,882 900,882 901,883 902,883 902,884 902,885 903,885 905,885 906,886 925,886 926,887 927,887 927,888 927,901 928,902 928,908 927,909 927,911 926,912 925,912 924,913 923,913 922,914 921,914 920,915 919,915 917,914 917,908 917,907 900,907 899,908 899,920 899,920"/><TextEquiv index="1"><Unicode>efforts, leur grand nombre nous gagnoit;</Unicode></TextEquiv></TextLine><TextLine id="r4_l018"><Coords points="160,964 159,964 159,962 159,961 150,961 149,961 149,960 147,958 147,951 148,950 148,930 150,928 151,928 152,927 153,927 154,926 172,926 172,926 172,919 173,918 174,918 175,917 181,917 182,918 231,918 232,920 232,930 233,930 286,930 287,929 306,929 307,930 360,930 361,929 396,929 396,929 396,922 398,920 435,920 437,923 437,930 438,930 486,930 486,930 486,929 487,928 490,928 491,929 521,929 522,930 621,930 622,929 622,927 623,926 623,925 628,920 629,920 631,918 637,918 638,920 638,921 639,922 639,929 640,929 664,929 665,930 716,930 717,929 762,929 762,929 762,921 763,920 764,920 765,919 770,919 771,920 812,920 812,921 812,929 813,929 893,929 893,929 893,921 894,920 903,920 905,918 907,918 908,917 911,917 912,919 912,928 914,929 928,929 928,930 928,934 929,935 929,942 930,943 930,948 931,949 931,951 931,951 930,952 928,952 927,953 926,953 924,951 867,951 865,953 865,954 862,957 861,957 860,958 858,958 856,957 856,952 856,951 792,951 791,952 791,953 790,954 790,955 789,956 789,957 787,959 786,959 786,954 786,953 767,953 765,951 719,951 718,952 689,952 688,951 608,951 607,952 592,952 591,953 542,953 541,954 541,961 541,961 540,961 540,954 540,953 519,953 517,951 453,951 452,952 341,952 340,951 280,951 279,952 239,952 238,953 213,953 212,954 212,964 212,964"/><TextEquiv index="1"><Unicode>pluſieurs vouloient traverſer nos haies, ils</Unicode></TextEquiv></TextLine><TextLine id="r4_l019"><Coords points="481,1009 477,1006 477,998 477,997 394,997 393,996 346,996 345,997 345,998 344,999 335,999 331,1003 330,1003 329,1003 329,1002 328,1001 328,998 328,997 274,997 273,998 212,998 211,999 211,1001 211,1001 164,1001 163,1002 162,1002 161,1002 161,997 161,996 158,996 157,995 155,995 152,992 151,992 150,992 150,991 149,990 149,985 148,984 148,981 149,980 149,978 153,974 154,974 155,973 157,973 157,973 157,970 158,969 158,968 159,967 159,965 160,964 213,964 213,965 213,967 214,968 214,974 215,974 271,974 272,973 273,974 274,974 275,975 329,975 330,974 389,974 389,974 389,965 390,964 390,963 391,962 394,962 395,964 395,965 396,966 396,967 397,968 397,969 398,970 398,971 399,972 399,973 401,974 445,974 446,975 534,975 534,975 534,968 537,965 538,965 539,964 540,964 540,964 540,963 542,961 543,961 543,962 543,963 544,964 544,965 545,965 625,965 626,967 626,968 627,969 627,975 628,975 661,975 662,974 665,974 666,975 717,975 719,973 734,973 735,974 809,974 809,974 809,967 812,964 813,964 814,963 815,963 816,962 818,962 819,963 821,963 822,964 823,964 824,966 824,972 825,972 864,972 865,973 926,973 927,974 931,974 931,975 931,976 932,977 932,981 931,982 931,993 930,994 930,995 930,995 922,995 921,996 915,996 914,997 911,997 910,998 910,999 909,1000 906,1000 905,1001 884,1001 883,1001 883,996 883,995 830,995 828,997 828,998 827,999 790,999 789,1000 789,1001 786,1004 785,1004 784,1005 781,1005 779,1004 779,998 779,997 661,997 660,998 660,1003 660,1003 656,1003 655,1003 655,998 655,997 604,997 603,998 547,998 546,999 546,1004 546,1004 545,1004 544,1004 544,998 544,997 518,997 517,998 517,1009 517,1009"/><TextEquiv index="1"><Unicode>étoient recus à coups de baïonnettes; &amp; nous</Unicode></TextEquiv></TextLine><TextLine id="r4_l020"><Coords points="607,1053 606,1052 322,1052 320,1051 320,1049 320,1048 158,1048 157,1048 157,1046 156,1045 156,1044 156,1043 155,1043 154,1043 154,1041 153,1040 152,1038 148,1038 147,1038 147,1016 147,1015 143,1015 142,1015 143,1014 144,1014 145,1013 195,1013 195,1013 195,1010 197,1008 633,1008 634,1007 817,1007 818,1008 910,1008 911,1010 911,1018 912,1018 930,1018 931,1020 931,1023 932,1024 932,1032 933,1033 933,1035 927,1041 918,1041 917,1042 917,1047 917,1047 726,1047 725,1048 725,1051 724,1052 720,1052 719,1053"/><TextEquiv index="1"><Unicode>avions déja couché ſur la place plus de trois</Unicode></TextEquiv></TextLine><TextLine id="r4_l021"><Coords points="319,1099 318,1099 318,1095 317,1094 317,1091 317,1090 177,1090 176,1089 154,1089 153,1089 153,1088 151,1086 151,1084 149,1082 149,1063 149,1062 123,1062 122,1062 123,1061 124,1061 125,1060 259,1060 260,1059 260,1057 261,1056 262,1056 264,1054 446,1054 448,1052 449,1052 450,1051 904,1051 905,1052 907,1052 907,1053 907,1056 909,1058 909,1061 910,1061 925,1061 925,1062 925,1063 927,1064 929,1064 930,1066 930,1079 932,1081 932,1083 932,1083 931,1084 929,1084 928,1085 917,1085 916,1086 916,1091 915,1092 821,1092 820,1093 539,1093 538,1094 538,1097 537,1098 535,1098 534,1099"/><TextEquiv index="1"><Unicode>cents hommes, ſans qu'aucun des nôtres eût</Unicode></TextEquiv></TextLine><TextLine id="r4_l022"><Coords points="202,1141 200,1140 200,1134 200,1133 164,1133 163,1132 161,1132 160,1131 159,1131 156,1129 156,1123 156,1122 154,1122 153,1122 154,1121 154,1117 155,1116 155,1115 160,1110 161,1110 162,1109 164,1109 164,1109 164,1107 165,1106 165,1104 166,1103 166,1097 168,1095 205,1095 206,1096 207,1096 208,1097 313,1097 314,1098 315,1098 316,1099 324,1099 324,1100 324,1113 325,1114 325,1117 326,1118 326,1123 327,1123 336,1123 337,1125 337,1129 334,1132 329,1132 328,1133 328,1140 328,1140 204,1140 203,1141"/><TextEquiv index="1"><Unicode>été bleſſé.</Unicode></TextEquiv></TextLine><TextLine id="r4_l023"><Coords points="286,1190 285,1190 285,1178 285,1177 268,1177 267,1178 264,1178 263,1179 263,1188 262,1189 255,1189 254,1190 251,1188 251,1186 251,1185 240,1185 239,1184 214,1184 213,1184 213,1181 213,1180 212,1180 211,1180 211,1179 211,1178 204,1178 202,1177 202,1167 201,1166 201,1159 202,1158 202,1153 203,1152 203,1151 204,1150 205,1150 207,1148 209,1148 210,1147 212,1147 213,1146 216,1146 217,1145 220,1145 221,1146 228,1146 229,1147 230,1147 231,1149 231,1157 232,1157 239,1157 240,1156 297,1156 298,1155 304,1155 305,1154 325,1154 325,1154 325,1146 327,1144 329,1144 330,1143 331,1143 332,1142 333,1143 334,1143 334,1144 334,1155 335,1155 384,1155 385,1154 411,1154 411,1154 411,1148 413,1146 414,1146 415,1145 417,1145 419,1143 421,1143 422,1145 422,1155 423,1155 436,1155 437,1156 439,1156 442,1159 470,1159 472,1157 473,1157 474,1156 476,1156 477,1155 558,1155 559,1154 562,1154 564,1156 592,1156 592,1156 592,1147 594,1145 595,1145 596,1144 598,1144 599,1143 602,1143 603,1145 603,1155 604,1155 617,1155 618,1156 646,1156 647,1155 773,1155 774,1154 774,1153 775,1152 775,1150 777,1148 777,1147 781,1143 784,1143 785,1142 799,1142 800,1144 800,1155 801,1155 835,1155 836,1154 849,1154 850,1153 851,1153 852,1154 912,1154 912,1154 912,1151 914,1149 915,1149 915,1150 915,1152 916,1152 917,1152 918,1153 927,1153 928,1154 929,1154 931,1157 931,1160 930,1161 930,1171 929,1172 929,1173 926,1176 925,1176 924,1177 919,1177 918,1178 918,1181 917,1182 915,1182 914,1181 880,1181 879,1180 868,1180 850,1180 849,1181 830,1181 829,1182 827,1182 825,1181 825,1177 825,1176 797,1176 796,1177 793,1177 792,1178 791,1178 790,1177 760,1177 759,1178 758,1177 723,1177 722,1178 722,1186 720,1188 716,1188 715,1187 714,1187 713,1187 713,1177 713,1176 679,1176 678,1177 649,1177 648,1178 647,1177 618,1177 617,1178 596,1178 595,1179 591,1179 589,1177 556,1177 555,1178 532,1178 531,1179 531,1180 531,1180 530,1180 529,1179 521,1179 520,1178 492,1178 491,1177 474,1177 473,1176 472,1176 471,1175 442,1175 440,1177 439,1177 438,1178 419,1178 418,1179 418,1182 416,1184 414,1183 414,1178 414,1177 389,1177 388,1178 386,1178 385,1179 385,1181 385,1181 384,1181 383,1181 383,1179 383,1178 366,1178 365,1179 365,1183 364,1184 363,1184 362,1184 362,1179 362,1178 352,1178 351,1177 342,1177 341,1176 332,1176 331,1177 331,1189 331,1189 328,1189 327,1189 327,1177 327,1176 312,1176 311,1177 311,1178 311,1178 310,1177 288,1177 287,1178 287,1190 287,1190"/><TextEquiv index="1"><Unicode>Cependant le canon de nos perſécuteurs</Unicode></TextEquiv></TextLine><TextLine id="r4_l024"><Coords points="168,1235 167,1235 167,1227 167,1226 164,1226 163,1226 163,1225 163,1224 162,1224 161,1224 161,1222 161,1221 153,1221 151,1220 152,1219 152,1217 154,1215 154,1204 155,1203 155,1201 157,1199 158,1199 159,1198 169,1198 170,1199 192,1199 193,1200 194,1200 195,1201 229,1201 230,1200 233,1200 234,1201 279,1201 279,1201 279,1193 281,1191 283,1191 284,1190 288,1190 288,1191 288,1199 289,1199 325,1199 325,1199 325,1191 327,1189 333,1189 333,1190 333,1198 334,1198 369,1198 369,1198 369,1194 370,1193 370,1192 373,1189 375,1189 376,1188 380,1188 384,1193 384,1194 385,1195 385,1200 386,1200 460,1200 460,1200 460,1197 461,1196 461,1194 464,1191 465,1192 468,1192 468,1193 468,1195 469,1196 469,1197 470,1198 470,1199 471,1199 478,1199 479,1200 528,1200 528,1200 528,1193 529,1192 529,1191 530,1190 534,1190 535,1192 535,1199 536,1199 546,1199 548,1201 578,1201 579,1200 623,1200 624,1199 628,1199 629,1200 644,1200 646,1202 676,1202 677,1201 691,1201 692,1200 702,1200 703,1199 713,1199 713,1199 713,1192 715,1190 717,1190 718,1192 718,1194 719,1195 719,1200 720,1200 753,1200 754,1201 800,1201 800,1201 800,1198 801,1197 801,1193 803,1191 804,1191 805,1190 806,1190 807,1189 809,1189 810,1190 813,1190 815,1193 815,1195 816,1196 816,1200 817,1200 920,1200 921,1199 925,1199 926,1200 927,1200 928,1201 929,1201 929,1202 929,1216 927,1218 927,1219 926,1220 925,1220 924,1221 919,1221 918,1222 916,1222 915,1223 913,1223 912,1224 909,1224 908,1225 907,1225 906,1226 905,1226 904,1225 903,1225 902,1224 864,1224 862,1226 851,1226 850,1227 849,1227 848,1226 847,1226 846,1226 846,1222 846,1221 816,1221 815,1222 814,1222 813,1223 779,1223 777,1225 777,1226 776,1227 776,1228 776,1228 775,1228 773,1230 772,1230 771,1231 770,1231 768,1230 768,1222 768,1221 765,1221 764,1222 764,1234 764,1234 760,1234 759,1234 759,1222 759,1221 719,1221 718,1222 630,1222 629,1223 628,1222 573,1222 572,1223 571,1222 524,1222 523,1223 523,1225 522,1226 521,1226 521,1224 520,1222 496,1222 495,1221 456,1221 455,1222 447,1222 446,1223 432,1223 431,1224 431,1231 430,1232 430,1233 430,1233 421,1233 419,1232 419,1228 419,1227 380,1227 379,1228 379,1229 379,1229 377,1229 376,1229 376,1223 376,1222 375,1222 374,1221 342,1221 341,1222 340,1221 301,1221 300,1222 298,1222 297,1223 297,1225 297,1225 296,1225 296,1223 296,1222 253,1222 252,1223 251,1223 250,1222 213,1222 212,1223 212,1232 211,1233 198,1233 197,1234 197,1235 197,1235"/><TextEquiv index="1"><Unicode>approchoit &amp; pouvoit nous nuire; &amp; nous</Unicode></TextEquiv></TextLine><TextLine id="r4_l025"><Coords points="388,1280 387,1280 387,1267 387,1266 378,1266 377,1265 376,1265 375,1264 322,1264 321,1265 309,1265 307,1267 256,1267 255,1268 229,1268 228,1267 176,1267 175,1268 175,1269 173,1271 163,1271 162,1270 161,1270 160,1270 160,1269 158,1267 158,1265 157,1264 157,1259 155,1257 156,1256 156,1252 157,1251 157,1249 158,1248 158,1247 159,1246 160,1246 162,1244 163,1244 164,1243 166,1243 166,1243 166,1237 168,1235 198,1235 198,1236 198,1244 199,1244 215,1244 216,1245 240,1245 241,1246 299,1246 300,1245 314,1245 315,1244 317,1244 318,1243 328,1243 329,1244 330,1244 331,1245 381,1245 381,1245 381,1236 383,1234 385,1234 386,1233 390,1233 391,1235 391,1245 392,1245 446,1245 447,1244 448,1245 538,1245 538,1245 538,1236 539,1235 540,1235 541,1234 542,1234 544,1232 545,1233 546,1233 547,1235 547,1245 548,1245 614,1245 615,1244 664,1244 665,1245 714,1245 715,1244 758,1244 758,1244 758,1235 759,1234 765,1234 765,1235 765,1244 766,1244 820,1244 820,1244 820,1243 821,1242 821,1241 822,1240 822,1239 823,1238 823,1237 826,1234 827,1234 828,1233 830,1233 831,1232 834,1232 837,1236 837,1242 838,1243 838,1244 839,1244 895,1244 895,1244 895,1239 896,1238 896,1237 897,1236 897,1232 899,1230 902,1230 903,1231 904,1231 904,1232 904,1245 905,1245 918,1245 919,1247 919,1249 920,1250 920,1258 921,1258 924,1258 925,1259 928,1259 931,1263 930,1264 929,1264 928,1265 928,1266 928,1266 927,1266 926,1267 917,1267 916,1268 916,1270 914,1272 912,1270 911,1270 910,1269 908,1269 906,1267 840,1267 839,1266 745,1266 744,1265 706,1265 680,1265 679,1266 678,1266 677,1267 675,1267 674,1266 590,1266 565,1266 564,1267 538,1267 537,1268 537,1271 536,1272 533,1272 532,1272 532,1267 532,1266 481,1266 480,1267 459,1267 458,1268 458,1273 453,1278 441,1278 440,1277 439,1277 438,1277 438,1276 437,1275 437,1274 436,1273 436,1269 436,1268 410,1268 409,1267 393,1267 392,1268 392,1280 392,1280"/><TextEquiv index="1"><Unicode>étions en danger de nous voir forcés.</Unicode></TextEquiv></TextLine><TextLine id="r4_l026"><Coords points="276,1325 275,1325 275,1314 275,1313 257,1313 256,1312 208,1312 207,1311 155,1311 153,1310 153,1309 152,1308 153,1307 153,1306 155,1304 155,1303 156,1302 156,1301 158,1299 162,1299 162,1299 162,1280 163,1279 164,1279 165,1278 172,1278 173,1279 639,1279 640,1278 641,1278 642,1277 643,1278 905,1278 905,1279 905,1283 906,1284 906,1285 907,1286 907,1289 908,1289 923,1289 924,1290 925,1290 926,1291 927,1291 930,1295 930,1312 929,1313 914,1313 913,1314 913,1315 912,1316 796,1316 795,1317 795,1322 795,1322 788,1322 787,1323 740,1323 739,1324 280,1324 279,1325"/><TextEquiv index="1"><Unicode>J'avois muni mes gens de crampons de</Unicode></TextEquiv></TextLine><TextLine id="r4_l027"><Coords points="313,1370 312,1370 312,1357 312,1356 306,1356 305,1357 296,1357 295,1358 237,1358 236,1359 236,1360 232,1364 232,1365 232,1365 231,1365 230,1366 228,1366 227,1367 226,1367 224,1366 224,1358 224,1357 184,1357 183,1358 183,1360 183,1360 180,1360 179,1360 179,1358 178,1356 177,1356 176,1355 162,1355 161,1354 160,1354 158,1353 159,1352 159,1337 158,1336 158,1335 160,1333 162,1333 162,1333 162,1332 163,1331 163,1328 165,1326 165,1325 169,1321 171,1321 172,1320 178,1320 178,1321 178,1322 180,1324 180,1333 181,1333 186,1333 187,1334 188,1334 189,1335 206,1335 207,1336 209,1336 210,1337 273,1337 273,1337 273,1328 274,1327 274,1326 275,1325 288,1325 289,1324 291,1324 292,1326 292,1336 293,1336 345,1336 346,1335 357,1335 357,1335 357,1330 358,1329 358,1328 360,1326 363,1326 364,1327 365,1327 366,1329 366,1334 367,1334 439,1334 440,1333 440,1331 443,1328 443,1327 444,1326 445,1326 446,1325 447,1325 447,1325 447,1324 448,1323 455,1323 456,1325 456,1326 457,1327 457,1334 458,1334 507,1334 507,1334 507,1326 509,1324 514,1324 514,1325 514,1334 515,1334 562,1334 563,1333 583,1333 583,1334 583,1335 584,1335 633,1335 634,1334 679,1334 680,1333 681,1333 682,1334 734,1334 734,1334 734,1325 736,1323 750,1323 751,1322 764,1322 765,1324 765,1334 767,1335 812,1335 813,1334 813,1333 814,1332 814,1330 815,1329 815,1328 816,1327 816,1326 817,1325 818,1325 820,1323 822,1323 823,1322 826,1322 827,1323 828,1323 829,1325 829,1334 830,1334 854,1334 855,1335 903,1335 904,1334 918,1334 919,1333 921,1333 922,1332 925,1332 925,1333 925,1334 926,1334 928,1334 929,1336 929,1337 930,1338 930,1355 929,1356 914,1356 913,1357 913,1360 911,1362 909,1360 908,1360 907,1359 898,1359 896,1357 829,1357 827,1359 816,1359 815,1358 813,1358 812,1357 726,1357 725,1356 682,1356 681,1357 642,1357 641,1358 641,1360 641,1360 639,1360 638,1360 638,1357 638,1356 624,1356 623,1355 547,1355 546,1356 476,1356 475,1357 475,1359 474,1360 453,1360 451,1359 451,1358 451,1357 443,1357 442,1356 379,1356 378,1357 373,1357 372,1356 315,1356 314,1357 314,1370 314,1370"/><TextEquiv index="1"><Unicode>fer; ils s'en ſervirent merveilleuſement</Unicode></TextEquiv></TextLine><TextLine id="r4_l028"><Coords points="298,1416 297,1415 201,1415 200,1415 200,1414 200,1413 158,1413 157,1413 157,1412 156,1411 156,1410 155,1410 154,1410 155,1409 158,1409 158,1409 158,1381 160,1379 162,1379 163,1378 165,1378 166,1377 309,1377 309,1377 309,1373 310,1372 310,1371 311,1370 471,1370 472,1369 473,1369 474,1368 476,1368 477,1367 478,1367 479,1368 561,1368 562,1369 680,1369 681,1370 683,1370 683,1371 683,1379 684,1379 878,1379 878,1379 878,1371 880,1369 884,1369 885,1371 885,1380 886,1380 897,1380 898,1381 899,1381 900,1383 900,1385 901,1386 901,1388 902,1388 913,1388 913,1389 913,1392 914,1392 926,1392 930,1397 930,1400 931,1401 929,1403 929,1404 926,1407 925,1407 924,1408 923,1408 922,1409 918,1409 916,1408 916,1405 916,1404 913,1404 912,1403 847,1403 846,1402 508,1402 507,1403 507,1406 507,1406 461,1406 460,1407 460,1411 459,1412 365,1412 364,1413 307,1413 306,1414 306,1416 306,1416"/><TextEquiv index="1"><Unicode>pour grimper plus haut. Les ennemis,</Unicode></TextEquiv></TextLine><TextLine id="r4_l029"><Coords points="199,1460 199,1459 199,1458 155,1458 154,1458 156,1456 156,1454 157,1453 157,1426 159,1424 163,1424 164,1423 199,1423 199,1423 199,1416 200,1415 429,1415 431,1413 432,1413 433,1412 438,1412 441,1416 441,1423 442,1423 762,1423 762,1423 762,1416 764,1414 768,1414 768,1415 768,1416 769,1417 769,1423 770,1423 821,1423 822,1424 924,1424 925,1425 930,1425 930,1426 930,1427 931,1428 931,1441 930,1442 930,1443 929,1444 928,1444 927,1445 925,1445 924,1446 907,1446 906,1447 883,1447 882,1448 829,1448 828,1449 828,1457 827,1458 625,1458 624,1459 623,1459 622,1459 622,1455 622,1454 557,1454 554,1452 554,1450 554,1449 201,1449 200,1450 200,1460 200,1460"/><TextEquiv index="1"><Unicode>privés de ce ſecours, ne pouvoient nous</Unicode></TextEquiv></TextLine><TextLine id="r4_l030"><Coords points="867,1499 867,1493 867,1492 822,1492 821,1491 758,1491 757,1492 752,1492 751,1491 676,1491 675,1492 633,1492 632,1491 543,1491 542,1492 541,1491 461,1491 460,1492 426,1492 425,1491 332,1491 331,1492 315,1492 314,1493 311,1493 310,1494 310,1498 309,1499 309,1500 309,1500 307,1500 306,1500 306,1499 306,1498 266,1498 265,1498 265,1494 265,1493 252,1493 251,1492 204,1492 203,1493 203,1499 203,1499 202,1499 201,1498 200,1498 199,1497 179,1497 178,1497 178,1496 177,1495 177,1493 177,1492 161,1492 158,1489 157,1489 156,1489 156,1486 158,1484 159,1484 159,1484 159,1473 162,1470 162,1469 163,1468 163,1467 164,1466 164,1465 165,1464 165,1463 170,1458 178,1458 179,1459 199,1459 200,1460 201,1460 201,1461 201,1463 202,1464 202,1471 203,1471 258,1471 259,1472 260,1472 262,1474 302,1474 302,1474 302,1462 304,1460 333,1460 334,1461 335,1461 336,1463 336,1469 337,1469 373,1469 374,1470 422,1470 422,1470 422,1461 423,1460 424,1460 425,1459 426,1459 427,1458 430,1458 431,1460 431,1469 432,1469 447,1469 448,1470 463,1470 464,1471 514,1471 515,1470 554,1470 555,1469 556,1470 605,1470 605,1470 605,1460 606,1459 607,1459 608,1458 613,1458 614,1459 626,1459 627,1461 627,1469 628,1469 639,1469 640,1470 721,1470 721,1470 721,1461 724,1458 729,1458 729,1459 729,1461 730,1461 740,1461 741,1462 742,1462 742,1463 742,1464 743,1465 743,1469 744,1469 803,1469 803,1469 803,1462 805,1460 808,1460 809,1459 811,1459 812,1461 812,1470 813,1470 870,1470 871,1469 912,1469 912,1469 912,1459 914,1457 917,1457 919,1460 919,1461 921,1463 921,1465 922,1466 922,1468 923,1469 923,1471 924,1471 926,1471 927,1473 927,1484 928,1484 931,1484 933,1487 933,1488 932,1489 932,1490 930,1492 913,1492 912,1493 910,1491 871,1491 870,1492 870,1499 869,1500"/><TextEquiv index="1"><Unicode>ſuivre. Nous les canardions d'en-haut à</Unicode></TextEquiv></TextLine><TextLine id="r4_l031"><Coords points="503,1549 502,1549 502,1536 502,1535 470,1535 469,1536 412,1536 411,1537 410,1537 409,1538 409,1541 409,1541 389,1541 388,1542 388,1544 387,1545 380,1545 379,1544 374,1544 371,1542 371,1536 371,1535 339,1535 337,1537 336,1537 335,1538 334,1538 333,1537 301,1537 300,1538 295,1538 294,1539 294,1540 292,1542 292,1544 290,1546 289,1546 288,1547 285,1547 284,1548 281,1548 280,1547 277,1547 274,1545 274,1544 273,1543 273,1542 273,1541 241,1541 240,1541 240,1537 240,1536 164,1536 163,1537 163,1541 162,1542 160,1541 160,1534 159,1533 159,1517 160,1516 161,1516 162,1515 164,1515 165,1514 172,1514 173,1513 211,1513 213,1515 279,1515 280,1514 318,1514 318,1514 318,1513 319,1512 319,1509 320,1508 320,1505 323,1502 326,1502 327,1504 327,1521 328,1522 328,1530 329,1530 360,1530 360,1530 360,1517 361,1516 361,1515 362,1514 362,1513 363,1512 363,1511 367,1507 369,1507 371,1505 373,1505 374,1504 377,1504 378,1505 382,1505 383,1506 384,1506 385,1507 419,1507 420,1506 423,1506 424,1507 425,1507 426,1509 426,1514 427,1514 460,1514 461,1513 462,1513 463,1514 464,1514 465,1515 466,1515 466,1516 466,1517 467,1518 467,1524 468,1525 468,1531 471,1533 501,1533 501,1533 501,1519 502,1518 503,1518 504,1517 505,1517 506,1516 512,1516 513,1515 583,1515 584,1514 626,1514 626,1514 626,1513 627,1512 627,1511 628,1510 628,1508 633,1503 635,1503 636,1502 652,1502 653,1503 654,1503 654,1504 654,1507 655,1508 655,1515 656,1515 693,1515 694,1514 748,1514 748,1514 748,1508 749,1507 749,1506 750,1505 751,1505 752,1504 754,1504 755,1503 756,1503 757,1505 757,1515 758,1515 796,1515 797,1514 801,1514 802,1515 836,1515 837,1516 870,1516 871,1515 871,1514 872,1513 876,1513 877,1514 913,1514 914,1516 914,1517 915,1518 915,1521 916,1521 930,1521 931,1522 932,1522 932,1523 932,1527 933,1528 931,1530 926,1530 925,1531 925,1532 925,1532 914,1532 913,1533 913,1535 913,1535 874,1535 873,1536 872,1536 871,1536 871,1531 871,1530 839,1530 837,1532 837,1533 836,1534 836,1535 836,1535 822,1535 821,1536 811,1536 810,1537 810,1539 810,1539 784,1539 783,1540 783,1545 782,1546 776,1546 775,1547 741,1547 740,1548 739,1548 737,1546 710,1546 705,1546 704,1547 698,1547 695,1545 695,1537 694,1535 662,1535 660,1537 655,1537 654,1536 652,1536 619,1536 618,1537 592,1537 591,1538 591,1545 590,1546 590,1547 590,1547 582,1547 580,1546 580,1537 580,1536 548,1536 547,1537 519,1537 518,1538 507,1538 506,1539 506,1549 506,1549"/><TextEquiv index="1"><Unicode>notre gré. Qu'on me paſſe quelques ter-</Unicode></TextEquiv></TextLine><TextLine id="r4_l032"><Coords points="565,1593 564,1593 564,1592 563,1591 563,1590 563,1589 303,1589 265,1589 264,1590 264,1591 262,1593 251,1593 249,1592 249,1591 248,1590 248,1589 248,1588 177,1588 176,1588 176,1586 176,1585 164,1585 163,1584 161,1584 160,1584 160,1583 160,1582 159,1582 158,1582 158,1579 159,1578 161,1578 161,1578 161,1564 162,1563 162,1562 164,1560 165,1560 166,1559 167,1559 168,1558 362,1558 362,1558 362,1552 363,1551 364,1551 365,1550 366,1550 367,1549 409,1549 410,1548 429,1548 430,1547 629,1547 630,1546 631,1547 633,1547 634,1548 880,1548 881,1547 903,1547 904,1548 906,1548 906,1549 906,1556 907,1556 923,1556 924,1557 926,1557 929,1561 929,1572 932,1575 932,1576 933,1577 931,1579 931,1580 930,1581 916,1581 915,1582 914,1582 913,1583 636,1583 635,1584 595,1584 594,1585 594,1587 593,1588 593,1589 593,1589 571,1589 570,1590 570,1591 568,1593"/><TextEquiv index="1"><Unicode>mes peu choiſis: ici je ſuis militaire. En</Unicode></TextEquiv></TextLine></TextRegion></Page></PcGts>