1116 1854
163 103 237 133 c
150 140 930 195 tel que moi. Des princes élevés en prin-
165 191 931 240 ces, étoient capables de tout gâter. Je ſus
165 236 930 284 concilier tout, & je parvins à m'en faire
161 280 267 319 obéir.
160 327 932 375 Le brave général, mon bienfaiteur,
159 369 934 419 étoit mort depuis quelque temps: ſi je
161 417 933 463 l'avois eu contre moi, il m'auroit cruelle-
159 458 934 508 ment embarraſſé. Sachant que la reine étoit
160 506 942 554 en sûreté pour quelque temps, & qu'on
160 552 933 599 avoit ſuſpendu ſon procès, parce que des
160 596 934 644 médecins, qui la favoriſoient, l'avoient
151 640 933 689 déclarée groſſe de nouveau, je n'avois
159 683 933 734 pas craint de me réfugier vers l'extrémité
161 731 933 779 du royaume, où les conquêtes étoient
158 776 930 823 plus faciles. Une armée de ſoixante mille
158 818 931 869 hommes vint m'y combattre; je la défis
158 867 931 913 complétement avec une poignée de mon-
143 909 933 958 de. Mes ſoldats étoient tous des héros,
148 956 943 1003 parce que je les traitois comme tels. Je
157 1000 931 1054 paſſe ſous ſilence le détail de mes opéra-
158 1043 932 1093 nons militaires. J'écrirai peut-être quel-
161 1090 931 1140 que jour l'hiſtoire de mes campagnes;
159 1134 930 1183 je me contente d'en donner ici les réſul-
160 1193 284 1227 tats.
171 1220 931 1272 J'avançois toujours dans le cœur de
158 1269 933 1317 l'état; mais je n'avois pas encore des for-
158 1316 931 1364 ces ſuffiſantes pour approcher de la capi-
160 1361 929 1407 tale. Fier de mes victoires, j'en remportois
158 1406 927 1453 tous les jours de nouvelles. Tout-à-coup on
158 1449 927 1500 vient m'apprendre qu'on a oſé faire le pro-
157 1493 925 1552 cès à la reine; qu'elle a été condamnée
159 1541 935 1589 a avoir la tête tranchée, & que la ſentence
