1116 1854
700 1610 763 1644 I
838 128 903 160 La
123 168 903 216 eſt peut-être déja exécutée. Mes cheveux
120 215 904 262 ſe dreſſerent ſur ma tête à cette nouvelle;
116 260 904 306 je voulois ſur le champ voler au ſecours
117 305 904 351 de mon amante; mais comment faire?
118 350 902 395 J'avois en tête une armée nouvelle de qua-
120 394 914 442 tre-vingt mille hommes; la mienne avoir
119 440 903 485 beſoin de ma préſence pour réſiſter. Com-
120 485 903 532 ment la conduire juſqu'à Paris-neuf, ſur le
119 529 904 576 corps de tant d'ennemis, à travers tant de
120 574 904 622 pays ravagés? Comment forcer cette ville
121 619 903 668 auſſi grande que Paris, mieux fortifiée,
122 664 903 713 & munie d'une forte garniſon? Mais le
123 708 904 757 danger de ma reine étoit preſſant; pouvois-
125 753 904 800 je la laiſſer périr? Je choiſis cent de mes
126 800 920 846 ſoldats les plus braves, qui me promirent
126 844 921 890 d'aller à tous les diables pour moi, car ce
126 889 925 935 fut leur expreſſion. Je partis en poſte avec
128 934 906 981 eux tous. Nous manquâmes peu de chevaux,
129 978 924 1022 & nous arrivâmes en moins de deux jours.
129 1024 924 1070 Nous trouvâmes les portes de la capitale fer-
129 1069 963 1116 mées. Nous entendîmes toutes les cloches
132 1116 904 1161 tinten, comme pour les morts; & il y avoit
132 1160 901 1206 des drapeaux noirs au haut de toutes les
135 1203 928 1250 tours. On tiroit à chaque minute un coup
131 1248 903 1291 de canon. „Oh ciel, me dis-je! la reine
134 1293 904 1341 “eſt-elle morte, ou ſont-ce-là les apprêts
136 1341 419 1378 “de ſa mort?“
182 1384 905 1430 Nous ne pouvions entrer dans la ville
136 1429 927 1477 par force; il falloit donc recourir à la ruſe.
124 1473 902 1517 Je connoiſſois un ſouterrain qui condui-
134 1518 901 1566 ſoit, de la campagne, juſtement dans la
137 1562 903 1613 place où l'on devoit immoler la victime:
