1116 1854
858 115 958 169 ay
174 171 948 218 & majeſtueuſe. Ma ſouveraine, celle que
170 217 943 262 j'adorois étoit au milieu des bourreaux,
171 262 944 308 elle alloit perdre la vie pour moi. Hélas!
170 305 944 353 peut-être on l'eût épargnée; mais on l'avoit
169 349 943 399 regardée comme l'auteur de ma révolte;
169 396 942 442 le contre-coup de mes ſuccès étoit retombé
170 441 943 487 ſur elle: on l'en puniſſoit; en un mot, un
169 485 946 532 conſeil fanatique, ſemblable à celui qui fit
170 530 941 577 périr Charles I, roi d'Angleterre, avoit con-
170 573 946 622 damné cette perſonne ſacrée à avoir la tête
171 619 943 666 tranchée. Le peuple, qui avoit demandé ſa
171 664 945 712 mort, la pleuroit. Tous les yeux étoient
149 709 946 757 en larmes; ſon rang, ſa jeuneſſe, ſa beauté,
174 754 945 801 touchoient tous les cœurs, le mien étoit
172 799 944 846 tenaillé: l'expreffion eſt haſardée, mais
173 845 948 892 elle n'eſt pas trop forte. Je vis ſur la place,
173 890 945 936 plufieurs amis, que je ſavois lui être par-
171 934 946 982 faitement attachés, & qui étoient abymés
171 981 946 1018 dans la douleur. Je me découvris en ſecret
175 1026 944 1069 à eux, & je leur dis: „Suivez-moi, ſans
175 1070 950 1117 “témoigner aucun deſſein, & rangez-vous
173 1115 946 1157 “autour de liſſue du ſouterrain.“ Ils en
175 1162 451 1206 vinrent à bout.
217 1204 947 1251 Cependant la reine tint au peuple un
173 1248 945 1296 diſcours, qui fit ſanglotter toute l'affemblée.
174 1295 953 1340 Elle adreſſa au ciel une fervente priere; &
175 1341 951 1386 elle donnoit le dernier baiſer aux perſonnes
156 1385 944 1432 qui la ſervoient. Tout-à-coup elle m'apper-
174 1430 944 1476 coit, elle rougit au milieu de ſa pâleur.
175 1475 943 1522 Je donne le ſignal. Soudain la grille eſt en-
175 1516 943 1567 foncée; la porte s'ouvre, avec une dé-
174 1564 946 1612 charge épouvantable d'artillerie, & d'autres
