1116 1854
190 106 257 140 c
187 158 965 205 feux qui ſortent du gouffre. Le peuple s'en
185 203 964 249 fuit, en pouſſant des hurlements. Les ſol-
184 248 962 296 dats font de vains efforts pour approcher;
185 293 961 341 mes amis n'ont pas de peine à les arrêter
183 336 991 386 pour le moment, d'ailleurs tous étoient, en
184 383 958 431 ſecret, pour la reine, juſqu'aux bourreaux,
184 427 957 476 qui reſtoient confondus. Je m'élance ſur
182 472 958 518 l'échafaud, le ſabre à la main; ma reine
180 517 957 562 vole dans mes bras; je l'enleve, comme un
181 563 956 612 oiſeau, ſans que perſonne cherche à y met-
181 608 956 653 tre obſtacle. Deſcendus dans le ſouterrain,
180 654 952 701 nous y trouvons des chevaux qui nous at-
157 698 951 745 tendent; nous fuyons à toutes brides dans
179 744 952 793 cet obſcur ſentier, tandis que nos amis &
180 788 956 838 mes gens ſoutiennent l'effort des ſoldats, qui
180 833 952 881 donnent enfin ſigne de vie. Nous arrivons
178 878 954 926 bientôt à l'iſſue qui aboutit dans la cam-
179 924 945 974 pagne. Nous voilà dehors, nous voilà déja
177 970 945 1016 bien loin. Mes gens me rejoignent peu-à-
179 1014 953 1063 peu, &, en deux jours, je me revois au
167 1059 585 1103 milieu de mon armée.
188 1103 944 1151 Enfin, je conquis le royaume pied-à-
174 1148 948 1197 pied. Au bout de deux mois, j'entrai avec
175 1194 939 1242 la-reine dans la capitale, dont je m'étois
176 1238 940 1286 emparé d'emblée. Tout fut ſoumis en très-
174 1286 948 1333 peu de temps. On amena aux pieds de la
174 1327 937 1377 reine tous ſes juges garrottés. Elle leur
173 1374 937 1421 pardonna; j'en fis autant; mais les malheu-
175 1419 756 1468 reux ne nous pardonnerent pas.
