<PcGts xmlns="http://schema.primaresearch.org/PAGE/gts/pagecontent/2017-07-15" xmlns:xsi="http://www.w3.org/2001/XMLSchema-instance" xsi:schemaLocation="http://schema.primaresearch.org/PAGE/gts/pagecontent/2017-07-15 http://schema.primaresearch.org/PAGE/gts/pagecontent/2017-07-15/pagecontent.xsd"><Metadata><Creator/><Created>2020-09-17T10:49:54</Created><LastChange>1970-01-01T00:00:00</LastChange><Comments/></Metadata><Page imageFilename="0213.png" imageHeight="1854" imageWidth="1116"><ReadingOrder><OrderedGroup id="g1"><RegionRefIndexed index="0" regionRef="r5"/><RegionRefIndexed index="1" regionRef="r3"/><RegionRefIndexed index="2" regionRef="r1"/></OrderedGroup></ReadingOrder><TextRegion id="r1" type="paragraph" orientation="-0.0"><Coords points="122,406 121,407 121,421 122,421 123,422 128,422 129,423 129,424 130,425 130,440 129,441 129,450 130,451 130,453 129,454 98,454 98,465 121,465 122,466 122,468 123,469 124,469 125,470 205,470 206,469 230,469 231,468 255,468 256,469 372,469 373,468 374,468 375,467 376,468 405,468 406,469 453,469 454,468 455,468 456,467 456,466 457,465 460,468 471,468 472,469 524,469 527,466 529,468 529,469 569,469 570,468 627,468 628,469 706,469 707,468 708,468 709,469 720,469 721,470 722,470 723,471 722,472 705,472 704,473 704,474 703,475 703,482 702,483 626,483 625,482 625,471 622,471 621,470 585,470 584,471 582,471 581,472 580,472 579,473 579,475 578,476 578,477 577,478 577,479 576,480 575,480 575,482 574,483 573,483 572,484 571,483 491,483 490,484 462,484 460,486 458,486 456,488 455,487 455,486 453,484 450,484 449,483 326,483 325,484 268,484 267,485 265,485 264,486 261,486 261,495 263,495 264,496 264,497 266,499 266,500 265,501 264,501 264,513 286,513 287,514 296,514 297,515 296,516 274,516 273,517 273,518 272,519 271,519 271,528 270,529 235,529 234,528 233,528 232,527 224,527 223,526 223,523 222,522 222,521 221,520 221,519 220,518 220,517 221,516 223,516 223,515 224,514 252,514 253,513 253,501 251,501 250,500 251,499 253,499 253,486 252,485 250,485 249,484 249,483 248,482 213,482 212,483 194,483 193,484 174,484 173,483 129,483 128,484 126,484 125,485 124,485 123,486 123,497 124,498 125,498 126,499 125,500 124,500 123,501 123,513 124,513 125,514 187,514 188,515 187,516 183,516 183,519 182,520 181,520 181,521 180,522 180,523 179,524 179,527 178,528 127,528 126,529 122,529 120,531 120,541 121,542 121,543 122,544 121,545 120,545 120,546 119,547 119,557 120,558 121,558 122,559 172,559 173,560 172,561 141,561 141,563 140,564 140,572 139,573 128,573 127,574 123,574 122,575 120,575 119,576 119,580 118,581 118,596 125,603 134,603 135,604 132,607 130,607 128,609 128,610 126,612 126,615 125,616 124,616 123,617 122,617 121,618 121,630 122,631 124,631 125,632 124,633 121,633 120,634 120,645 122,647 142,647 143,648 163,648 165,650 165,651 164,652 142,652 141,653 141,661 140,662 122,662 121,663 121,664 120,665 120,674 122,676 124,676 125,677 123,679 122,679 122,690 123,691 124,691 125,692 159,692 161,694 160,695 130,695 127,698 127,699 125,701 125,705 124,706 120,706 119,707 119,719 120,720 122,720 123,721 123,723 122,724 120,724 120,725 119,726 119,735 120,736 126,736 128,738 128,740 127,741 123,741 123,743 122,744 122,754 123,755 126,755 127,756 127,768 126,769 125,769 124,770 123,770 122,771 122,780 125,783 168,783 169,784 168,785 135,785 134,786 129,786 128,787 127,787 126,788 126,798 128,800 129,800 130,801 130,813 127,816 127,826 128,827 129,827 130,828 284,828 285,827 286,828 286,836 288,838 298,838 300,840 300,841 299,842 280,842 279,841 279,830 242,830 241,831 239,831 237,833 237,840 236,841 235,841 235,842 234,843 216,843 215,844 214,843 212,843 211,842 181,842 180,841 180,831 179,830 139,830 138,831 136,831 136,841 135,842 133,842 132,843 131,843 130,844 129,844 127,846 127,847 126,848 126,858 127,859 127,866 133,872 156,872 157,873 198,873 199,872 212,872 213,873 213,884 251,884 251,883 252,882 258,882 258,873 259,872 329,872 330,873 368,873 369,872 374,872 375,873 409,873 410,872 426,872 427,871 438,871 439,872 476,872 477,871 485,871 486,872 486,873 521,873 521,872 522,871 578,871 579,870 580,870 581,869 589,869 590,870 671,870 672,871 672,874 670,876 670,878 669,879 669,881 668,882 668,884 667,885 658,885 657,884 623,884 622,885 608,885 607,884 607,874 568,874 565,877 564,877 564,884 563,885 544,885 543,884 543,876 505,876 504,877 501,877 500,878 500,885 499,886 477,886 476,885 476,877 475,876 405,876 404,877 404,885 403,886 338,886 337,885 337,882 336,881 336,880 334,878 333,878 332,877 331,877 330,876 329,876 327,874 294,874 292,876 292,885 291,886 274,886 273,887 247,887 246,888 228,888 227,887 172,887 171,886 171,880 170,879 170,876 130,876 129,877 127,877 127,888 128,889 128,891 129,892 129,899 130,900 130,902 129,903 129,915 130,916 132,916 133,917 157,917 158,918 264,918 265,917 381,917 382,918 441,918 442,917 471,917 472,916 505,916 506,917 541,917 542,916 551,916 552,915 647,915 648,914 664,914 665,915 666,915 667,916 704,916 705,915 713,915 714,916 797,916 798,915 805,915 806,916 806,917 805,918 765,918 760,923 760,924 759,925 758,925 758,927 757,928 757,929 756,930 685,930 684,929 684,920 683,919 683,918 636,918 633,921 633,924 632,925 621,925 618,922 618,920 617,919 617,918 582,918 581,919 581,921 580,922 580,929 579,930 565,930 564,931 529,931 528,932 517,932 516,931 477,931 476,932 473,932 472,931 434,931 433,932 395,932 394,931 359,931 358,932 342,932 341,931 305,931 304,932 290,932 289,931 278,931 276,929 276,927 275,926 275,923 274,922 273,922 272,921 234,921 233,922 231,922 229,924 229,928 228,929 228,938 227,939 227,946 226,947 222,947 221,946 202,946 201,945 201,937 199,935 199,934 198,933 196,933 195,932 134,932 133,933 132,933 129,936 129,940 128,941 128,954 129,955 129,957 131,957 132,958 132,959 133,960 134,960 136,962 182,962 184,964 184,971 186,971 187,972 186,973 186,974 184,976 170,976 169,975 169,972 168,971 168,966 167,965 132,965 131,966 126,966 126,967 125,968 125,979 126,980 127,980 128,981 128,986 129,987 129,991 127,993 127,994 126,995 126,1004 128,1006 182,1006 184,1008 243,1008 243,1007 244,1006 334,1006 336,1008 336,1009 335,1010 334,1010 334,1011 333,1012 333,1016 332,1017 332,1019 331,1020 320,1020 319,1019 319,1010 318,1009 285,1009 284,1010 282,1010 281,1011 259,1011 258,1012 257,1012 256,1013 256,1020 254,1022 250,1022 249,1021 249,1013 247,1011 212,1011 211,1012 209,1012 209,1013 208,1014 208,1022 207,1023 201,1023 200,1022 200,1010 163,1010 162,1011 161,1011 160,1012 156,1012 156,1020 154,1022 132,1022 131,1023 129,1023 127,1025 127,1034 126,1035 126,1048 130,1052 148,1052 149,1053 237,1053 238,1052 257,1052 258,1053 292,1053 293,1054 292,1055 273,1055 272,1056 268,1056 268,1066 267,1067 217,1067 216,1068 205,1068 204,1067 173,1067 172,1066 172,1055 132,1055 132,1056 131,1057 130,1057 130,1064 129,1065 129,1066 128,1067 128,1078 129,1079 131,1079 133,1081 133,1082 131,1084 130,1084 129,1085 129,1095 130,1096 146,1096 147,1097 162,1097 163,1098 183,1098 184,1099 199,1099 200,1100 200,1104 201,1105 201,1106 202,1107 202,1108 229,1108 231,1110 231,1112 230,1113 217,1113 216,1112 173,1112 171,1110 171,1101 170,1100 134,1100 133,1101 130,1101 129,1102 129,1111 128,1112 127,1112 127,1125 128,1126 131,1126 132,1127 132,1134 127,1139 127,1148 130,1151 130,1159 132,1161 133,1161 134,1162 134,1169 133,1170 133,1172 132,1173 131,1173 130,1174 130,1185 131,1186 132,1186 133,1187 163,1187 164,1188 200,1188 201,1187 267,1187 268,1186 285,1186 286,1187 380,1187 381,1186 383,1186 384,1185 414,1185 415,1186 413,1188 398,1188 395,1191 393,1191 393,1199 392,1200 370,1200 369,1199 336,1199 330,1205 330,1213 329,1214 318,1214 317,1213 317,1207 316,1206 316,1205 315,1204 315,1203 314,1202 310,1202 309,1201 269,1201 268,1200 268,1196 267,1195 267,1192 266,1191 266,1190 229,1190 228,1191 228,1194 227,1195 227,1196 225,1198 225,1199 224,1200 196,1200 194,1202 179,1202 178,1201 129,1201 127,1203 127,1213 129,1215 129,1222 130,1223 130,1227 131,1227 132,1228 132,1229 134,1231 143,1231 144,1232 248,1232 250,1234 249,1235 248,1235 247,1236 246,1236 245,1237 244,1237 244,1245 243,1246 187,1246 186,1245 186,1236 147,1236 146,1237 143,1237 143,1245 142,1246 140,1246 139,1247 137,1247 135,1249 135,1250 133,1252 133,1253 132,1254 132,1268 133,1269 133,1272 137,1276 148,1276 150,1278 208,1278 208,1277 209,1276 243,1276 245,1274 246,1275 246,1276 303,1276 305,1278 305,1279 304,1280 280,1280 279,1281 276,1281 274,1283 274,1286 273,1287 273,1289 272,1290 215,1290 213,1292 187,1292 186,1291 186,1281 181,1281 180,1280 144,1280 143,1281 142,1281 142,1282 141,1283 140,1283 137,1286 137,1289 136,1290 134,1290 133,1291 133,1303 134,1304 134,1305 136,1307 134,1309 133,1309 133,1320 150,1320 152,1322 155,1322 156,1323 193,1323 194,1322 252,1322 252,1321 253,1320 276,1320 278,1322 278,1323 299,1323 300,1324 299,1325 276,1325 275,1326 271,1326 271,1333 270,1334 265,1334 263,1336 200,1336 199,1335 199,1329 198,1328 198,1326 135,1326 134,1327 133,1327 133,1340 135,1340 136,1341 136,1353 135,1354 134,1354 133,1355 133,1365 134,1366 134,1367 157,1367 158,1368 214,1368 215,1367 216,1367 217,1366 224,1366 225,1367 225,1376 226,1376 227,1377 263,1377 264,1378 263,1379 263,1380 260,1383 256,1383 255,1382 252,1382 251,1381 251,1380 214,1380 213,1381 192,1381 191,1382 184,1382 183,1381 140,1381 139,1382 136,1382 135,1383 134,1383 134,1395 135,1396 136,1396 137,1397 137,1398 136,1399 135,1399 135,1411 136,1412 176,1412 177,1413 213,1413 214,1412 216,1412 217,1411 236,1411 237,1412 237,1413 234,1416 234,1417 230,1421 230,1422 229,1423 228,1422 228,1421 227,1420 227,1417 225,1415 190,1415 188,1417 187,1417 186,1418 184,1418 184,1426 183,1427 181,1427 180,1426 143,1426 142,1427 136,1427 135,1428 133,1428 130,1431 130,1440 131,1441 132,1441 133,1442 132,1443 132,1457 133,1458 167,1458 168,1457 169,1458 169,1461 197,1461 198,1462 197,1463 197,1464 194,1467 194,1468 191,1471 139,1471 138,1472 135,1472 134,1473 134,1475 133,1476 133,1485 134,1486 134,1490 133,1491 133,1500 134,1501 171,1501 172,1500 173,1500 174,1501 182,1501 183,1502 183,1504 184,1505 184,1509 185,1510 185,1514 186,1515 186,1518 185,1519 147,1519 147,1602 227,1602 227,1546 228,1545 236,1545 237,1546 262,1546 264,1548 264,1550 263,1551 263,1555 262,1556 261,1556 261,1557 260,1558 260,1559 259,1560 241,1560 240,1561 237,1561 236,1562 236,1563 235,1564 235,1573 236,1574 236,1575 238,1577 237,1578 236,1578 235,1579 235,1592 236,1593 270,1593 271,1594 271,1601 272,1602 275,1602 276,1603 311,1603 312,1602 318,1602 318,1594 319,1593 344,1593 345,1592 410,1592 411,1593 411,1600 413,1602 453,1602 454,1601 458,1601 458,1592 460,1590 469,1590 471,1592 475,1592 476,1593 514,1593 515,1592 515,1591 516,1590 521,1590 522,1589 523,1590 523,1592 524,1593 559,1593 560,1594 560,1596 561,1597 595,1597 596,1596 596,1591 597,1590 600,1590 602,1592 602,1598 603,1599 611,1599 612,1600 615,1600 616,1601 616,1607 653,1607 653,1596 652,1595 652,1592 653,1591 654,1592 689,1592 689,1591 690,1590 739,1590 741,1588 741,1575 740,1574 741,1573 743,1573 745,1571 745,1559 744,1558 736,1558 735,1557 669,1557 668,1556 668,1548 667,1547 667,1546 631,1546 628,1549 628,1556 627,1557 609,1557 608,1558 584,1558 583,1557 546,1557 545,1558 529,1558 528,1559 507,1559 506,1558 471,1558 470,1559 442,1559 441,1560 413,1560 412,1561 411,1561 410,1560 388,1560 387,1559 387,1556 385,1554 385,1548 375,1548 374,1547 374,1546 375,1545 376,1545 383,1538 383,1536 384,1535 384,1528 385,1527 387,1527 388,1528 388,1533 390,1535 390,1538 391,1539 391,1541 392,1542 392,1544 393,1545 419,1545 420,1546 455,1546 456,1545 483,1545 484,1544 516,1544 517,1543 519,1543 520,1542 520,1541 521,1540 522,1540 523,1541 525,1541 526,1542 592,1542 593,1543 669,1543 670,1542 730,1542 731,1543 766,1543 767,1544 766,1545 757,1545 757,1555 756,1556 753,1556 751,1558 750,1558 749,1559 749,1561 748,1562 748,1564 747,1565 747,1578 748,1579 748,1582 753,1587 753,1588 754,1589 852,1589 852,1588 853,1587 854,1587 856,1585 856,1584 857,1583 857,1582 858,1581 859,1582 859,1584 860,1585 860,1593 898,1593 899,1592 901,1592 901,1591 902,1590 926,1590 927,1589 928,1589 928,1588 929,1587 929,1586 930,1585 930,1561 928,1559 927,1559 926,1558 925,1558 924,1557 865,1557 864,1558 863,1558 862,1559 860,1559 860,1560 859,1561 859,1563 858,1564 857,1563 857,1559 855,1557 840,1557 839,1556 800,1556 799,1555 799,1554 800,1553 806,1553 807,1552 813,1552 813,1544 814,1543 848,1543 849,1542 850,1542 851,1541 851,1539 852,1538 852,1536 853,1535 854,1535 855,1536 855,1537 859,1541 881,1541 882,1542 883,1542 884,1543 922,1543 923,1542 924,1542 925,1541 927,1541 928,1540 928,1539 929,1538 929,1517 927,1515 927,1514 926,1513 923,1513 922,1512 906,1512 904,1510 904,1501 869,1501 868,1502 864,1502 863,1503 863,1504 862,1505 862,1511 861,1512 860,1512 859,1513 858,1513 856,1515 855,1515 855,1517 853,1519 852,1518 852,1515 850,1513 834,1513 833,1512 829,1512 828,1511 793,1511 792,1512 771,1512 770,1511 770,1504 769,1503 769,1502 768,1501 757,1501 756,1500 757,1499 757,1484 756,1483 756,1482 755,1482 754,1481 754,1480 721,1480 720,1479 720,1472 718,1470 717,1470 716,1469 713,1469 712,1468 676,1468 675,1467 675,1463 674,1462 674,1460 673,1459 673,1458 672,1457 636,1457 636,1460 635,1461 634,1461 634,1462 633,1463 633,1465 632,1466 603,1466 602,1467 602,1469 601,1470 600,1470 600,1484 601,1485 601,1486 600,1487 599,1486 598,1486 597,1485 597,1475 596,1474 596,1470 594,1470 593,1469 502,1469 501,1470 495,1470 494,1471 493,1471 491,1473 490,1472 489,1472 488,1471 487,1471 486,1470 486,1468 485,1467 485,1463 483,1461 483,1460 480,1457 443,1457 443,1468 444,1469 445,1469 446,1470 445,1471 444,1471 443,1472 442,1472 442,1484 441,1485 441,1492 440,1493 435,1493 434,1492 434,1486 431,1483 396,1483 395,1482 395,1475 391,1471 385,1471 384,1470 384,1460 383,1459 383,1458 382,1457 384,1455 421,1455 422,1454 434,1454 435,1455 486,1455 487,1456 487,1463 488,1464 489,1464 490,1465 528,1465 528,1464 530,1462 530,1461 533,1458 536,1458 538,1460 538,1461 539,1462 573,1462 574,1461 574,1455 575,1454 593,1454 594,1453 611,1453 612,1454 729,1454 730,1453 748,1453 749,1454 798,1454 799,1455 798,1456 764,1456 764,1468 765,1469 763,1471 763,1472 762,1473 762,1480 761,1481 761,1494 762,1495 762,1496 764,1498 811,1498 812,1497 813,1497 813,1495 814,1494 814,1485 813,1484 811,1484 809,1482 809,1471 808,1470 807,1470 806,1469 806,1466 805,1465 805,1464 804,1463 804,1462 803,1461 803,1460 801,1458 801,1457 800,1456 801,1455 856,1455 859,1458 859,1459 862,1462 862,1463 865,1466 865,1467 866,1468 865,1469 828,1469 827,1470 822,1470 821,1471 819,1471 819,1473 818,1474 818,1499 927,1499 927,1498 928,1497 928,1487 926,1485 925,1485 924,1484 924,1471 923,1470 922,1470 921,1469 870,1469 869,1468 869,1467 866,1464 866,1463 863,1460 863,1459 860,1456 861,1455 868,1455 869,1454 876,1454 878,1456 924,1456 925,1455 928,1455 928,1454 929,1453 929,1441 927,1439 925,1439 924,1438 924,1428 922,1426 921,1426 920,1425 920,1424 918,1422 918,1421 917,1420 917,1419 918,1418 926,1418 927,1417 928,1417 929,1416 929,1415 931,1413 931,1395 930,1394 930,1393 929,1393 928,1392 909,1392 908,1391 908,1382 907,1381 904,1381 903,1380 903,1378 894,1378 893,1377 893,1370 891,1368 855,1368 854,1369 853,1369 853,1377 852,1378 851,1378 849,1376 849,1369 848,1368 840,1368 839,1367 839,1366 840,1365 908,1365 908,1364 909,1363 909,1361 910,1360 928,1360 930,1358 930,1346 929,1345 929,1344 913,1344 911,1342 911,1339 910,1338 910,1337 909,1336 908,1336 907,1335 907,1334 893,1334 891,1332 891,1323 890,1322 890,1321 891,1320 928,1320 930,1318 930,1317 931,1316 931,1306 932,1305 943,1305 944,1304 944,1295 943,1294 932,1294 930,1292 930,1291 929,1290 910,1290 909,1289 909,1277 910,1276 931,1276 931,1275 932,1274 932,1261 931,1260 931,1250 930,1249 930,1247 929,1246 928,1246 927,1245 926,1245 925,1244 906,1244 905,1243 869,1243 868,1244 850,1244 849,1245 848,1244 835,1244 834,1243 834,1234 833,1233 833,1232 796,1232 794,1234 794,1242 793,1243 786,1243 785,1242 770,1242 769,1241 769,1240 770,1239 781,1239 782,1238 782,1230 783,1229 840,1229 841,1230 880,1230 881,1229 883,1229 884,1230 885,1230 886,1231 923,1231 924,1230 927,1230 928,1229 929,1229 930,1228 930,1218 931,1217 931,1206 929,1204 929,1203 928,1202 927,1202 926,1201 894,1201 893,1200 893,1199 892,1198 881,1198 880,1197 880,1194 878,1192 878,1191 877,1190 842,1190 840,1192 840,1193 839,1194 838,1194 838,1196 836,1198 808,1198 807,1199 782,1199 781,1198 779,1198 778,1197 778,1196 746,1196 745,1195 745,1192 743,1190 743,1188 724,1188 723,1187 675,1187 674,1188 659,1188 658,1187 658,1186 659,1185 660,1185 661,1184 686,1184 687,1185 805,1185 806,1186 841,1186 842,1185 866,1185 867,1186 928,1186 928,1185 929,1184 929,1174 932,1171 932,1157 925,1157 924,1156 906,1156 905,1155 902,1155 901,1154 901,1147 900,1146 900,1144 857,1144 856,1145 856,1146 855,1147 855,1148 854,1149 853,1149 852,1150 852,1151 851,1152 851,1154 850,1155 827,1155 826,1154 826,1144 763,1144 762,1145 761,1144 724,1144 722,1146 720,1146 719,1147 719,1155 718,1156 707,1156 706,1155 706,1144 667,1144 666,1145 666,1154 665,1155 651,1155 650,1154 650,1147 648,1145 648,1144 626,1144 625,1143 625,1142 626,1141 716,1141 717,1140 779,1140 780,1141 877,1141 878,1142 931,1142 931,1129 930,1128 930,1125 929,1124 929,1115 928,1114 927,1114 926,1113 902,1113 901,1112 870,1112 869,1111 825,1111 823,1109 823,1106 825,1104 830,1104 831,1103 831,1099 833,1097 863,1097 864,1096 866,1096 867,1097 867,1108 902,1108 902,1099 903,1098 930,1098 935,1093 935,1079 936,1078 966,1078 966,1069 933,1069 932,1070 931,1069 930,1069 929,1068 913,1068 911,1066 911,1056 873,1056 872,1057 871,1057 870,1058 870,1066 869,1067 866,1067 865,1066 865,1059 864,1058 864,1057 863,1056 862,1056 861,1055 822,1055 821,1056 820,1056 819,1057 818,1056 817,1056 816,1055 798,1055 797,1054 798,1053 800,1053 801,1052 815,1052 816,1053 881,1053 882,1052 891,1052 892,1053 927,1053 928,1052 933,1052 935,1050 935,1045 936,1044 942,1044 942,1042 943,1041 943,1032 942,1031 942,1030 940,1028 940,1027 939,1026 935,1026 934,1025 932,1025 930,1023 929,1023 928,1022 892,1022 891,1021 891,1018 889,1016 889,1013 886,1013 885,1012 844,1012 843,1013 842,1013 841,1014 841,1016 840,1017 840,1019 839,1020 833,1020 831,1018 831,1011 830,1011 829,1010 796,1010 795,1011 794,1011 793,1012 793,1019 792,1020 791,1019 791,1009 790,1008 790,1007 791,1006 834,1006 835,1005 836,1006 875,1006 877,1008 888,1008 889,1009 927,1009 928,1008 929,1008 929,1007 930,1006 931,1006 931,1005 933,1003 933,996 935,994 935,984 936,983 939,983 939,982 940,981 941,981 942,980 942,969 913,969 911,967 911,966 888,966 887,965 886,965 885,964 885,963 886,962 929,962 933,958 933,949 932,948 932,935 931,934 931,933 929,933 928,932 877,932 876,931 876,923 875,922 874,922 873,921 836,921 835,922 833,922 833,929 832,930 828,930 827,929 827,921 826,920 806,920 805,919 805,918 806,917 922,917 922,914 923,913 933,913 936,910 936,900 935,899 935,898 921,898 920,897 920,895 918,893 918,889 917,888 915,888 914,887 866,887 865,886 865,879 864,878 848,878 847,877 806,877 805,878 805,885 804,886 774,886 773,887 765,887 764,886 764,885 754,885 753,884 753,878 752,877 752,876 750,874 716,874 714,876 714,882 712,884 711,884 710,883 710,872 711,871 745,871 746,872 760,872 761,873 798,873 799,872 869,872 870,873 870,882 903,882 905,880 906,880 908,878 908,877 909,876 909,875 910,874 927,874 928,873 930,873 932,871 932,867 933,866 940,866 940,853 936,853 935,852 935,850 933,848 932,848 931,847 931,845 930,845 929,844 913,844 911,842 911,834 910,833 874,833 873,834 872,833 872,832 871,831 798,831 796,833 794,833 793,834 792,834 791,835 791,836 790,837 790,840 789,841 789,843 788,844 787,844 786,843 770,843 769,842 769,833 768,832 768,829 769,828 792,828 793,827 861,827 862,828 886,828 887,829 888,829 889,830 927,830 928,829 929,829 932,826 932,807 931,806 931,801 930,800 928,800 927,799 904,799 903,798 870,798 869,797 869,796 867,794 867,792 865,790 856,790 853,787 853,786 844,786 843,785 844,784 875,784 876,783 886,783 888,785 891,785 892,786 929,786 930,785 931,785 932,784 933,784 935,782 935,773 936,772 937,772 937,771 938,770 938,760 937,759 937,758 936,758 935,757 933,757 932,756 929,756 928,755 911,755 909,753 878,753 877,752 877,746 876,745 876,743 838,743 837,744 837,752 836,753 797,753 796,754 794,754 793,755 792,755 792,756 791,757 791,758 790,759 790,760 789,761 789,765 787,767 784,767 783,766 783,758 782,757 782,756 781,755 779,755 778,754 778,753 739,753 738,752 689,752 688,751 688,743 672,743 671,742 629,742 629,750 627,752 621,752 619,750 619,740 618,739 619,738 636,738 636,737 637,736 702,736 704,738 733,738 734,739 805,739 806,738 807,738 808,739 840,739 841,740 876,740 877,739 879,739 880,740 895,740 896,741 931,741 931,740 933,738 933,726 931,724 928,724 927,723 927,716 924,713 924,712 923,711 922,711 921,710 920,710 919,709 888,709 887,708 887,699 886,698 849,698 848,699 848,705 847,706 845,706 844,705 844,698 843,697 813,697 811,695 812,694 864,694 865,695 890,695 891,696 926,696 927,695 930,695 931,694 931,692 932,691 932,683 933,682 933,673 932,672 932,668 931,667 931,666 928,666 927,665 913,665 911,663 911,660 910,659 910,653 888,653 887,652 888,651 919,651 920,650 920,646 921,645 937,645 938,644 938,641 939,640 939,630 938,629 917,629 916,628 916,621 914,621 913,620 913,619 893,619 892,618 847,618 846,617 811,617 810,618 742,618 741,617 741,607 740,606 694,606 693,607 690,607 688,609 688,616 687,617 673,617 672,616 638,616 637,617 625,617 624,616 624,604 566,604 565,603 567,601 584,601 585,602 679,602 680,603 756,603 757,604 810,604 811,603 812,603 813,602 813,590 814,589 818,589 819,590 819,601 818,602 818,615 862,615 863,614 863,608 864,607 865,607 866,606 929,606 929,605 930,604 930,593 931,592 933,592 936,589 937,589 938,588 938,578 936,578 933,575 885,575 884,574 822,574 821,575 811,575 810,574 809,574 808,573 709,573 708,572 699,572 698,571 698,565 697,564 669,564 668,563 668,559 669,558 738,558 740,560 776,560 777,559 778,559 779,560 833,560 834,561 870,561 871,560 872,561 906,561 907,560 909,560 910,559 911,559 912,558 913,558 914,557 932,557 933,556 934,556 935,555 936,555 936,542 935,541 935,539 934,538 916,538 915,537 915,535 911,531 909,531 908,530 907,530 906,529 906,520 905,519 903,519 902,518 902,517 903,516 931,516 932,515 933,515 935,513 935,512 936,511 936,510 937,509 937,501 939,499 939,487 933,487 932,486 920,486 918,484 918,476 917,476 916,475 881,475 880,476 880,477 879,478 879,483 878,484 876,484 874,482 874,473 876,471 877,472 916,472 918,470 918,469 921,466 937,466 937,465 938,464 938,451 937,450 923,450 921,448 921,444 920,443 919,443 918,442 917,442 916,441 902,441 901,440 901,429 889,429 888,428 869,428 868,427 866,427 865,426 830,426 829,427 828,427 826,429 825,429 821,433 821,436 819,438 819,439 818,440 792,440 791,439 791,429 789,429 788,428 750,428 750,431 749,432 749,438 748,439 707,439 706,438 622,438 621,437 621,436 587,436 585,438 541,438 540,439 534,439 533,440 531,440 530,441 529,441 528,442 526,440 525,440 524,439 509,439 508,438 508,432 507,431 507,427 469,427 468,428 465,428 464,429 464,438 463,439 462,439 461,440 460,440 459,441 458,441 457,440 456,440 455,439 454,439 453,438 453,436 428,436 427,435 427,428 425,426 422,426 421,425 388,425 387,426 386,426 385,427 383,427 381,429 381,430 380,431 380,432 379,433 378,433 378,435 376,437 376,438 375,439 374,439 373,440 371,440 370,439 353,439 352,438 334,438 333,437 333,428 332,427 296,427 295,428 294,428 293,429 293,436 291,438 259,438 258,439 257,439 256,440 255,440 254,441 254,449 253,450 251,448 251,446 250,445 250,443 249,442 248,442 247,441 247,440 246,439 246,436 245,435 245,433 244,432 244,429 243,429 242,428 206,428 206,431 205,432 205,433 204,434 203,434 203,435 202,436 202,438 201,439 201,442 200,443 179,443 178,442 178,431 177,430 177,428 178,427 178,423 179,422 185,422 188,419 188,410 187,409 187,407 169,407 168,406"/><TextEquiv><Unicode/></TextEquiv><TextLine id="r1_l001"><Coords points="893,468 892,467 807,467 806,466 742,466 741,467 739,467 737,465 644,465 643,464 553,464 552,465 489,465 488,464 437,464 436,465 423,465 422,464 375,464 356,464 355,465 272,465 271,464 214,464 213,465 189,465 188,466 141,466 137,463 138,462 138,461 115,461 114,461 114,459 115,458 145,458 145,458 145,446 146,445 146,439 147,438 153,438 154,437 161,437 161,438 161,448 162,448 216,448 217,447 217,444 218,443 218,442 219,441 219,439 220,438 220,437 221,436 221,434 223,432 225,432 227,435 227,437 228,438 228,439 229,440 229,441 231,442 309,442 309,442 309,434 311,432 312,432 313,431 315,431 316,433 316,435 317,436 317,442 318,442 335,442 336,443 392,443 394,441 394,438 395,437 395,436 400,431 402,431 403,430 404,430 405,429 406,430 408,430 410,433 410,441 411,441 480,441 480,441 480,434 482,432 485,432 486,431 490,431 490,432 490,436 491,437 491,443 492,443 556,443 557,442 602,442 603,441 606,441 607,442 690,442 691,443 756,443 757,444 765,444 765,444 765,437 766,436 766,434 768,432 770,432 771,433 772,433 773,434 774,434 774,435 773,436 773,437 772,438 772,444 773,444 835,444 837,442 837,438 842,433 843,433 845,431 846,431 847,430 848,430 849,431 850,431 851,432 871,432 872,433 884,433 884,434 884,442 883,443 883,445 884,445 899,445 900,446 901,446 904,450 904,453 906,454 920,454 921,455 922,455 922,456 922,459 921,460 921,461 920,462 920,463 920,463 904,463 902,465 902,466 902,466 901,467 900,467 899,468"/><TextEquiv index="1"><Unicode>A reine fut de nouveau univerſelle-</Unicode></TextEquiv></TextLine><TextLine id="r1_l002"><Coords points="478,520 477,519 476,519 474,518 474,511 474,510 406,510 405,511 405,518 405,518 404,518 402,517 402,510 402,509 347,509 346,510 317,510 315,512 313,510 304,510 303,509 236,509 235,510 207,510 206,511 206,512 206,512 204,510 141,510 139,509 139,491 141,489 142,489 143,488 145,488 146,487 157,487 158,488 210,488 211,487 213,487 214,486 231,486 232,488 232,489 233,489 284,489 285,488 342,488 343,487 433,487 434,488 507,488 508,487 591,487 591,487 591,486 592,485 592,484 593,483 593,482 594,481 594,480 596,478 596,477 597,476 598,476 599,475 601,475 602,474 604,474 605,475 608,475 608,476 608,478 609,479 609,487 610,487 719,487 719,487 719,480 722,477 723,477 724,478 725,478 725,479 725,482 726,482 743,482 743,483 743,489 744,489 764,489 765,490 766,490 767,492 767,493 768,493 812,493 812,493 812,481 814,479 852,479 852,479 852,477 853,476 854,476 855,475 856,476 857,476 858,478 858,479 859,479 900,479 901,480 902,480 902,481 902,490 903,490 915,490 916,491 919,491 920,492 923,492 923,493 923,495 923,495 922,495 920,497 920,506 920,506 919,506 918,507 918,509 917,510 917,511 917,511 916,511 915,512 849,512 848,511 806,511 776,511 775,512 774,511 757,511 756,510 629,510 626,513 624,511 623,511 622,511 622,509 622,508 551,508 550,509 488,509 487,510 487,519 486,520"/><TextEquiv index="1"><Unicode>ment reconnue pour ſouveraine. J'étois</Unicode></TextEquiv></TextLine><TextLine id="r1_l003"><Coords points="429,567 428,567 428,556 428,555 372,555 371,554 338,554 314,554 313,555 310,555 309,554 280,554 257,554 256,555 254,555 253,556 252,555 194,555 193,556 190,556 189,555 162,555 161,556 161,567 161,567 158,567 157,567 157,556 157,555 139,555 138,554 137,554 135,553 136,552 136,536 139,533 143,533 144,532 195,532 195,532 195,530 196,529 196,527 197,526 197,525 198,524 198,522 200,520 201,520 202,521 203,521 203,522 203,523 204,524 204,525 205,526 205,527 207,529 207,531 208,531 216,531 218,533 286,533 286,533 286,524 287,523 288,523 289,522 290,522 291,521 295,521 296,523 296,524 297,525 297,532 298,532 340,532 340,532 340,524 341,523 342,523 343,522 344,522 345,521 375,521 375,521 375,519 376,518 379,518 381,521 381,531 382,531 423,531 423,532 423,533 424,533 476,533 477,532 527,532 527,532 527,524 528,523 529,523 530,522 531,522 532,521 533,521 534,520 535,520 536,522 536,532 537,532 583,532 584,531 584,530 586,528 586,526 587,525 587,524 593,518 599,518 601,521 601,531 602,531 663,531 663,531 663,523 664,522 665,522 667,520 670,520 672,522 682,522 682,523 682,525 683,526 683,532 684,532 698,532 699,533 734,533 734,533 734,525 737,522 740,522 741,521 743,521 744,523 744,524 745,525 745,534 746,534 814,534 815,533 827,533 827,533 827,531 828,530 828,527 829,526 830,526 831,525 865,525 866,524 867,524 868,523 870,523 871,522 886,522 887,523 888,523 889,525 889,534 890,534 891,534 892,535 893,535 894,536 895,536 898,540 898,542 900,543 917,543 918,545 918,546 919,547 919,550 917,552 916,552 915,553 897,553 895,555 894,555 893,556 890,556 889,557 850,557 849,556 757,556 756,555 755,555 754,554 652,554 651,555 651,563 650,564 619,564 616,562 616,554 616,553 559,553 558,554 449,554 447,556 447,558 445,560 445,561 445,561 444,561 443,562 440,562 438,561 438,556 438,555 433,555 432,556 432,567 432,567"/><TextEquiv index="1"><Unicode>maître de l'état; on la ſupplia de m'aſſo-</Unicode></TextEquiv></TextLine><TextLine id="r1_l004"><Coords points="230,612 229,612 229,601 229,600 158,600 157,599 141,599 134,593 134,590 133,589 134,588 134,586 135,585 135,582 138,579 140,579 141,578 144,578 145,577 155,577 155,577 155,569 157,567 163,567 163,568 163,578 164,578 229,578 229,578 229,567 230,566 235,566 236,567 283,567 285,565 289,565 290,564 291,564 293,567 293,568 294,569 294,576 295,576 321,576 322,577 426,577 426,577 426,569 428,567 434,567 434,568 434,576 435,576 450,576 451,577 466,577 467,578 468,578 469,579 470,579 470,580 470,582 472,583 519,583 520,582 520,570 524,566 526,566 527,565 528,565 529,566 531,566 531,567 531,574 532,574 534,574 536,576 579,576 579,576 579,567 580,566 581,566 582,565 585,565 586,564 588,564 589,566 589,576 590,576 644,576 644,576 644,570 646,568 680,568 681,570 681,576 682,576 691,576 692,577 791,577 793,579 839,579 840,578 867,578 868,579 915,579 916,580 917,580 919,582 921,582 922,584 921,585 919,585 916,588 915,588 914,589 914,600 912,602 904,602 903,601 850,601 849,602 849,603 849,603 847,603 846,604 846,610 845,611 835,611 833,610 833,601 833,600 774,600 773,599 697,599 696,598 602,598 601,597 551,597 550,598 549,598 548,599 530,599 529,600 498,600 495,603 495,604 495,604 494,604 493,605 492,605 491,606 488,606 486,605 486,600 486,599 415,599 414,600 414,608 413,609 408,609 407,610 404,610 402,609 402,601 402,600 358,600 357,599 336,599 297,599 296,600 249,600 248,601 237,601 236,602 236,612 236,612"/><TextEquiv index="1"><Unicode>cier à ſon empire, &amp; de m'avouer pour</Unicode></TextEquiv></TextLine><TextLine id="r1_l005"><Coords points="243,656 240,654 240,646 240,645 227,645 226,644 160,644 159,643 139,643 136,641 136,624 139,621 141,621 141,621 141,620 142,619 142,617 144,615 144,614 147,611 148,611 149,610 150,610 151,609 155,609 156,610 158,610 159,612 159,613 160,614 160,622 161,622 227,622 227,622 227,619 228,618 228,615 229,614 229,613 230,612 236,612 236,613 236,623 237,623 290,623 291,622 370,622 370,622 370,613 371,612 385,612 385,613 385,614 386,615 386,622 387,622 440,622 441,621 453,621 454,622 523,622 523,622 523,616 524,615 524,613 526,611 528,611 529,612 575,612 578,609 579,609 580,608 606,608 607,609 608,609 608,610 608,621 609,621 654,621 655,620 656,621 704,621 704,621 704,614 707,611 709,611 710,610 724,610 725,612 725,622 726,622 827,622 828,621 829,622 830,622 831,623 876,623 877,624 896,624 897,625 899,625 900,627 900,633 901,633 922,633 922,634 922,635 923,636 922,637 922,640 922,640 921,640 920,641 904,641 903,642 903,645 901,647 900,647 899,646 851,646 849,644 794,644 793,645 735,645 734,644 694,644 693,643 618,643 617,642 544,642 543,643 542,643 541,644 400,644 399,645 396,645 395,644 281,644 280,645 255,645 254,646 254,654 253,655 252,655 251,656"/><TextEquiv index="1"><Unicode>ſon époux. Je me vis ſolemnellement ma-</Unicode></TextEquiv></TextLine><TextLine id="r1_l006"><Coords points="753,700 752,700 752,690 752,689 747,689 746,688 694,688 693,689 653,689 652,690 652,692 651,693 651,694 651,694 650,694 648,696 647,696 646,697 645,697 642,695 642,689 642,688 575,688 574,689 309,689 308,690 287,690 286,689 231,689 230,690 178,690 177,689 166,689 165,688 141,688 138,686 138,672 136,670 139,667 142,667 143,666 157,666 157,666 157,658 159,656 181,656 181,656 181,655 183,653 186,653 189,656 227,656 228,657 229,657 230,659 230,660 231,661 231,662 232,663 232,667 233,667 247,667 248,668 303,668 304,667 329,667 330,666 429,666 429,666 429,661 430,660 430,659 431,658 431,653 432,652 436,652 438,655 438,666 439,666 513,666 514,667 567,667 568,666 579,666 579,666 579,658 581,656 583,656 584,655 585,655 586,654 600,654 600,655 600,662 601,663 601,666 602,666 617,666 618,667 682,667 682,667 682,665 683,664 683,659 687,655 693,655 694,656 695,656 696,658 696,659 697,660 697,663 698,664 698,666 699,666 711,666 712,667 790,667 791,666 794,666 795,667 855,667 855,667 855,666 856,665 856,664 857,663 857,662 859,660 859,659 861,657 863,657 864,656 870,656 871,657 894,657 894,658 894,664 895,665 895,669 896,669 910,669 911,670 915,670 915,671 915,673 916,674 916,677 917,678 916,679 916,687 915,688 915,689 913,691 910,691 909,692 908,692 907,691 882,691 881,690 822,690 821,689 759,689 758,690 758,700 758,700"/><TextEquiv index="1"><Unicode>rié &amp; couronné avec elle; &amp; notre fille</Unicode></TextEquiv></TextLine><TextLine id="r1_l007"><Coords points="273,746 272,746 272,735 272,734 250,734 248,736 247,736 246,737 243,737 241,735 232,735 231,734 209,734 208,733 151,733 150,734 150,737 150,737 149,737 148,738 147,738 146,739 145,739 144,739 144,734 144,733 138,733 135,731 135,712 136,711 140,711 140,711 140,706 147,699 156,699 157,701 157,703 158,704 158,710 159,710 182,710 183,711 211,711 212,712 420,712 421,711 490,711 490,711 490,703 491,702 493,702 494,701 495,701 496,700 500,700 500,701 500,704 501,705 501,712 502,712 550,712 551,711 585,711 585,711 585,702 587,700 591,700 592,702 592,711 593,711 659,711 659,711 659,709 660,708 660,707 661,706 661,705 664,702 664,701 665,700 667,700 668,699 670,699 671,698 686,698 689,701 752,701 753,700 789,700 789,700 789,699 790,698 794,698 794,699 794,700 796,701 826,701 827,702 869,702 870,704 870,713 871,713 902,713 903,714 904,714 905,715 906,715 908,718 908,719 910,721 910,728 911,728 914,728 915,729 916,729 917,731 917,733 916,734 916,735 914,737 913,737 912,736 858,736 857,735 751,735 750,734 721,734 720,733 620,733 619,734 618,734 617,733 561,733 560,734 560,736 560,736 558,736 557,737 557,743 556,744 546,744 544,743 544,735 544,734 508,734 507,733 402,733 401,734 401,745 401,745 397,745 396,744 394,744 393,743 392,743 390,742 390,735 390,734 277,734 276,735 276,746 276,746"/><TextEquiv index="1"><Unicode>fut reconnue pour la princeſſe héréditaire.</Unicode></TextEquiv></TextLine><TextLine id="r1_l008"><Coords points="797,792 796,792 796,788 796,787 781,787 779,786 779,781 779,780 757,780 756,779 704,779 703,778 562,778 561,779 561,790 561,790 558,790 557,790 557,780 557,779 514,779 513,778 367,778 366,779 310,779 309,780 299,780 298,779 233,779 232,780 189,780 188,781 188,782 188,782 186,782 184,781 184,780 184,779 141,779 139,778 139,777 138,776 141,773 142,773 142,773 142,752 142,751 140,751 138,750 139,749 139,747 141,745 144,745 145,746 177,746 178,747 181,747 182,748 183,748 183,749 183,757 184,757 270,757 270,757 270,749 271,748 271,747 272,746 285,746 286,745 299,745 301,748 301,749 302,750 302,751 303,752 303,754 304,755 304,756 305,756 360,756 360,756 360,750 361,749 361,748 363,746 395,746 396,745 401,745 401,746 401,748 402,748 412,748 413,749 414,749 416,752 416,756 417,756 495,756 496,755 496,754 497,753 497,751 499,749 499,748 501,746 502,746 502,746 502,745 503,744 504,744 505,743 510,743 511,744 512,744 513,746 513,756 514,756 594,756 594,756 594,747 596,745 597,745 598,744 601,744 602,743 603,745 603,746 604,746 653,746 654,747 671,747 671,748 671,753 672,754 672,756 673,756 721,756 722,757 761,757 762,758 813,758 814,757 853,757 853,757 853,750 856,747 858,747 859,749 859,750 860,751 860,757 861,757 892,757 893,758 894,758 895,759 911,759 912,760 915,760 916,761 917,761 919,763 920,763 921,765 921,766 920,767 920,768 919,769 919,777 916,780 915,780 914,781 913,781 912,782 909,782 908,781 905,781 904,780 828,780 827,781 827,788 826,789 825,789 824,790 817,790 815,789 815,788 815,787 801,787 800,788 800,792 800,792"/><TextEquiv index="1"><Unicode>Me voilà roi d'une ſeconde France, qui ne</Unicode></TextEquiv></TextLine><TextLine id="r1_l009"><Coords points="306,835 304,833 303,833 301,832 301,824 301,823 268,823 267,824 266,823 233,823 232,824 205,824 204,823 173,823 172,824 147,824 146,823 145,823 143,822 143,795 142,794 145,791 149,791 150,790 151,790 152,789 153,790 154,790 154,791 154,796 155,797 155,801 156,801 169,801 170,802 172,802 173,803 245,803 246,802 249,802 249,802 249,794 251,792 252,792 253,791 255,791 256,790 259,790 259,791 259,802 260,802 307,802 308,801 309,801 310,800 312,800 313,801 357,801 358,802 389,802 390,801 392,801 393,802 418,802 418,802 418,790 420,788 421,789 423,789 424,791 424,792 425,793 425,795 426,796 426,802 427,802 429,802 431,804 432,804 432,805 432,817 434,818 462,818 462,818 462,804 463,803 463,802 466,799 466,797 467,796 467,795 474,788 480,788 481,789 482,789 483,791 483,800 484,800 509,800 510,801 511,801 512,802 541,802 542,801 554,801 554,801 554,797 555,796 555,795 556,794 556,791 557,790 561,790 562,792 562,794 564,796 564,801 565,801 594,801 595,800 597,800 597,800 597,793 599,791 602,791 603,793 603,801 604,801 622,801 623,802 624,802 624,803 624,804 625,805 625,813 626,813 670,813 670,813 670,808 671,807 671,806 672,805 672,800 673,799 673,795 674,794 674,792 676,790 677,790 678,789 681,789 682,790 683,790 684,791 685,791 686,793 686,795 687,796 687,800 688,800 698,800 699,802 699,804 700,804 728,804 730,802 766,802 767,801 770,801 771,802 795,802 795,802 795,794 797,792 801,792 801,793 801,802 802,802 830,802 830,802 830,793 831,792 833,792 834,791 837,791 837,792 837,793 839,794 849,794 851,797 851,800 852,801 852,802 853,802 887,802 888,803 910,803 911,804 913,804 914,806 914,807 915,808 915,812 916,813 916,821 912,825 911,825 910,826 906,826 905,825 904,825 903,824 871,824 870,823 776,823 775,824 752,824 751,825 751,832 751,832 750,832 748,831 748,824 748,823 727,823 726,822 725,822 724,821 687,821 686,822 685,822 684,823 681,823 680,822 678,822 677,821 650,821 649,822 649,823 647,825 647,826 645,828 643,828 642,829 641,829 639,828 639,823 639,822 616,822 615,821 586,821 585,822 558,822 557,823 540,823 539,822 468,822 467,821 437,821 436,822 436,823 436,823 434,823 433,824 432,824 431,823 393,823 392,824 388,824 387,823 359,823 358,824 354,824 353,823 323,823 322,824 322,828 320,830 320,831 318,833 317,833 316,834 315,834 314,835"/><TextEquiv index="1"><Unicode>le cede guere à ſon aînée, &amp; mari d'une</Unicode></TextEquiv></TextLine><TextLine id="r1_l010"><Coords points="230,880 228,879 228,869 228,868 182,868 181,869 174,869 173,868 150,868 149,867 148,867 145,865 145,864 143,862 143,856 142,855 142,852 146,848 147,848 148,847 149,847 150,846 152,846 152,846 152,837 153,836 154,836 155,835 163,835 163,836 163,846 164,846 194,846 195,847 250,847 250,847 250,846 251,845 253,845 253,845 253,838 254,837 255,837 256,836 257,836 258,835 259,835 260,834 261,834 262,836 262,846 263,846 315,846 315,846 315,839 317,837 320,837 321,836 362,836 363,835 375,835 376,834 378,834 379,836 379,846 380,846 435,846 435,846 435,845 436,844 436,843 437,842 437,838 441,834 444,834 445,833 449,833 450,834 451,834 452,836 452,845 453,845 599,845 600,844 600,836 602,834 606,834 607,833 609,833 610,835 610,843 611,843 630,843 631,844 632,844 633,845 679,845 680,844 682,844 683,845 742,845 742,845 742,838 744,836 745,836 746,835 748,835 749,834 750,834 751,836 751,837 752,838 752,847 753,847 805,847 805,847 805,845 806,844 806,842 807,841 807,840 809,838 810,838 811,837 813,837 814,836 854,836 855,837 894,837 895,839 895,848 896,848 912,848 913,849 914,849 915,851 915,852 918,855 918,858 919,858 924,858 924,859 924,862 924,862 917,862 916,863 916,866 913,869 911,869 910,870 893,870 892,871 892,872 891,873 891,874 887,878 887,879 887,879 885,878 885,869 885,868 782,868 781,869 778,869 777,868 763,868 762,867 712,867 711,866 562,866 561,867 505,867 504,868 504,869 504,869 503,869 502,868 393,868 392,869 347,869 346,868 245,868 244,869 243,869 242,870 242,878 241,879 235,879 234,880"/><TextEquiv index="1"><Unicode>des plus belles femmes du monde. Suis-je</Unicode></TextEquiv></TextLine><TextLine id="r1_l011"><Coords points="879,913 777,913 776,912 684,912 683,911 682,911 681,910 631,910 630,911 535,911 534,912 525,912 524,913 522,913 521,912 455,912 454,913 426,913 425,914 399,914 398,913 288,913 248,913 247,914 175,914 174,913 149,913 148,912 147,912 145,911 145,887 145,886 144,886 143,886 143,882 144,881 146,881 147,880 153,880 153,881 153,884 154,885 154,891 155,891 210,891 211,892 264,892 265,891 290,891 291,890 307,890 307,890 307,881 308,880 309,880 310,879 311,879 312,880 313,880 314,881 315,881 319,886 319,887 320,888 320,890 321,890 420,890 420,890 420,882 422,880 458,880 459,882 459,890 460,890 516,890 516,890 516,883 518,881 520,881 521,880 526,880 526,881 526,887 527,888 527,889 528,889 580,889 580,889 580,882 581,881 582,881 583,880 584,880 585,879 587,879 588,878 589,879 590,879 590,880 590,889 591,889 639,889 640,888 684,888 685,887 685,884 686,883 686,881 687,880 687,877 689,875 692,875 693,877 693,879 694,879 734,879 735,881 735,882 736,883 736,889 737,889 748,889 749,890 821,890 821,890 821,883 823,881 830,881 831,882 847,882 848,884 848,891 849,891 897,891 898,892 900,892 902,895 902,900 903,901 903,902 904,902 918,902 918,903 918,904 919,905 919,906 918,907 918,908 918,908 917,908 916,909 906,909 905,910 905,913 905,913 881,913 880,914"/><TextEquiv index="1"><Unicode>heureux? non. Mon bonheur étoit en Fran-</Unicode></TextEquiv></TextLine><TextLine id="r1_l012"><Coords points="372,969 371,968 370,968 369,968 369,959 369,958 297,958 296,959 212,959 209,962 209,963 207,965 206,965 205,966 204,966 203,967 201,967 199,966 199,960 199,959 175,959 174,958 153,958 151,956 150,956 145,952 145,951 144,950 144,947 145,946 145,941 148,938 149,938 150,937 151,937 152,936 160,936 161,937 179,937 180,938 181,938 184,942 184,944 185,945 185,950 186,950 242,950 242,950 242,945 243,944 243,943 244,942 244,934 245,933 245,929 248,926 249,926 250,925 255,925 256,926 257,926 258,928 258,929 259,930 259,931 260,932 260,935 261,935 272,935 273,936 321,936 322,935 324,935 325,936 375,936 376,935 377,935 378,936 450,936 451,935 581,935 582,934 596,934 596,934 596,927 597,926 597,925 599,923 601,923 602,925 602,927 603,928 603,929 604,929 649,929 649,929 649,926 652,923 665,923 666,922 668,925 668,934 669,934 773,934 773,934 773,933 774,932 774,931 775,930 775,929 780,924 781,924 782,923 785,923 786,922 787,923 788,923 789,924 809,924 810,925 857,925 859,928 859,929 860,930 860,936 861,936 896,936 897,937 912,937 913,938 915,938 916,940 916,953 917,954 913,958 847,958 846,957 739,957 738,958 738,966 737,967 732,967 731,968 730,968 729,967 728,967 725,965 725,958 725,957 716,957 715,956 657,956 656,957 631,957 629,959 629,961 628,962 627,962 626,963 626,964 626,964 624,964 623,965 622,964 621,964 620,964 620,957 620,956 546,956 545,957 519,957 518,958 518,967 518,967 512,967 511,967 511,958 511,957 462,957 461,958 383,958 382,959 382,967 381,968 378,968 377,969"/><TextEquiv index="1"><Unicode>ce, &amp; non pas avec moi; il repoſoit dans</Unicode></TextEquiv></TextLine><TextLine id="r1_l013"><Coords points="630,1010 628,1009 628,1005 628,1004 590,1004 587,1001 532,1001 531,1002 444,1002 443,1003 227,1003 226,1004 201,1004 200,1003 164,1003 163,1002 145,1002 142,1000 142,976 140,974 141,973 141,971 142,970 147,970 148,969 150,969 151,971 151,976 152,977 152,980 153,980 201,980 202,979 202,978 203,977 203,976 208,971 210,971 211,970 213,970 214,969 215,969 216,970 237,970 238,971 240,971 241,973 241,981 242,981 298,981 298,981 298,972 299,971 300,971 301,970 303,970 304,969 306,969 307,971 307,980 308,980 384,980 385,981 441,981 441,981 441,972 442,971 443,971 444,970 485,970 487,968 511,968 512,967 518,967 518,968 518,980 519,980 555,980 555,980 555,977 556,976 556,972 558,970 632,970 633,969 635,969 637,972 637,979 638,979 672,979 673,978 674,979 708,979 709,980 769,980 770,979 797,979 799,981 855,981 855,981 855,979 856,978 856,976 857,975 857,974 861,970 862,970 863,969 864,969 865,968 868,968 869,969 870,969 871,970 895,970 895,971 895,973 896,973 924,973 925,975 925,976 923,978 923,979 922,980 919,980 918,981 918,990 917,991 917,999 915,1001 915,1002 915,1002 914,1002 912,1004 911,1004 910,1005 906,1005 905,1004 894,1004 893,1003 810,1003 809,1002 768,1002 767,1001 637,1001 634,1004 634,1005 633,1006 633,1007 632,1008 632,1009 631,1010"/><TextEquiv index="1"><Unicode>le ſein de ma Julie. Toujours cette fille</Unicode></TextEquiv></TextLine><TextLine id="r1_l014"><Coords points="148,1061 147,1061 147,1048 147,1047 146,1047 142,1044 142,1031 146,1027 147,1027 148,1026 172,1026 172,1026 172,1017 173,1016 176,1016 177,1015 179,1015 180,1014 183,1014 184,1015 298,1015 299,1014 300,1014 301,1013 302,1013 303,1015 303,1017 304,1017 350,1017 350,1017 350,1015 351,1014 351,1013 352,1012 353,1012 354,1011 355,1012 357,1012 357,1013 357,1015 358,1015 399,1015 400,1017 400,1023 401,1023 411,1023 413,1025 483,1025 485,1023 485,1020 486,1019 486,1016 487,1015 487,1012 489,1010 492,1010 494,1012 512,1012 513,1013 514,1013 515,1015 515,1025 516,1025 553,1025 555,1023 556,1023 557,1024 599,1024 599,1024 599,1012 600,1011 603,1011 605,1014 605,1015 606,1016 606,1018 608,1020 608,1024 609,1024 663,1024 664,1023 710,1023 711,1024 758,1024 758,1024 758,1023 759,1022 759,1021 760,1020 760,1019 764,1015 764,1014 765,1013 766,1013 767,1012 773,1012 775,1014 813,1014 814,1015 815,1015 816,1016 868,1016 869,1017 871,1017 872,1018 873,1018 873,1019 873,1022 874,1023 874,1026 875,1026 911,1026 912,1027 913,1027 915,1029 917,1029 918,1030 922,1030 923,1031 924,1031 924,1032 924,1034 925,1035 925,1036 926,1037 925,1038 925,1039 924,1040 919,1040 918,1041 918,1047 917,1048 911,1048 910,1049 833,1049 832,1048 784,1048 783,1049 781,1049 780,1050 780,1056 779,1057 769,1057 767,1056 767,1049 767,1048 747,1048 746,1047 743,1047 742,1046 741,1046 740,1045 689,1045 688,1046 687,1046 686,1047 685,1046 578,1046 577,1047 577,1058 577,1058 572,1058 571,1058 571,1047 571,1046 533,1046 532,1047 450,1047 449,1048 449,1057 449,1057 448,1057 447,1058 439,1058 438,1057 437,1057 436,1057 436,1048 436,1047 353,1047 352,1048 315,1048 314,1049 314,1059 314,1059 310,1059 309,1059 309,1049 309,1048 278,1048 277,1049 275,1049 274,1048 229,1048 221,1048 220,1049 156,1049 155,1050 155,1061 155,1061"/><TextEquiv index="1"><Unicode>admirable étoit préſente à mon eſprit. Son</Unicode></TextEquiv></TextLine><TextLine id="r1_l015"><Coords points="150,1106 149,1106 149,1093 149,1092 147,1092 145,1091 145,1075 144,1074 144,1072 146,1070 146,1063 148,1061 286,1061 287,1060 289,1060 290,1059 330,1059 331,1058 372,1058 372,1058 372,1057 373,1056 374,1056 375,1055 376,1055 377,1056 378,1056 379,1057 566,1057 567,1058 706,1058 707,1059 843,1059 844,1060 894,1060 895,1062 895,1072 896,1072 912,1072 913,1073 951,1073 951,1074 950,1075 917,1075 916,1076 917,1077 917,1078 918,1079 918,1089 913,1094 887,1094 886,1095 886,1104 885,1105 883,1105 882,1105 882,1101 882,1100 503,1100 501,1102 235,1102 234,1103 233,1103 232,1104 230,1104 229,1105 154,1105 153,1106"/><TextEquiv index="1"><Unicode>image déſolée me perſécutoit la nuit &amp; le</Unicode></TextEquiv></TextLine><TextLine id="r1_l016"><Coords points="401,1148 399,1147 399,1139 399,1138 327,1138 326,1137 279,1137 278,1138 265,1138 264,1139 264,1142 263,1143 262,1143 260,1142 260,1139 260,1138 229,1138 228,1139 227,1139 226,1138 170,1138 169,1139 154,1139 152,1141 152,1142 150,1144 150,1145 149,1146 148,1146 147,1147 143,1144 143,1117 144,1116 145,1116 145,1116 145,1108 147,1106 155,1106 155,1107 155,1116 156,1116 199,1116 200,1117 247,1117 247,1117 247,1109 250,1106 261,1106 262,1108 262,1116 263,1116 310,1116 311,1115 405,1115 406,1114 407,1114 408,1115 476,1115 476,1115 476,1109 477,1108 477,1107 478,1106 479,1106 480,1105 481,1105 483,1103 484,1103 485,1104 572,1104 574,1102 578,1102 579,1101 580,1101 582,1104 582,1105 583,1106 583,1114 584,1114 670,1114 670,1114 670,1106 671,1105 672,1105 673,1104 675,1104 676,1103 687,1103 688,1102 689,1102 690,1103 691,1103 691,1104 691,1105 692,1106 692,1109 693,1110 693,1111 694,1112 694,1114 695,1114 792,1114 792,1114 792,1110 793,1109 793,1108 796,1105 797,1105 798,1104 803,1104 807,1109 807,1115 808,1115 852,1115 853,1116 884,1116 885,1117 909,1117 910,1118 911,1118 911,1119 911,1120 912,1121 912,1129 913,1130 913,1133 914,1133 915,1133 915,1134 915,1137 914,1138 895,1138 894,1137 798,1137 797,1136 700,1136 699,1137 637,1137 636,1136 589,1136 588,1137 575,1137 574,1138 574,1139 573,1140 572,1140 570,1139 570,1138 570,1137 527,1137 526,1138 525,1137 413,1137 412,1138 412,1146 411,1147 407,1147 406,1148"/><TextEquiv index="1"><Unicode>jour. Je me reprochois ſes malheurs &amp; mon</Unicode></TextEquiv></TextLine><TextLine id="r1_l017"><Coords points="506,1192 504,1191 504,1190 503,1189 503,1182 503,1181 440,1181 439,1182 434,1182 433,1181 367,1181 366,1182 364,1182 363,1183 302,1183 301,1182 291,1182 251,1182 250,1183 185,1183 184,1184 181,1184 180,1183 149,1183 146,1181 146,1153 148,1151 151,1151 152,1150 155,1150 157,1153 157,1161 158,1161 215,1161 215,1161 215,1153 217,1151 220,1151 221,1150 222,1150 223,1152 223,1159 224,1160 224,1161 225,1161 271,1161 272,1160 334,1160 334,1160 334,1152 335,1151 336,1151 337,1150 348,1150 349,1151 350,1151 350,1152 350,1160 351,1160 473,1160 474,1159 581,1159 581,1159 581,1154 582,1153 582,1152 584,1150 586,1150 588,1148 590,1148 591,1149 632,1149 632,1150 632,1151 633,1152 633,1159 634,1159 681,1159 681,1159 681,1151 683,1149 686,1149 687,1148 690,1148 690,1149 690,1150 691,1150 739,1150 740,1149 792,1149 793,1148 808,1148 809,1150 809,1159 810,1159 867,1159 867,1159 867,1158 868,1157 868,1156 869,1155 869,1154 871,1152 871,1151 872,1150 873,1150 874,1149 875,1149 876,1148 882,1148 883,1149 884,1149 884,1150 884,1159 885,1159 888,1159 889,1160 907,1160 908,1161 915,1161 916,1163 916,1167 914,1169 913,1169 912,1170 912,1180 911,1181 911,1182 911,1182 884,1182 883,1181 825,1181 824,1182 823,1182 822,1181 703,1181 702,1180 644,1180 643,1181 516,1181 515,1182 515,1190 514,1191 513,1191 512,1192"/><TextEquiv index="1"><Unicode>bonheur. Je me reprochois de briller ſur</Unicode></TextEquiv></TextLine><TextLine id="r1_l018"><Coords points="748,1236 747,1236 747,1226 747,1225 723,1225 722,1224 636,1224 624,1224 623,1225 611,1225 610,1226 610,1229 608,1231 608,1232 605,1235 592,1235 590,1234 590,1233 589,1232 589,1226 589,1225 484,1225 483,1226 483,1235 482,1236 473,1236 471,1235 471,1228 471,1227 441,1227 440,1226 404,1226 384,1226 383,1227 325,1227 324,1228 324,1231 321,1234 320,1234 318,1236 317,1236 316,1235 315,1235 314,1235 314,1229 314,1228 161,1228 160,1227 150,1227 147,1225 147,1223 146,1222 146,1219 145,1218 145,1211 143,1209 144,1208 144,1207 146,1205 161,1205 162,1206 211,1206 213,1204 241,1204 241,1204 241,1203 242,1202 242,1201 243,1200 243,1199 244,1198 244,1196 246,1194 249,1194 249,1195 249,1196 250,1197 250,1199 251,1200 251,1201 252,1202 252,1205 253,1205 292,1205 293,1206 295,1206 296,1207 297,1207 299,1210 299,1211 300,1212 300,1218 301,1218 346,1218 346,1218 346,1209 352,1203 353,1204 409,1204 409,1204 409,1196 410,1195 411,1195 412,1194 413,1194 414,1193 428,1193 429,1194 430,1194 430,1195 430,1204 431,1204 469,1204 470,1203 507,1203 507,1203 507,1197 509,1195 536,1195 537,1194 538,1194 539,1193 550,1193 551,1192 554,1192 554,1193 554,1195 555,1196 555,1203 556,1203 606,1203 607,1202 619,1202 619,1202 619,1197 620,1196 620,1195 622,1193 667,1193 668,1192 691,1192 692,1191 706,1191 707,1192 726,1192 727,1194 727,1196 728,1197 728,1201 729,1201 762,1201 763,1202 764,1202 765,1203 824,1203 825,1202 854,1202 854,1202 854,1200 855,1199 855,1198 856,1197 856,1196 857,1195 858,1195 859,1194 860,1194 861,1196 861,1197 863,1199 863,1201 865,1202 875,1202 876,1204 876,1205 877,1205 909,1205 910,1206 911,1206 914,1210 914,1221 913,1222 913,1224 912,1225 911,1225 910,1226 908,1226 907,1227 903,1227 902,1226 858,1226 857,1225 766,1225 765,1226 765,1234 764,1235 757,1235 754,1233 754,1226 754,1225 751,1225 750,1226 750,1236 750,1236"/><TextEquiv index="1"><Unicode>un trône, tandis qu'elle gémiſſoit peut-être</Unicode></TextEquiv></TextLine><TextLine id="r1_l019"><Coords points="489,1282 488,1281 487,1281 484,1279 484,1272 484,1271 405,1271 404,1272 356,1272 355,1271 323,1271 322,1272 322,1275 322,1275 321,1275 321,1272 321,1271 302,1271 301,1272 197,1272 196,1273 192,1273 191,1274 167,1274 166,1273 157,1273 156,1272 154,1272 148,1267 148,1265 147,1264 147,1260 149,1258 149,1257 154,1252 155,1252 156,1251 158,1251 158,1251 158,1244 159,1243 159,1242 160,1241 163,1241 164,1240 169,1240 169,1241 169,1251 170,1251 260,1251 260,1251 260,1242 261,1241 262,1241 263,1240 264,1240 265,1239 266,1239 267,1238 270,1238 270,1239 270,1246 271,1247 271,1250 272,1250 339,1250 339,1250 339,1248 340,1247 340,1245 341,1244 341,1243 345,1239 346,1239 347,1238 353,1238 355,1241 355,1249 356,1249 375,1249 376,1250 437,1250 437,1250 437,1249 439,1247 439,1246 440,1245 440,1244 442,1242 443,1242 444,1241 445,1241 446,1240 447,1240 448,1239 460,1239 462,1242 462,1243 463,1244 463,1246 464,1247 464,1248 465,1248 539,1248 540,1247 558,1247 558,1247 558,1239 559,1238 560,1238 561,1237 563,1237 564,1236 565,1237 566,1237 566,1238 566,1247 567,1247 655,1247 655,1247 655,1240 658,1237 679,1237 680,1236 702,1236 703,1235 736,1235 737,1236 750,1236 750,1237 750,1238 751,1239 751,1242 752,1243 752,1244 753,1245 753,1246 754,1246 768,1246 769,1247 810,1247 810,1247 810,1239 812,1237 816,1237 817,1239 816,1240 816,1248 817,1248 884,1248 885,1247 888,1247 889,1248 908,1248 909,1249 910,1249 911,1250 912,1250 913,1252 913,1254 914,1255 914,1265 915,1265 916,1265 916,1266 916,1270 915,1271 915,1272 915,1272 914,1272 913,1273 912,1273 911,1272 901,1272 900,1271 899,1271 898,1270 866,1270 865,1269 756,1269 755,1268 705,1268 704,1269 661,1269 659,1271 659,1272 658,1273 658,1274 656,1276 656,1277 655,1278 654,1278 652,1277 652,1269 652,1268 589,1268 588,1269 588,1270 588,1270 518,1270 517,1271 498,1271 497,1272 497,1278 497,1278 496,1278 494,1280 494,1282 494,1282"/><TextEquiv index="1"><Unicode>dans les fers. Cependant j'idolâtrois ma</Unicode></TextEquiv></TextLine><TextLine id="r1_l020"><Coords points="426,1324 425,1324 425,1317 425,1316 372,1316 371,1317 301,1317 300,1318 295,1318 294,1319 293,1319 293,1318 293,1317 236,1317 235,1318 177,1318 176,1319 173,1319 172,1318 170,1318 169,1317 150,1317 148,1316 148,1297 150,1295 152,1295 153,1294 153,1294 153,1291 157,1287 158,1287 158,1287 158,1286 159,1285 160,1285 161,1284 164,1284 165,1285 169,1285 170,1287 170,1296 171,1296 231,1296 232,1295 289,1295 289,1295 289,1292 290,1291 290,1289 291,1288 291,1287 292,1286 293,1286 294,1285 296,1285 297,1284 300,1284 301,1285 302,1285 303,1286 304,1286 304,1287 304,1291 305,1292 305,1294 306,1294 317,1294 318,1295 384,1295 385,1294 458,1294 459,1293 480,1293 480,1293 480,1291 481,1290 481,1288 483,1286 483,1285 485,1283 486,1283 487,1282 495,1282 496,1284 496,1285 497,1285 574,1285 575,1284 577,1284 578,1283 623,1283 625,1281 626,1281 627,1283 627,1284 628,1285 628,1289 629,1289 632,1289 632,1290 632,1292 633,1292 689,1292 689,1292 689,1283 691,1281 695,1281 695,1282 695,1284 696,1284 743,1284 747,1280 749,1280 750,1279 754,1279 755,1281 755,1284 756,1285 756,1291 757,1291 764,1291 765,1292 811,1292 812,1293 861,1293 863,1291 882,1291 882,1291 882,1285 883,1284 885,1284 886,1283 888,1283 890,1281 891,1281 892,1283 892,1284 893,1285 893,1294 894,1294 911,1294 915,1298 926,1298 927,1300 926,1301 916,1301 915,1302 915,1311 913,1313 913,1314 913,1314 911,1316 910,1316 909,1317 903,1317 902,1316 845,1316 844,1317 844,1319 844,1319 843,1318 841,1318 840,1318 840,1316 840,1315 809,1315 808,1314 625,1314 624,1315 550,1315 549,1316 548,1315 448,1315 447,1316 428,1316 427,1317 427,1324 427,1324"/><TextEquiv index="1"><Unicode>femme &amp; mon enfant. J'aimois ſur-tout le</Unicode></TextEquiv></TextLine><TextLine id="r1_l021"><Coords points="871,1373 870,1373 870,1362 870,1361 823,1361 822,1362 822,1366 820,1368 820,1369 820,1369 819,1369 816,1372 807,1372 806,1371 805,1371 803,1370 803,1368 802,1367 802,1361 802,1360 764,1360 763,1359 699,1359 689,1359 688,1360 641,1360 640,1361 640,1369 639,1370 635,1370 634,1371 631,1371 630,1370 629,1370 627,1369 627,1361 627,1360 578,1360 577,1359 525,1359 510,1359 509,1360 416,1360 415,1361 402,1361 400,1363 400,1366 397,1369 396,1369 394,1368 394,1363 394,1362 255,1362 254,1363 254,1372 253,1373 243,1373 241,1372 241,1364 241,1363 198,1363 197,1364 175,1364 174,1363 151,1363 150,1363 150,1362 149,1361 149,1336 148,1335 148,1333 149,1332 150,1332 151,1331 155,1331 156,1330 179,1330 180,1331 181,1331 181,1332 181,1333 182,1334 182,1341 183,1341 213,1341 214,1340 280,1340 281,1339 286,1339 286,1339 286,1332 287,1331 291,1331 292,1330 293,1330 294,1329 315,1329 316,1328 328,1328 329,1330 329,1331 330,1332 330,1340 331,1340 347,1340 348,1341 396,1341 396,1341 396,1334 397,1333 397,1331 399,1329 402,1329 403,1331 403,1338 404,1338 415,1338 416,1339 465,1339 466,1338 478,1338 478,1338 478,1333 479,1332 479,1331 481,1329 484,1329 485,1330 486,1330 487,1332 487,1337 488,1337 519,1337 520,1338 618,1338 619,1337 623,1337 624,1338 673,1338 673,1338 673,1329 675,1327 714,1327 715,1326 756,1326 757,1325 764,1325 766,1327 797,1327 799,1329 845,1329 846,1328 869,1328 870,1327 872,1327 873,1326 874,1328 874,1337 875,1338 875,1339 876,1339 891,1339 892,1340 893,1340 894,1342 894,1343 895,1344 895,1348 896,1348 912,1348 912,1349 912,1350 913,1351 913,1352 914,1353 911,1356 894,1356 893,1357 893,1359 891,1361 875,1361 874,1362 874,1373 874,1373"/><TextEquiv index="1"><Unicode>bien public: je m'en occupois infatigable-</Unicode></TextEquiv></TextLine><TextLine id="r1_l022"><Coords points="263,1419 262,1419 262,1417 262,1416 254,1416 253,1416 253,1408 253,1407 200,1407 199,1408 197,1408 196,1409 194,1409 193,1408 153,1408 150,1406 150,1391 149,1390 150,1389 150,1388 151,1387 152,1387 153,1386 155,1386 156,1385 230,1385 231,1384 234,1384 234,1385 234,1386 235,1386 293,1386 294,1385 338,1385 338,1385 338,1375 339,1374 342,1374 343,1375 344,1375 344,1376 344,1385 345,1385 390,1385 391,1384 407,1384 408,1383 453,1383 454,1382 500,1382 502,1380 502,1378 506,1374 508,1372 510,1372 511,1371 514,1371 515,1372 555,1372 556,1373 594,1373 595,1375 595,1383 596,1383 668,1383 668,1383 668,1375 670,1373 674,1373 674,1374 674,1383 675,1383 700,1383 701,1382 702,1382 703,1381 748,1381 748,1381 748,1376 752,1372 753,1372 754,1371 755,1371 756,1372 757,1372 757,1373 757,1380 759,1382 759,1383 760,1383 823,1383 823,1383 823,1376 824,1375 826,1375 827,1374 828,1374 829,1373 830,1373 831,1372 832,1373 875,1373 876,1375 876,1382 877,1382 886,1382 887,1384 887,1385 888,1385 890,1385 891,1387 891,1397 892,1397 911,1397 912,1398 913,1398 914,1400 914,1401 915,1402 915,1407 914,1408 914,1409 913,1410 913,1411 911,1413 910,1413 909,1414 905,1414 904,1413 903,1413 902,1413 902,1407 902,1406 816,1406 815,1405 672,1405 671,1406 644,1406 643,1407 643,1415 642,1416 633,1416 632,1416 632,1415 631,1414 631,1406 631,1405 524,1405 523,1406 523,1415 522,1416 517,1416 516,1417 515,1417 514,1416 513,1416 510,1414 510,1407 510,1406 489,1406 488,1405 359,1405 358,1406 345,1406 344,1407 269,1407 268,1408 268,1419 268,1419"/><TextEquiv index="1"><Unicode>ment; mais mon eſprit inquiet cherchoit,</Unicode></TextEquiv></TextLine><TextLine id="r1_l023"><Coords points="276,1465 275,1465 275,1452 275,1451 266,1451 265,1452 236,1452 235,1453 235,1458 234,1459 234,1460 230,1464 220,1464 219,1463 218,1463 216,1462 216,1461 215,1460 215,1459 214,1457 185,1457 184,1457 184,1454 184,1453 151,1453 150,1454 149,1454 147,1453 147,1437 146,1436 147,1435 147,1434 148,1433 149,1433 150,1432 152,1432 153,1431 159,1431 160,1430 163,1430 164,1431 200,1431 200,1431 200,1423 201,1422 203,1422 204,1421 205,1421 206,1420 209,1420 210,1422 210,1426 211,1427 211,1429 212,1429 260,1429 260,1429 260,1427 261,1426 261,1422 262,1421 262,1420 263,1419 296,1419 297,1418 298,1418 299,1417 301,1419 333,1419 333,1420 333,1422 334,1423 334,1441 336,1442 379,1442 379,1442 379,1421 380,1420 381,1420 382,1419 383,1419 384,1418 385,1418 386,1417 387,1417 388,1419 388,1428 389,1428 418,1428 419,1429 420,1429 421,1430 459,1430 460,1429 463,1429 464,1428 608,1428 608,1428 608,1419 609,1418 610,1418 611,1417 614,1417 615,1416 617,1416 618,1418 618,1428 619,1428 636,1428 637,1429 676,1429 677,1428 742,1428 743,1427 747,1427 747,1427 747,1419 749,1417 750,1417 751,1416 771,1416 771,1416 771,1415 772,1414 774,1414 775,1416 775,1428 776,1428 813,1428 813,1428 813,1422 816,1419 819,1419 820,1418 822,1418 823,1420 823,1429 824,1429 861,1429 862,1428 892,1428 892,1428 892,1418 894,1416 896,1416 897,1417 898,1417 899,1419 899,1421 900,1422 900,1423 901,1424 901,1426 902,1427 902,1428 903,1429 903,1430 904,1430 905,1430 908,1434 908,1443 909,1443 910,1443 912,1446 912,1449 911,1450 911,1451 911,1451 909,1451 908,1452 895,1452 893,1450 852,1450 851,1451 816,1451 815,1450 766,1450 765,1449 713,1449 712,1450 630,1450 629,1449 577,1449 576,1450 558,1450 557,1451 557,1457 556,1458 553,1456 553,1455 553,1454 516,1454 514,1456 514,1457 511,1460 511,1461 511,1461 506,1461 503,1459 503,1452 503,1451 452,1451 451,1450 407,1450 405,1450 404,1451 367,1451 365,1453 365,1454 364,1455 361,1458 360,1458 359,1459 357,1459 355,1458 355,1452 355,1451 282,1451 281,1452 281,1465 281,1465"/><TextEquiv index="1"><Unicode>malgré lui, les moyens de me dérober à</Unicode></TextEquiv></TextLine><TextLine id="r1_l024"><Coords points="289,1508 288,1507 286,1507 284,1506 284,1499 284,1498 192,1498 191,1497 151,1497 149,1496 149,1481 150,1480 150,1478 152,1476 155,1476 156,1475 273,1475 273,1475 273,1470 274,1469 274,1467 276,1465 356,1465 356,1465 356,1464 357,1463 359,1463 360,1462 459,1462 460,1461 463,1461 466,1465 466,1466 468,1468 468,1472 470,1473 618,1473 620,1471 649,1471 649,1471 649,1468 650,1467 650,1466 651,1465 651,1464 652,1463 652,1462 653,1461 655,1461 656,1463 656,1464 657,1465 657,1467 658,1468 658,1472 659,1472 780,1472 780,1472 780,1461 781,1460 784,1460 784,1461 784,1462 785,1463 785,1464 786,1465 786,1466 787,1467 787,1468 788,1469 788,1470 789,1471 789,1473 790,1473 904,1473 905,1474 906,1474 907,1476 907,1481 908,1482 908,1489 911,1492 911,1493 910,1494 910,1495 910,1495 741,1495 738,1498 738,1499 737,1500 736,1500 735,1501 731,1501 729,1500 729,1496 729,1495 653,1495 652,1496 652,1506 652,1506 649,1504 649,1496 649,1495 512,1495 511,1496 417,1496 416,1497 417,1497 454,1497 454,1498 454,1499 455,1500 453,1502 412,1502 411,1503 407,1503 406,1503 406,1497 406,1496 300,1496 299,1497 297,1497 296,1498 296,1506 295,1507 291,1507 290,1508"/><TextEquiv index="1"><Unicode>mon épouſe, à mon trône, à mon</Unicode></TextEquiv></TextLine><TextLine id="r1_l025"><Coords points="159,1554 158,1554 158,1543 158,1542 148,1542 146,1541 146,1524 147,1523 147,1521 148,1520 152,1520 154,1518 338,1518 339,1517 339,1516 343,1512 344,1512 345,1511 346,1511 347,1510 353,1510 354,1509 465,1509 466,1508 467,1508 468,1507 498,1507 499,1506 499,1505 501,1503 504,1503 504,1504 504,1505 505,1505 887,1505 888,1507 888,1516 889,1516 905,1516 906,1517 909,1517 910,1519 910,1521 912,1523 912,1534 909,1537 908,1537 907,1538 906,1538 905,1539 797,1539 796,1540 796,1548 796,1548 791,1548 790,1549 782,1549 781,1550 780,1550 779,1550 779,1541 779,1540 467,1540 466,1541 439,1541 438,1542 199,1542 198,1543 198,1544 197,1545 197,1546 196,1547 196,1548 192,1552 173,1552 172,1553 172,1554 172,1554"/><TextEquiv index="1"><Unicode>royaume. O vanité du mondel que de</Unicode></TextEquiv></TextLine><TextLine id="r1_l026"><Coords points="633,1603 632,1603 631,1603 631,1597 631,1596 629,1596 628,1595 621,1595 619,1593 578,1593 576,1592 576,1590 576,1589 443,1589 442,1590 442,1596 441,1597 437,1597 436,1598 430,1598 427,1596 427,1590 427,1589 303,1589 302,1590 302,1597 301,1598 295,1598 294,1599 207,1599 205,1601 167,1601 165,1600 165,1593 165,1592 160,1592 159,1592 159,1590 159,1589 149,1589 148,1589 148,1585 147,1584 147,1583 148,1582 149,1582 149,1582 149,1580 150,1579 151,1579 151,1579 151,1564 153,1562 154,1562 154,1562 154,1560 155,1559 155,1558 159,1554 279,1554 279,1554 279,1552 281,1550 283,1550 285,1552 369,1552 369,1553 369,1560 370,1561 370,1562 371,1562 562,1562 563,1561 643,1561 643,1561 643,1554 645,1552 646,1552 647,1551 649,1551 650,1550 782,1550 782,1551 782,1554 783,1555 783,1560 784,1560 822,1560 823,1561 907,1561 908,1562 909,1562 910,1563 911,1563 912,1565 912,1566 913,1567 913,1581 912,1582 912,1583 911,1584 911,1585 911,1585 910,1585 909,1586 906,1586 905,1587 885,1587 884,1588 882,1588 881,1589 877,1589 876,1589 876,1586 876,1585 723,1585 722,1586 705,1586 704,1587 673,1587 672,1588 637,1588 636,1589 636,1603 636,1603 635,1603 634,1604"/><TextEquiv index="1"><Unicode>ſang répandu pour me placer dans ce</Unicode></TextEquiv></TextLine></TextRegion><ImageRegion id="r2"><Coords points="161,194 161,215 162,216 162,229 895,229 895,216 896,215 913,215 913,194"/></ImageRegion><TextRegion id="r3" type="heading" orientation="-0.0"><Coords points="169,286 168,287 166,287 166,288 165,289 165,298 166,298 168,300 166,301 166,303 165,304 165,305 164,307 164,309 163,310 163,314 162,315 162,318 159,320 151,320 151,322 150,323 150,332 151,333 150,334 129,334 129,344 168,344 168,337 169,336 287,336 288,334 289,334 293,331 294,331 297,327 298,327 304,322 305,322 308,319 309,319 312,316 314,317 314,318 312,319 312,320 310,323 308,323 307,324 307,336 308,337 340,337 341,338 418,338 419,337 421,337 424,334 424,333 426,331 426,319 427,318 429,318 431,319 431,331 432,332 432,333 434,336 435,336 438,338 439,338 440,339 478,339 479,338 482,338 483,337 505,337 506,338 506,339 542,339 543,338 572,338 573,337 573,336 574,334 575,336 575,339 581,345 581,346 582,347 584,347 586,349 592,349 593,351 596,351 597,352 638,352 639,351 639,340 640,339 670,339 672,338 674,338 675,337 685,337 687,338 790,338 791,339 870,339 871,340 906,340 908,338 908,324 906,322 907,320 922,320 922,310 894,310 893,309 893,308 894,307 894,304 895,303 895,292 894,290 852,290 851,289 821,289 820,288 785,288 784,289 663,289 662,288 629,288 628,289 597,289 596,288 596,287 595,287 594,286 555,286 553,287 545,287 544,288 519,288 517,289 497,289 495,290 491,290 490,289 454,289 453,290 447,290 446,292 444,292 434,302 434,303 432,305 431,305 429,304 431,303 431,289 370,289 369,288 367,288 366,287 315,287 312,289 311,288 267,288 266,287 232,287 231,288 220,288 219,287 216,287 215,286"/><TextEquiv><Unicode/></TextEquiv><TextLine id="r3_l001"><Coords points="146,291 906,291 906,349 146,349"/><TextEquiv index="1"><Unicode>LIVRECINQUIEME.</Unicode></TextEquiv></TextLine></TextRegion><ImageRegion id="r4"><Coords points="338,85 337,86 337,101 339,104 339,107 340,108 340,113 338,115 337,115 337,117 336,118 336,127 339,130 381,130 382,129 383,129 384,128 388,128 389,129 435,129 436,130 471,130 472,129 488,129 490,128 536,128 538,130 538,133 539,134 575,134 577,133 578,133 578,132 579,130 579,129 580,128 581,128 582,129 584,129 585,130 619,130 621,129 622,129 623,128 625,128 626,129 721,129 721,128 724,126 724,121 725,120 747,120 747,110 746,108 714,108 713,107 713,97 712,96 622,96 621,95 585,95 585,96 584,97 578,97 578,98 577,99 575,98 541,98 539,97 539,95 486,95 485,96 483,96 483,97 482,98 480,97 480,95 479,95 478,93 443,93 443,97 442,98 442,100 440,103 439,101 439,100 438,99 438,98 435,96 434,96 433,95 425,95 424,93 397,93 396,92 396,89 393,89 392,88 383,88 382,86 375,86 374,85"/></ImageRegion><TextRegion id="r5" type="page-number" orientation="-0.0"><Coords points="834,97 830,100 830,101 829,103 829,112 830,113 831,113 833,114 831,115 830,115 830,127 833,129 836,129 837,130 880,130 881,132 881,141 882,141 884,142 917,142 918,141 922,141 922,140 923,139 923,137 925,135 925,133 928,130 932,130 932,121 931,120 931,117 932,115 932,104 930,101 927,101 925,100 879,100 878,99 877,99 874,97"/><TextEquiv><Unicode/></TextEquiv><TextLine id="r5_l001"><Coords points="846,102 917,102 917,139 846,139"/><TextEquiv index="1"><Unicode>2e</Unicode></TextEquiv></TextLine></TextRegion></Page></PcGts>