1116 1854
196 156 987 213 rang périlleux! Et quel fruit en recueil-
194 206 986 256 lois - je? Jamais le ſang n'a fait naître le
199 257 359 292 bonheur.
226 297 984 347 Je goûtois cependant quelquefois de vrais
196 345 980 390 plaiſirs, avec mon épouſe & mon enfant.
197 388 981 436 Ceux qui me charmoient le plus, étoiens
198 435 980 481 ceux qu'on puiſe dans la nature. Souvent
195 478 988 526 ma reine ſe plaiſoit à redevenir ma ſervante;
198 524 978 572 nous paſſions quelquefois des ſemaines en-
197 570 976 617 tieres à la campagne, à mener notre an-
196 616 976 658 cienne vie. Ma chere amante venoit alors
196 659 974 705 chez moi tous les matins, ſous les habirs
194 704 972 749 de Dorothée. Elle faiſoit ma chambre, &
193 750 969 796 je l'embraſſois tendrement, pour la remer-
195 795 970 845 cier de ſes ſoins. Nous n'étions jamais plus
195 841 971 886 contents que dans ces moments, où, dé-
194 883 969 931 pouillés de la rovauté, nous retrouvions les
195 930 969 976 ſenſations de ſimples particuliers. Ah! ſi
194 974 971 1022 l'on pouvoit comparer les deux conditions,
194 1020 970 1066 qui envieroit celle des rois? Enfin, je
194 1065 966 1111 faiſois le bonheur d'une femme & d'un
195 1110 967 1170 grand état; & je ne pouvois faire le
196 1157 350 1199 mien.
236 1189 951 1248 Comme on s'appercevoit de ma mélance
192 1245 965 1293 lie, pour me diſtraire, d'honnêtes couri-
192 1290 963 1337 ſans me propoſoient, ſans façon, de faire
193 1335 964 1384 la guerre, d'attaquer, d'envahir quelqu'état
192 1381 963 1428 voiſin. Moi qui étois né dans la claſſe de
192 1427 966 1473 peuple, j'enviſageois les maux qu'un ſi cruel
193 1471 965 1519 paſſe-temps devoit cauſer au peuple, & le
193 1516 965 1570 ſang des hommes me ſembloit auſſi précieux
178 1564 551 1611 que le mien propre.
201 112 267 146 ot
