1116 1854
200 151 1046 209 grand ſans pain, traité comme un vil trou-
201 203 1046 252 peau: voici ce que j'appercus chez moi,
201 245 1046 308 de commun avec les autres états; mais
201 293 869 340 voilà ce que j'y vis de particulier.
201 325 1046 384 On aura reconnu que les Auſtro-Francs,
201 381 1046 431 ſemblables aux anciens Germains, avoient
201 426 1046 475 une certaine vénération pour les femmes.
201 472 1046 520 C'étoit à elles exclufivement qu'on avoit ac-
201 516 1046 565 cordé la couronne. Bizarrerie ſinguliere dans
201 562 1046 610 un état fonde par des Francois! Je vis une
201 607 1046 655 province où le ſexe avoit encore de bien
201 651 1047 700 plus grands privileges: non-ſeulement les
202 695 1047 745 femmes y étoient reines, non-ſeulement elles
202 741 1047 790 y rempliſſoient toutes les fonctions hono-
202 786 1047 836 rables que les hommes ſe réſervent parmi
202 831 1047 881 nous; mais il n'y avoit pas chez elles un
202 876 1047 927 ſeul homme qui ne fût eſclave. Quand le
202 920 1047 989 beau ſexe a de ſon côté l'empire, il n'en
202 967 703 1017 jouit pas avec modération.
202 1005 1047 1061 Cette province étoit une eſpece de ré-
202 1056 1047 1108 publique qui ſubſiſtoit ſous la protection
202 1101 1048 1152 de ma couronne. A la fondation du royaume,
203 1144 1048 1198 quand on eut élu Ninon premiere pour
203 1190 1048 1241 reine, quand les Francois ſe furent empa-
203 1236 1048 1286 rés des plus jolies Francoiſes pour en faire
203 1279 1048 1334 leurs épouſes, quelques mécontentes, qui
203 1326 1048 1377 n'avoient pu trouver de maris, piquées con-
203 1371 1048 1420 tre les hommes, ſe retirerent dans ce can-
203 1415 1048 1465 ton, ayant à leur tête une femme indignée
203 1459 1048 1510 de ce qu'on ne l'avoit pas choiſie pour
203 1504 1048 1555 reine. Elles y fonderent ce petit état, d'où
203 1550 1049 1619 elles chaſſerent tous les naturels du pays,
237 114 304 139 aan
