1116 1854
837 106 904 140 ss
126 152 905 202 aù moins quant aux hommes. Leur ſexe
123 200 902 246 ſe trouva bientôt en plus grand nombre
124 242 903 292 que le nôtre; &, comme elles étoient cent
125 288 904 332 femmes contre un homme, elles n'eurent
129 334 904 382 pas de peine à ſe rendre les maîtreſſes.
129 379 932 428 Mais on ſait que le ſexe timide ne connoît
129 419 901 472 plus de frein quand il a paſſé les bornes.
129 470 909 518 Ces Virago, (car tel eſt le nom qu'on leur
129 514 904 561 donnoit) ces Virago, dis-je, ne ſe con-
130 558 907 606 tenterent pas d'uſurper le ſceptre, elles ré-
131 603 904 649 duiſirent tous les hommes au plus dur &
125 647 904 696 plus vil eſclavage; tellement qu'ils ſe trou-
131 695 904 740 verent traités dans ce pays comme de vraies
132 739 909 785 bêtes de ſomme. L'amour y étoit inconnu;
136 786 905 830 & rien de ſi barbare que ce gouvernement
88 830 273 875 femelle.
178 860 905 921 Je fus indigné que les reines de France
132 918 906 966 Auſtrale euſſent ſouffert juſqu'à mon regne
131 965 908 1010 cet étrange abus; & je me promis bien,
117 1008 905 1056 le plutôt qu'il ſeroit poſſible, d'apprendre
128 1053 905 1100 à vivre à ces mégeres. Mais tandis que je
135 1096 909 1146 méditois les moyens de les ſubjuguer,
135 1145 905 1189 ces malheureuſes projetoient de me détrô-
134 1189 905 1234 ner & de m'enlever, pour m'enfermer chez
131 1233 906 1280 elles dans une cage de fer, & m'y expo-
131 1278 907 1325 ſer aux plux indignes outrages. Elles avoient
132 1323 904 1371 frémi d'apprendre qu'un homme venoit de
134 1369 903 1416 changer la forme du gouvernement, & de
134 1412 902 1460 s'élever ſur le trône. Elles s'indignoient
133 1458 905 1505 d'être ſous la protection d'un roi; elles ſe
135 1500 905 1549 préparoient à la révolte; & mon image
133 1547 905 1595 étoit chargée chez elles de tous les opprobres
