1116 1854
208 93 274 123 i
202 132 975 179 dont elles vouloient accabler ma perſonne.
222 177 974 225 On ſent combien il étoit dangereux pour
203 223 975 270 moi d'entrer dans ce pays. Auſſi je me gar-
209 269 979 315 dois bien d'en approcher de trop près,
206 313 976 360 & je me promettois ſeulement d'en faire le
207 357 976 405 tour extérieurement: mais je fus trahi
206 403 973 450 cruellement. A deux ou trois lieues de cette
205 448 975 495 province, j'eus le malheur d'entrer avec
205 492 976 539 mes compagnons dans une auberge ſcélé-
206 535 978 586 rate, pour y paſſer la nuit. L'hôte étoit
207 582 976 630 un coquin, qui s'entendoit avec un tas de
207 625 977 671 bandits, dont le métier étoit d'enlever le
208 670 978 719 plus d'hommes qu'ils pouvoient, & de les
209 717 978 764 conduire aux Virago, à qui ils les ven-
208 760 977 808 doient pour l'eſclavage. On vint nous ſur-
206 807 977 854 prendre dans notre lit: on nous garrotta,
206 851 978 898 & l'on nous entraîna juſqu'à la fatale ré-
209 894 976 945 publique, où l'on nous vendit par échange
209 940 976 988 à des mégeres. J'eus l'honneur d'être
209 985 977 1033 échangé (le dirai-je?) contre un pourceau.
211 1031 978 1078 Dès que nous fûmes dans les mains de
208 1073 977 1123 ces furies, garrottés comme nous étions,
212 1121 979 1167 elles nous rouerent de coups de bâton; en-
210 1165 977 1211 ſuite, ne nous laiſſant de libres que les
174 1211 980 1258 pieds, elles nous conduiſirent à coups de
199 1256 978 1303 fouet comme des troupeaux. En avancant
209 1300 978 1348 dans le pays, j'obſervois des hommes at-
212 1346 976 1392 telés aux voitures & aux charrues. J'en
211 1390 977 1435 voyois qui portoient des vivres ou autres
209 1434 976 1480 marchandiſes ſur leur dos, & qu'on chaſ-
174 1479 977 1527 ſoit à coups de fouet & d'aiguillon, comme
214 1524 975 1573 des brutes; de ſorte que dans ce pays, les
