1116 1854
202 151 981 198 qui leur cachoit ce qu'on doit le plus voi-
203 198 980 236 ler. Les femmes venoient les marchander
205 240 976 287 le fouet à la main, de la maniere la plus
203 285 977 333 cavaliere & la plus inſultante. On me fit
204 331 980 378 déshabiller comme les autres; & pour ajou-
203 375 977 424 ter à ma peine, le temps étoit aſſez froid
207 418 978 464 Des malheureuſes venoient me marchander,
208 468 979 503 en m'examinant à la dent comme un che-
210 512 982 555 val, & en me faiſant faire les mouvement
209 555 979 604 les plus originaux. L'une m'ordonnoit de
208 600 980 646 courir; l'autre montoit ſur moi. On me
212 646 983 694 faiſoit touſſer, porter des fardeaux, accom-
209 692 981 739 pagnant toujours chaque exercice de coups
208 736 981 783 de fouet. Enfin une femme dont l'air étoit
210 781 978 830 fort dédaigneux, acheta un attelage de fix
211 826 1015 875 grands hommes, & livra en échange plu-
212 873 979 919 ſieurs grand barils de ce qu'il y a de plus
211 917 982 965 honteux à nommer, pour fumer les terres.
213 962 981 1011 Le vendeur me céda à la dame par deſſus
211 1007 982 1056 le marché: l'indigne créature me donna à
210 1053 980 1100 ſa petite fille, pour faire de moi un jouet
213 1097 671 1145 & tout ce qu'elle voudroit.
259 1142 982 1179 Je fus conduit à la maiſon de ma maî-
213 1187 983 1235 treſſe, où l'on me chargea des fonctions
213 1231 985 1281 les plus humiliantes: moi qui étois roi,
217 1277 983 1324 moi qui avois été ſervi par une reine;
212 1324 984 1373 trop heureux encore de n'être pas connu
212 1366 986 1414 pour ce que j'étois; car ſi j'avois été dé-
212 1412 986 1460 couvert, mon ſupplice étoit tout prêt. Il
211 1456 987 1506 n'y avoit pas moyen d'échapper; le pays
213 1504 985 1551 me paroiſſoit trop bien gardé; d'ailleurs,
210 1546 988 1599 j'étois chargé d'une chaîne qui m'empê-
902 1595 992 1630 choit
202 95 278 131 r
