<PcGts xmlns="http://schema.primaresearch.org/PAGE/gts/pagecontent/2017-07-15" xmlns:xsi="http://www.w3.org/2001/XMLSchema-instance" xsi:schemaLocation="http://schema.primaresearch.org/PAGE/gts/pagecontent/2017-07-15 http://schema.primaresearch.org/PAGE/gts/pagecontent/2017-07-15/pagecontent.xsd"><Metadata><Creator/><Created>2020-09-17T10:58:05</Created><LastChange>1970-01-01T00:00:00</LastChange><Comments/></Metadata><Page imageFilename="0224.png" imageHeight="1854" imageWidth="1116"><ReadingOrder><OrderedGroup id="g1"><RegionRefIndexed index="0" regionRef="r2"/><RegionRefIndexed index="1" regionRef="r1"/></OrderedGroup></ReadingOrder><TextRegion id="r1" type="paragraph" orientation="-0.0"><Coords points="907,110 906,111 903,111 901,113 901,121 900,122 893,122 892,121 892,113 891,112 855,112 853,113 844,113 843,114 843,121 842,122 808,122 807,123 805,123 804,122 765,122 764,121 764,112 726,112 725,113 725,121 724,122 677,122 676,123 666,123 665,122 665,113 663,113 662,112 628,112 624,115 623,115 623,122 622,123 602,123 601,122 535,122 534,123 524,123 523,122 490,122 488,123 477,123 476,122 442,122 441,123 378,123 377,122 367,122 366,121 366,113 365,112 329,112 329,113 327,114 327,121 326,122 325,122 324,121 324,113 287,113 286,114 283,114 281,117 281,122 280,123 230,123 229,125 214,125 213,126 206,126 202,129 201,129 201,133 200,134 200,143 201,144 201,147 202,148 201,149 200,149 200,171 203,174 203,185 201,187 200,187 200,188 199,190 195,190 195,199 196,200 196,202 200,202 201,203 236,203 239,200 280,200 281,199 333,199 334,200 334,205 336,206 374,206 375,205 376,205 377,203 377,201 378,200 378,199 380,198 381,198 382,199 424,199 425,200 425,202 424,203 411,203 410,205 410,214 409,215 323,215 322,216 312,216 311,215 311,205 309,202 274,202 273,203 272,203 271,205 269,205 269,214 268,215 207,215 206,216 205,216 203,217 203,219 202,220 202,231 201,232 201,235 200,236 200,239 199,241 199,251 200,252 200,258 205,258 206,259 206,261 207,263 207,275 206,276 205,276 205,285 203,286 193,286 193,295 194,296 194,297 230,297 230,290 231,289 269,289 271,290 327,290 329,292 329,295 330,296 356,296 358,297 355,300 355,303 354,304 319,304 318,305 202,305 201,307 200,307 199,308 199,317 200,318 200,319 202,322 201,323 200,323 200,327 198,330 198,339 200,341 235,341 235,338 236,337 237,337 238,336 243,336 244,334 245,334 246,336 287,336 288,337 323,337 324,336 338,336 339,334 368,334 369,336 400,336 402,337 402,340 435,340 435,337 436,336 462,336 463,337 463,342 462,344 462,348 461,349 435,349 434,351 377,351 376,349 341,349 340,351 275,351 274,352 268,352 267,351 246,351 245,349 208,349 207,351 206,351 205,352 203,352 200,355 200,366 195,370 195,380 196,381 243,381 244,380 266,380 267,381 296,381 297,382 297,384 296,385 296,388 295,389 295,391 294,392 294,395 293,396 276,396 275,395 275,385 242,385 239,383 205,383 203,384 202,384 201,385 198,385 198,397 200,399 200,406 201,407 201,411 200,412 199,412 196,414 195,414 195,424 196,425 196,426 198,427 198,434 205,434 206,435 206,438 205,439 205,440 202,442 200,442 200,451 201,453 201,454 202,454 203,455 203,457 202,458 200,458 198,461 198,462 195,464 195,473 196,473 198,475 199,475 200,476 208,476 209,477 209,485 208,486 207,486 206,487 205,487 201,491 201,492 200,493 200,502 201,504 201,509 202,511 201,512 201,521 202,522 202,524 237,524 238,523 238,519 239,517 246,517 247,516 289,516 290,517 353,517 354,516 355,516 356,517 381,517 382,519 380,521 378,521 377,522 376,522 376,530 375,531 344,531 342,530 305,530 304,531 289,531 288,530 288,522 286,520 251,520 250,521 250,530 249,531 202,531 202,541 203,542 203,544 205,545 206,545 207,546 207,548 208,549 208,553 212,557 212,558 213,559 213,560 235,560 236,561 325,561 326,563 326,565 325,566 320,566 319,567 307,567 307,579 308,579 309,580 309,587 310,588 309,589 305,589 303,587 303,579 302,578 282,578 281,577 268,577 267,575 267,565 230,565 229,566 228,566 228,574 227,575 208,575 207,577 205,577 203,578 202,578 202,590 203,590 206,593 206,594 203,596 202,596 202,603 201,604 201,611 200,612 200,622 201,623 203,623 205,624 206,624 207,625 207,638 206,639 203,639 203,651 254,651 256,652 258,652 259,653 292,653 293,654 293,658 303,658 304,659 304,668 303,669 297,669 296,668 294,668 293,667 237,667 236,668 212,668 210,669 209,669 206,673 206,674 205,675 205,696 212,696 213,697 221,697 223,699 259,699 259,698 260,697 302,697 303,698 320,698 323,701 383,701 385,698 448,698 449,697 471,697 472,698 475,698 476,699 512,699 513,701 512,702 497,702 494,704 494,712 493,713 325,713 323,716 323,717 319,720 319,725 318,726 308,726 307,725 308,724 308,714 307,713 210,713 209,714 207,714 206,716 206,727 207,727 208,728 206,731 206,741 205,742 195,742 194,743 194,753 196,755 231,755 232,754 232,747 234,746 242,746 243,745 245,745 245,743 246,742 249,742 250,743 281,743 282,745 282,750 320,750 322,749 324,749 325,748 325,747 327,745 349,745 351,746 349,747 337,747 336,748 332,748 332,756 331,757 206,757 205,758 205,769 206,770 206,792 207,793 207,794 263,794 263,787 264,786 271,786 272,787 412,787 413,786 426,786 427,787 487,787 488,789 488,791 487,792 432,792 431,793 426,793 426,798 425,799 409,799 406,801 399,801 398,803 398,804 395,807 395,808 391,812 391,818 390,819 389,819 388,818 388,806 385,804 368,804 367,803 331,803 330,804 268,804 267,803 221,803 220,804 213,804 212,805 208,805 207,806 207,818 208,819 208,833 209,834 259,834 260,833 298,833 300,834 300,838 298,840 272,840 272,848 271,849 256,849 254,848 207,848 207,857 208,858 208,859 207,860 207,867 206,869 206,880 207,881 207,886 241,886 242,885 242,884 244,881 259,881 260,882 260,891 263,893 274,893 275,894 274,895 257,895 256,894 208,894 208,904 207,906 207,914 206,915 206,924 208,927 239,927 241,928 241,935 276,935 276,927 278,925 286,925 288,928 288,930 289,931 312,931 314,932 314,939 312,940 276,940 275,939 239,939 238,940 207,940 207,957 203,960 203,971 241,971 242,972 245,972 246,973 246,974 247,975 247,976 281,976 282,975 282,972 283,971 294,971 295,969 307,969 308,971 319,971 320,972 320,973 355,973 355,972 356,971 374,971 375,969 396,969 397,971 397,973 398,974 398,977 399,979 404,979 405,980 405,984 404,986 367,986 365,988 362,986 361,986 360,984 326,984 325,983 325,979 323,976 285,976 283,977 283,983 282,984 244,984 243,986 242,986 241,987 239,987 239,988 238,989 212,989 210,990 209,990 209,1002 208,1003 207,1003 207,1013 208,1015 209,1015 212,1017 212,1018 245,1018 246,1019 246,1025 289,1025 290,1024 290,1015 292,1013 296,1013 297,1015 324,1015 325,1016 325,1018 326,1019 360,1019 360,1018 361,1017 361,1016 362,1015 368,1015 369,1016 369,1020 370,1022 381,1022 382,1023 382,1025 384,1027 390,1027 391,1028 390,1030 367,1030 366,1031 341,1031 340,1030 210,1030 209,1031 209,1041 207,1044 207,1053 208,1054 208,1061 209,1061 210,1062 244,1062 245,1061 246,1061 247,1060 317,1060 318,1059 331,1059 332,1060 332,1063 333,1064 365,1064 366,1066 366,1071 399,1071 400,1070 400,1061 399,1060 400,1059 410,1059 411,1060 411,1067 431,1067 432,1068 432,1075 431,1076 410,1076 409,1075 325,1075 324,1076 312,1076 311,1075 219,1075 217,1076 208,1076 208,1092 206,1095 206,1105 207,1106 244,1106 245,1107 242,1111 242,1112 241,1113 241,1114 239,1115 239,1118 237,1120 217,1120 216,1121 207,1121 207,1135 208,1136 208,1139 206,1141 206,1150 209,1154 243,1154 244,1152 245,1152 246,1151 250,1151 251,1152 251,1157 254,1161 260,1161 261,1162 261,1165 260,1166 209,1166 209,1170 208,1171 208,1183 209,1184 209,1185 208,1186 207,1186 207,1196 208,1196 209,1198 250,1198 252,1200 252,1201 272,1201 273,1202 273,1208 274,1209 274,1210 273,1212 208,1212 208,1223 209,1224 208,1225 207,1225 207,1243 209,1245 209,1249 210,1250 239,1250 241,1251 241,1252 251,1252 252,1253 252,1258 251,1259 250,1259 249,1258 213,1258 209,1261 208,1261 208,1273 209,1274 209,1285 210,1286 210,1287 212,1288 213,1288 214,1289 247,1289 249,1288 264,1288 266,1290 271,1290 272,1292 305,1292 305,1289 308,1287 345,1287 346,1288 346,1289 345,1290 344,1290 344,1294 342,1295 342,1296 341,1297 341,1301 340,1302 310,1302 309,1303 298,1303 297,1304 295,1304 294,1303 239,1303 238,1304 219,1304 217,1305 208,1305 208,1307 207,1308 207,1317 209,1319 208,1320 208,1322 207,1323 207,1332 208,1333 209,1333 210,1334 244,1334 245,1333 257,1333 258,1334 258,1337 287,1337 288,1338 288,1344 338,1344 340,1346 339,1347 318,1347 317,1348 214,1348 213,1349 212,1349 210,1351 210,1361 213,1363 209,1367 209,1377 212,1380 246,1380 247,1378 276,1378 279,1381 279,1382 280,1382 281,1383 312,1383 314,1384 314,1385 315,1387 315,1391 314,1392 271,1392 269,1391 269,1384 268,1383 234,1383 232,1384 231,1384 230,1385 229,1385 229,1392 228,1393 217,1393 216,1395 215,1395 214,1396 213,1396 210,1398 210,1399 209,1400 209,1404 208,1405 208,1425 244,1425 245,1424 278,1424 279,1422 301,1422 302,1424 301,1425 282,1425 281,1426 279,1426 276,1428 275,1428 274,1429 274,1431 273,1432 273,1433 272,1434 272,1435 269,1438 257,1438 256,1439 210,1439 209,1440 209,1450 213,1454 213,1464 214,1465 215,1465 216,1466 216,1475 250,1475 253,1471 274,1471 276,1469 279,1469 280,1468 281,1468 282,1469 333,1469 334,1470 333,1471 327,1471 326,1472 282,1472 281,1473 281,1483 279,1485 212,1485 208,1488 208,1507 207,1508 206,1508 206,1528 209,1528 210,1529 210,1534 212,1534 213,1535 213,1546 212,1548 210,1548 209,1549 192,1549 191,1550 191,1559 193,1561 193,1574 246,1574 246,1571 247,1570 249,1570 250,1568 256,1568 257,1570 257,1573 290,1573 293,1571 326,1571 326,1567 327,1566 336,1566 336,1564 339,1560 342,1560 344,1559 346,1559 347,1560 347,1561 345,1564 345,1573 347,1575 388,1575 388,1573 389,1572 438,1572 439,1571 439,1570 440,1568 442,1568 446,1572 446,1573 454,1573 455,1574 455,1575 456,1577 494,1577 494,1574 495,1573 495,1571 497,1570 499,1570 499,1567 500,1566 500,1565 501,1564 506,1564 507,1565 507,1568 541,1568 542,1567 544,1567 545,1566 545,1563 546,1561 548,1561 549,1560 551,1560 551,1559 555,1556 556,1556 558,1558 559,1558 560,1559 561,1559 563,1560 563,1582 565,1585 599,1585 599,1579 600,1578 603,1578 603,1571 604,1570 608,1570 608,1567 609,1566 619,1566 621,1567 621,1575 622,1577 622,1578 657,1578 657,1570 658,1568 681,1568 684,1565 688,1565 689,1566 689,1568 690,1568 691,1570 725,1570 725,1564 726,1563 749,1563 749,1560 750,1559 752,1559 753,1560 753,1566 756,1570 765,1570 767,1571 767,1572 769,1574 805,1574 806,1573 806,1571 807,1570 808,1571 808,1572 843,1572 843,1571 844,1570 844,1561 845,1560 858,1560 859,1561 859,1563 869,1563 870,1564 870,1574 871,1575 872,1575 873,1577 873,1579 874,1580 909,1580 909,1572 910,1571 911,1571 913,1570 920,1570 921,1568 922,1568 923,1567 923,1560 924,1559 949,1559 950,1560 950,1567 951,1568 952,1568 953,1570 991,1570 991,1564 993,1563 1009,1563 1009,1561 1010,1560 1010,1558 1011,1557 1011,1529 1010,1528 1009,1528 1008,1527 958,1527 957,1526 957,1520 954,1517 917,1517 917,1527 916,1528 903,1528 902,1529 900,1529 899,1528 899,1519 898,1519 896,1517 860,1517 860,1528 859,1529 843,1529 842,1530 750,1530 749,1529 714,1529 713,1530 647,1530 646,1531 645,1531 644,1530 628,1530 626,1529 561,1529 560,1530 558,1530 556,1533 555,1533 553,1531 552,1531 551,1530 534,1530 533,1529 533,1528 495,1528 494,1527 494,1516 462,1516 461,1515 462,1514 492,1514 493,1513 522,1513 523,1514 522,1515 501,1515 501,1524 502,1526 536,1526 537,1524 537,1520 538,1519 560,1519 561,1517 572,1517 573,1516 595,1516 595,1514 596,1513 621,1513 622,1514 695,1514 696,1515 696,1516 697,1517 731,1517 732,1516 732,1515 733,1514 799,1514 800,1513 901,1513 902,1512 922,1512 923,1513 944,1513 945,1514 979,1514 980,1513 1005,1513 1006,1512 1011,1512 1011,1500 1009,1500 1006,1498 1011,1493 1011,1484 1009,1482 973,1482 972,1483 950,1483 949,1484 947,1484 946,1483 946,1472 945,1471 909,1471 908,1472 906,1472 904,1473 904,1483 903,1484 843,1484 842,1483 808,1483 807,1484 806,1484 805,1485 771,1485 770,1484 755,1484 754,1483 755,1482 783,1482 785,1479 785,1471 786,1470 816,1470 819,1468 820,1468 821,1469 821,1475 857,1475 858,1473 859,1473 859,1472 860,1471 860,1470 862,1469 892,1469 893,1468 944,1468 945,1466 955,1466 958,1469 958,1470 991,1470 994,1468 1006,1468 1008,1466 1010,1466 1011,1465 1011,1464 1013,1462 1013,1450 1012,1449 1012,1439 1011,1439 1010,1438 995,1438 994,1436 960,1436 959,1438 933,1438 932,1439 910,1439 909,1438 896,1438 895,1436 895,1429 894,1428 892,1428 891,1427 852,1427 851,1428 850,1428 849,1429 849,1431 848,1432 848,1442 845,1444 845,1450 844,1451 838,1451 836,1449 836,1440 835,1440 834,1439 800,1439 799,1438 789,1438 787,1436 787,1434 786,1433 786,1432 785,1431 785,1428 756,1428 755,1427 755,1425 756,1424 757,1424 758,1422 887,1422 888,1424 951,1424 952,1422 958,1422 959,1424 959,1429 994,1429 994,1428 995,1427 995,1425 997,1422 998,1422 1000,1421 1000,1418 1001,1417 1004,1417 1005,1415 1012,1415 1012,1403 1011,1402 998,1402 997,1400 997,1395 995,1392 935,1392 933,1393 918,1393 917,1392 904,1392 903,1391 903,1390 904,1389 906,1389 907,1388 908,1388 908,1380 909,1378 955,1378 957,1380 958,1380 959,1381 959,1387 960,1388 960,1389 995,1389 995,1388 996,1387 996,1378 997,1377 1008,1377 1009,1376 1010,1376 1011,1375 1011,1349 1010,1348 1008,1348 1006,1347 972,1347 971,1348 949,1348 947,1347 947,1341 946,1340 946,1339 945,1338 945,1336 908,1336 907,1337 907,1339 906,1340 906,1347 904,1348 837,1348 836,1347 836,1333 837,1332 863,1332 864,1333 961,1333 962,1332 965,1332 966,1333 966,1339 968,1341 1003,1341 1006,1338 1008,1338 1009,1337 1009,1336 1011,1333 1011,1322 1010,1320 1010,1318 1006,1315 991,1315 990,1314 990,1309 989,1308 989,1304 988,1303 987,1303 986,1302 932,1302 931,1301 931,1300 930,1298 930,1294 929,1293 929,1292 928,1290 892,1290 891,1292 882,1292 881,1290 881,1289 882,1288 911,1288 913,1287 959,1287 960,1288 960,1297 961,1298 1004,1298 1005,1297 1005,1288 1006,1287 1009,1287 1010,1286 1011,1286 1011,1285 1012,1283 1012,1282 1013,1281 1013,1279 1015,1278 1015,1263 1010,1258 1009,1258 1008,1257 951,1257 950,1258 910,1258 909,1259 906,1259 904,1258 904,1252 906,1251 927,1251 928,1250 929,1250 931,1247 931,1245 933,1243 960,1243 961,1244 961,1249 962,1250 996,1250 997,1249 997,1243 998,1242 1006,1242 1008,1241 1009,1241 1011,1238 1011,1229 1010,1228 1010,1227 1006,1227 1005,1225 1006,1224 1008,1224 1008,1223 1009,1222 1009,1210 997,1210 996,1209 996,1206 995,1205 995,1203 993,1201 995,1199 995,1198 996,1196 1009,1196 1011,1194 1011,1185 1009,1183 1011,1180 1011,1169 1009,1169 1006,1166 960,1166 959,1165 959,1159 958,1158 957,1158 955,1157 898,1157 896,1158 896,1169 898,1170 898,1174 907,1174 908,1176 908,1179 907,1180 836,1180 835,1179 835,1156 811,1156 809,1155 809,1154 811,1152 840,1152 841,1154 841,1161 842,1162 876,1162 877,1161 877,1159 878,1158 878,1154 879,1152 886,1152 887,1151 953,1151 954,1152 1002,1152 1003,1151 1005,1151 1008,1149 1008,1147 1009,1146 1009,1144 1010,1143 1010,1134 1009,1133 1009,1123 1008,1122 898,1122 896,1121 896,1113 895,1112 889,1112 888,1111 880,1111 879,1110 880,1108 880,1106 881,1105 902,1105 903,1106 903,1113 904,1114 940,1114 942,1113 943,1113 944,1112 945,1112 946,1111 946,1108 949,1106 961,1106 962,1107 965,1107 966,1108 1000,1108 1001,1107 1003,1107 1008,1103 1008,1101 1009,1100 1009,1095 1010,1093 1010,1084 1009,1083 1009,1081 1008,1079 1008,1078 1006,1078 1005,1077 987,1077 986,1076 946,1076 945,1077 940,1077 939,1078 938,1078 937,1079 937,1089 936,1090 924,1090 922,1088 922,1075 917,1075 916,1074 881,1074 880,1075 873,1075 872,1074 872,1067 870,1064 871,1063 904,1063 904,1061 906,1060 907,1060 908,1061 908,1070 944,1070 945,1069 945,1068 946,1067 946,1066 947,1064 947,1063 950,1061 955,1061 957,1062 957,1063 958,1064 958,1070 993,1070 993,1069 994,1068 994,1063 995,1062 1004,1062 1008,1059 1008,1057 1009,1056 1009,1047 1008,1046 1009,1045 1009,1035 1005,1032 1002,1032 1001,1031 951,1031 950,1030 950,1020 911,1020 910,1022 910,1023 909,1024 909,1028 908,1030 870,1030 869,1031 814,1031 813,1032 804,1032 803,1031 803,1024 801,1023 801,1020 764,1020 763,1022 763,1032 762,1033 760,1033 760,1042 758,1044 746,1044 745,1042 745,1034 743,1033 743,1032 741,1032 740,1031 726,1031 725,1030 725,1022 724,1022 723,1020 703,1020 702,1019 702,1017 703,1016 709,1016 710,1017 721,1017 723,1018 756,1018 756,1017 757,1016 758,1017 793,1017 796,1015 797,1016 797,1017 798,1018 858,1018 858,1008 859,1006 874,1006 876,1008 876,1016 925,1016 927,1015 932,1015 935,1017 965,1017 966,1018 966,1023 968,1025 969,1025 971,1026 1004,1026 1004,1025 1006,1023 1006,1022 1009,1019 1009,1017 1010,1016 1010,1002 1009,1001 1009,1000 1008,1000 1006,998 984,998 983,997 983,996 982,995 982,987 981,986 955,986 954,984 942,984 940,983 940,976 920,976 918,975 874,975 873,976 873,986 874,987 878,987 879,988 879,990 878,991 848,991 847,993 807,993 806,991 806,984 804,982 804,980 801,977 801,976 786,976 785,975 785,972 786,971 852,971 853,969 855,971 855,972 899,972 900,971 964,971 965,972 965,977 966,979 1003,979 1004,977 1005,977 1008,975 1008,974 1009,973 1009,971 1010,969 1010,960 1009,959 1009,957 1006,954 991,954 990,953 990,943 988,940 920,940 918,939 918,930 916,928 880,928 879,929 879,938 878,939 865,939 864,940 863,939 863,928 800,928 799,929 797,929 792,933 792,936 791,937 791,938 789,940 691,940 690,939 690,938 688,936 688,932 687,931 687,929 651,929 651,930 650,931 650,935 648,936 648,937 647,938 647,939 646,940 596,940 595,942 575,942 574,943 571,943 570,942 553,942 552,940 552,936 553,935 564,935 564,928 565,927 568,927 570,925 571,925 572,927 608,927 609,928 643,928 644,927 650,927 651,925 658,925 659,924 660,924 661,925 718,925 719,927 719,935 720,936 720,938 754,938 755,937 755,928 756,927 768,927 769,925 815,925 816,924 818,925 855,925 856,924 859,924 860,923 864,923 865,924 895,924 896,925 953,925 954,927 955,927 957,928 957,935 958,936 993,936 993,929 994,928 997,928 997,922 998,921 1008,921 1008,917 1009,916 1009,904 1008,903 1000,903 997,901 997,899 995,896 995,891 994,889 994,888 993,887 993,886 991,885 993,884 997,884 997,880 998,879 1005,879 1005,878 1006,877 1006,866 1008,865 1009,865 1010,864 1010,850 991,850 990,849 957,849 955,850 884,850 882,849 884,848 884,838 882,837 884,836 902,836 902,835 903,834 1010,834 1011,833 1011,822 1010,822 1009,821 1009,814 1008,813 1008,807 1004,804 950,804 949,803 949,800 950,799 994,799 995,798 995,790 996,789 998,789 1000,787 1000,785 1001,784 1011,784 1011,768 997,768 996,767 996,761 995,760 994,760 993,758 993,753 991,752 991,749 990,748 990,747 953,747 952,748 952,749 951,750 951,752 950,753 950,756 949,757 938,757 937,758 885,758 884,757 850,757 849,758 836,758 835,760 833,760 831,758 811,758 809,757 775,757 774,758 767,758 765,760 764,758 698,758 697,757 697,755 698,754 723,754 723,746 724,745 752,745 753,743 757,743 758,742 765,742 767,743 793,743 794,745 794,748 829,748 829,745 830,743 847,743 849,746 882,746 885,743 929,743 930,742 940,742 942,743 1010,743 1011,742 1011,731 1009,728 1009,716 1008,714 1008,713 1005,713 1004,712 988,712 987,711 987,703 986,702 987,701 995,701 997,698 997,694 998,692 1010,692 1011,691 1011,679 1010,677 989,677 988,676 988,670 987,670 984,668 984,665 983,663 983,660 982,659 982,658 983,657 995,657 996,655 998,655 998,648 1000,647 1011,647 1011,633 1006,633 1005,632 991,632 990,631 990,626 989,625 989,624 988,623 984,623 983,622 961,622 960,621 961,619 972,619 973,618 974,618 977,615 977,614 979,612 994,612 995,611 995,609 996,608 1008,608 1009,607 1009,604 1010,603 1010,594 1009,593 1001,593 1000,592 1000,581 997,579 997,578 982,578 981,577 944,577 943,578 931,578 930,577 920,577 918,575 851,575 849,578 844,578 843,577 821,577 820,575 820,568 819,567 820,566 821,566 823,564 828,564 828,563 829,561 958,561 960,564 997,564 998,563 998,557 1000,556 1006,556 1008,555 1008,552 1009,551 1009,542 1008,541 990,541 989,539 989,534 988,533 987,533 986,531 940,531 939,530 939,521 938,520 904,520 903,521 902,521 901,522 900,522 899,523 898,523 898,530 896,531 828,531 827,533 822,533 821,531 821,528 820,527 820,526 819,524 819,523 816,521 816,520 815,520 814,519 815,517 823,517 825,519 825,527 826,528 862,528 863,527 866,527 866,517 867,516 898,516 899,515 922,515 923,516 949,516 950,517 960,517 961,519 982,519 983,520 983,523 1018,523 1019,522 1019,513 1018,512 1009,512 1008,511 1008,508 1009,507 1009,498 1008,497 1008,495 994,495 991,493 991,490 990,488 989,488 988,487 977,487 976,486 976,482 975,480 975,479 974,479 973,478 965,478 962,476 931,476 930,475 930,472 931,471 960,471 961,472 961,473 995,473 996,472 998,472 1000,471 1004,471 1004,470 1006,468 1006,447 1005,446 1005,444 1003,442 971,442 969,441 969,431 972,428 998,428 1004,422 1004,420 1005,419 1005,397 1004,397 1003,396 862,396 860,395 860,387 859,385 859,384 860,383 888,383 889,382 889,381 891,380 904,380 906,381 961,381 962,382 962,384 964,385 964,389 997,389 997,383 998,382 1000,382 1001,381 1003,381 1004,380 1005,380 1006,378 1006,368 1008,367 1008,356 1005,354 1005,353 1004,352 1002,352 1001,351 988,351 987,349 987,344 988,342 1004,342 1006,340 1006,339 1009,337 1009,336 1010,334 1010,322 1008,319 983,319 982,318 982,309 981,308 981,307 979,307 976,304 976,295 975,294 974,294 973,293 974,292 1000,292 1001,290 1001,287 1002,286 1008,286 1010,283 1010,272 1009,271 1009,269 1008,268 990,268 989,267 989,263 988,261 987,261 986,260 986,254 984,253 984,252 983,251 983,250 975,250 974,249 974,247 975,246 997,246 998,245 1006,245 1008,244 1008,231 1005,231 1004,230 1004,217 1003,217 1002,216 1000,216 998,215 998,209 997,208 997,202 998,201 1032,201 1032,190 1005,190 1004,188 1004,185 1003,185 1002,184 1002,171 1001,170 1000,170 998,169 983,169 982,168 982,163 983,162 997,162 997,154 998,152 1000,152 1000,141 1001,140 1003,140 1004,139 1006,139 1006,127 1005,126 1005,125 1004,123 984,123 983,122 946,122 945,121 945,119 944,118 944,112 943,111 942,111 940,110"/><TextEquiv><Unicode/></TextEquiv><TextLine id="r1_l001"><Coords points="503,162 502,162 502,152 502,151 468,151 467,152 467,154 466,155 465,155 464,156 463,155 392,155 391,156 391,159 389,161 383,161 381,160 381,150 381,149 319,149 318,150 315,150 314,151 313,150 253,150 252,151 237,151 236,152 236,153 236,153 223,153 222,154 222,158 221,159 218,159 216,158 216,157 215,156 216,155 216,139 217,138 217,135 221,131 222,131 223,130 230,130 231,129 246,129 247,128 297,128 297,128 297,122 298,121 298,120 299,119 300,119 301,118 303,118 304,117 345,117 346,116 348,116 349,118 349,126 350,126 359,126 360,127 361,127 362,128 457,128 458,127 585,127 586,128 639,128 639,128 639,120 640,119 641,119 644,116 646,116 647,117 648,117 648,118 648,127 649,127 741,127 741,127 741,118 743,116 747,116 748,118 748,127 749,127 859,127 859,127 859,119 861,117 870,117 871,116 919,116 920,115 922,115 923,114 924,114 925,115 926,115 927,117 927,123 928,124 928,126 929,126 967,126 967,127 967,128 968,128 988,128 989,130 989,131 990,132 990,134 989,135 987,135 986,136 984,136 983,137 983,148 981,150 981,158 981,158 980,158 980,157 980,156 979,156 978,156 975,153 975,152 975,151 926,151 924,153 924,154 920,158 919,157 917,157 915,156 915,150 915,149 864,149 863,150 799,150 798,151 785,151 784,152 784,155 784,155 783,155 783,150 783,149 727,149 726,150 726,160 726,160 720,160 719,161 718,161 716,160 716,159 715,158 715,150 715,149 607,149 606,150 603,150 601,152 601,153 601,153 600,152 558,152 557,152 557,149 557,148 531,148 530,149 509,149 508,150 508,162 508,162"/><TextEquiv index="1"><Unicode>couchoit par terre une championne. Le jour</Unicode></TextEquiv></TextLine><TextLine id="r1_l002"><Coords points="698,205 696,204 696,195 696,194 651,194 650,195 642,195 641,196 640,195 623,195 622,194 578,194 577,195 498,195 497,194 443,194 442,195 442,201 441,202 440,202 440,196 440,195 363,195 361,197 361,199 359,201 358,201 357,202 353,202 350,200 350,196 350,195 264,195 263,196 222,196 220,198 220,199 219,200 219,200 218,200 217,200 217,199 217,198 213,198 212,198 212,196 211,195 212,194 215,194 216,193 216,167 218,165 219,165 220,164 264,164 265,163 285,163 286,162 289,162 290,161 301,161 302,162 303,162 304,163 322,163 323,165 323,172 324,172 334,172 336,174 338,174 339,176 339,186 340,186 379,186 379,186 379,164 380,163 381,165 381,186 382,186 386,186 386,186 386,176 387,175 388,175 389,174 391,174 392,173 447,173 448,174 498,174 499,173 500,173 500,173 500,170 501,169 501,166 502,165 502,163 503,162 508,162 509,163 530,163 530,164 530,165 531,166 531,173 532,173 584,173 585,172 587,174 640,174 641,173 653,173 653,173 653,163 654,162 658,162 660,165 660,172 661,172 679,172 680,173 780,173 781,172 782,173 798,173 799,174 801,174 802,175 861,175 862,174 863,174 864,173 873,173 874,172 875,173 915,173 915,173 915,165 916,164 917,164 918,163 960,163 961,162 962,162 963,161 965,161 965,162 965,163 966,164 966,173 967,173 982,173 983,174 984,174 986,177 986,189 987,189 988,189 988,190 988,194 989,194 1015,194 1015,195 1015,197 1015,197 982,197 980,199 980,201 980,201 979,201 977,200 977,196 977,195 974,195 973,194 914,194 913,195 903,195 902,194 827,194 826,195 826,198 821,203 819,203 817,202 817,196 817,195 795,195 794,194 762,194 746,194 745,195 710,195 709,196 709,204 708,205"/><TextEquiv index="1"><Unicode>baiſſoit, nous étions vainqueurs; mais la</Unicode></TextEquiv></TextLine><TextLine id="r1_l003"><Coords points="224,254 217,254 215,253 215,245 216,244 216,241 217,240 217,238 218,237 218,225 219,224 219,223 222,220 223,220 224,219 285,219 285,219 285,210 286,209 287,209 288,208 290,208 291,207 293,207 294,209 294,220 295,220 339,220 340,219 425,219 425,219 425,210 427,208 430,208 431,210 431,217 432,217 443,217 443,218 443,219 444,219 445,219 446,220 491,220 491,220 491,212 492,211 492,210 493,209 494,208 495,208 496,207 502,207 503,208 504,208 505,210 505,211 506,212 506,218 507,218 652,218 653,219 740,219 741,218 741,213 742,212 742,210 744,208 775,208 776,207 779,207 779,208 779,218 780,218 862,218 862,218 862,213 863,212 865,212 866,211 866,209 867,208 867,207 868,206 869,206 870,207 871,207 871,208 871,209 872,210 872,212 873,213 873,214 874,215 874,219 875,219 973,219 973,219 973,207 974,206 979,206 981,209 981,214 982,215 982,220 983,220 985,220 986,221 987,221 987,222 987,223 988,224 988,235 989,235 990,235 991,237 991,240 990,241 982,241 981,242 979,242 977,240 930,240 929,241 926,241 925,240 882,240 881,241 874,241 873,242 873,245 872,246 851,246 850,247 850,249 849,250 848,250 847,251 842,251 841,252 841,253 841,253 840,253 840,252 839,250 817,250 815,249 815,241 815,240 748,240 747,241 746,241 745,242 743,242 742,243 742,245 741,246 741,247 741,247 740,247 739,248 738,247 737,247 734,244 733,244 731,243 731,242 730,240 568,240 566,242 565,242 564,242 564,241 563,239 507,239 506,240 504,240 503,241 464,241 463,242 463,243 462,244 462,246 461,247 460,247 459,247 459,246 458,245 458,241 458,240 401,240 400,241 339,241 338,240 275,240 274,241 274,245 274,245 240,245 238,247 238,248 236,250 235,250 234,251 232,251 231,252 228,252 227,253 226,253 225,254 225,255 225,255"/><TextEquiv index="1"><Unicode>garde venoit; &amp; nous nous échappâmes à</Unicode></TextEquiv></TextLine><TextLine id="r1_l004"><Coords points="531,298 531,294 531,293 211,293 210,293 210,292 209,291 210,290 344,290 344,290 344,287 344,286 287,286 286,285 222,285 220,284 220,282 221,281 221,256 222,255 274,255 275,254 277,254 278,253 279,253 280,252 282,252 283,251 525,251 526,250 527,250 528,249 529,250 530,250 531,251 595,251 596,252 952,252 953,251 955,251 956,252 957,252 957,253 957,254 958,254 967,254 967,255 967,257 968,258 968,259 969,260 969,265 970,265 971,265 972,267 972,268 973,269 973,273 974,273 991,273 992,275 992,276 993,277 993,279 992,280 992,281 992,281 991,282 985,282 984,283 984,286 982,288 803,288 802,289 802,290 801,291 732,291 730,293 729,293 728,294 545,294 543,296 533,296 532,297 532,298 532,298"/><TextEquiv index="1"><Unicode>la faveur du crépuſcule. Quand nous fû-</Unicode></TextEquiv></TextLine><TextLine id="r1_l005"><Coords points="809,343 808,343 808,331 808,330 774,330 773,331 770,331 769,332 768,332 767,333 767,336 766,337 766,338 766,338 765,338 763,337 763,332 763,331 729,331 728,332 727,332 727,331 727,330 690,330 689,331 688,331 687,332 686,332 685,333 684,333 684,332 684,331 618,331 617,330 568,330 567,331 567,333 565,335 564,335 562,334 562,333 561,331 490,331 489,332 489,334 485,338 484,338 483,339 481,339 479,338 479,332 479,331 430,331 429,332 420,332 419,333 419,338 419,338 418,338 418,337 417,336 417,332 417,331 386,331 385,330 323,330 322,331 321,331 320,332 307,332 306,333 305,333 304,332 272,332 271,331 222,331 220,333 219,333 218,334 218,337 217,338 214,336 214,334 215,333 215,330 216,329 216,314 215,313 217,311 218,311 219,310 220,310 221,309 266,309 267,310 330,310 331,309 336,309 337,308 371,308 371,308 371,305 373,303 373,302 376,299 377,299 379,297 380,297 381,296 385,296 386,297 392,297 393,299 393,300 394,301 394,302 395,303 395,305 396,306 396,310 397,310 442,310 443,309 459,309 459,309 459,305 460,304 460,302 461,301 461,297 464,294 466,294 468,297 467,298 467,314 468,315 468,322 469,322 518,322 518,322 518,314 521,311 523,311 524,310 532,310 532,310 532,299 533,298 533,299 533,309 534,309 617,309 617,309 617,302 618,301 619,301 620,300 621,300 622,299 623,299 624,298 626,301 626,309 627,309 675,309 676,308 677,309 800,309 800,309 800,306 801,305 801,302 802,301 804,301 805,300 806,301 807,301 808,302 809,302 809,303 809,309 810,309 864,309 864,309 864,302 866,300 868,300 869,299 873,299 874,301 874,310 875,310 928,310 930,308 930,307 931,306 931,305 932,304 932,303 936,299 937,299 938,298 953,298 954,297 956,297 957,298 958,298 960,301 960,310 962,311 964,311 964,312 964,313 965,314 965,323 966,323 990,323 993,327 993,331 992,332 992,333 990,335 990,336 987,339 962,339 960,341 957,341 956,341 956,340 955,339 955,336 954,335 954,332 954,331 881,331 880,332 880,334 880,334 879,333 867,333 866,333 866,332 865,330 823,330 822,331 818,331 817,330 815,330 814,331 814,343 814,343"/><TextEquiv index="1"><Unicode>mes en ſûreté, mon homme m'embraſſa,</Unicode></TextEquiv></TextLine><TextLine id="r1_l006"><Coords points="314,389 313,389 313,378 313,377 284,377 283,376 240,376 227,376 226,377 214,377 211,375 214,372 215,372 215,372 215,362 216,361 216,360 220,356 222,356 223,355 224,355 225,354 229,354 230,355 357,355 358,354 360,354 361,355 450,355 450,355 450,354 451,353 478,353 478,353 478,349 479,348 479,346 481,344 484,344 485,346 485,354 486,354 534,354 535,353 538,353 538,354 538,355 539,355 584,355 584,355 584,346 586,344 587,344 588,343 592,343 593,344 641,344 642,343 644,343 644,344 644,346 645,346 656,346 658,349 658,355 659,355 709,355 710,354 723,354 723,354 723,345 724,344 725,344 726,343 727,343 728,344 729,344 729,345 729,355 730,355 785,355 785,355 785,345 786,344 788,344 789,343 829,343 830,342 835,342 836,343 837,343 838,344 887,344 888,343 892,343 892,344 892,355 893,355 956,355 956,355 956,346 957,345 970,345 970,346 970,354 971,354 980,354 981,355 984,355 985,356 987,356 989,359 989,360 991,362 991,363 990,364 990,374 989,375 988,375 986,377 984,377 983,378 981,378 980,379 980,385 980,385 979,385 979,381 978,380 978,378 978,377 923,377 922,376 874,376 873,377 873,378 872,379 871,378 864,378 863,377 805,377 804,376 713,376 712,377 712,381 712,381 711,381 709,380 709,377 709,376 610,376 609,377 581,377 580,378 580,379 579,380 579,384 579,384 578,384 576,383 576,381 576,380 574,380 572,379 572,376 572,375 510,375 509,376 509,380 509,380 508,380 507,380 507,378 507,377 406,377 403,380 377,380 376,381 376,384 375,385 373,385 371,384 371,379 370,377 320,377 319,378 319,388 318,389"/><TextEquiv index="1"><Unicode>en me remerciant de l'avoir défendu. Je</Unicode></TextEquiv></TextLine><TextLine id="r1_l007"><Coords points="939,432 938,432 935,430 935,427 934,426 934,425 934,424 911,424 910,424 910,423 910,422 863,422 862,421 826,421 825,422 825,434 825,434 819,434 817,433 817,422 817,421 801,421 800,422 777,422 776,421 710,421 709,422 709,434 709,434 707,434 706,434 706,422 706,421 696,421 695,422 695,425 695,425 694,425 693,425 693,423 693,422 618,422 617,423 616,423 615,423 615,422 615,421 587,421 586,422 586,426 585,427 585,429 584,430 584,431 584,431 583,431 581,430 581,422 581,421 546,421 545,422 541,422 540,421 530,421 473,421 472,422 468,422 467,421 417,421 416,422 381,422 380,423 379,423 378,424 378,429 378,429 336,429 335,430 335,431 334,432 329,432 328,433 327,432 324,432 322,431 322,424 322,423 299,423 298,422 242,422 241,423 241,425 240,426 217,426 216,427 216,430 216,430 214,430 213,430 213,423 212,422 212,421 211,420 213,418 213,391 215,389 219,389 221,387 223,387 223,388 223,389 224,389 258,389 258,390 258,392 259,393 259,400 260,400 310,400 310,400 310,397 311,396 311,394 312,393 312,391 314,389 318,389 318,390 318,400 319,400 399,400 399,400 399,391 401,389 402,389 404,387 405,388 406,388 408,390 417,390 417,391 417,400 418,400 430,400 431,401 483,401 484,400 522,400 522,400 522,392 525,389 526,389 527,388 530,388 530,389 530,400 531,400 652,400 652,400 652,393 654,391 655,391 656,390 678,390 680,388 683,388 683,389 683,392 684,393 684,399 685,399 734,399 735,398 773,398 773,398 773,390 774,389 778,389 779,388 782,388 782,389 782,395 783,396 783,401 784,401 835,401 835,401 835,391 836,390 837,390 838,389 840,389 841,388 843,388 843,389 843,391 844,392 844,400 845,400 986,400 987,401 988,401 989,403 989,415 988,416 988,417 987,418 987,419 982,424 955,424 953,426 953,429 950,432 947,432 946,433 942,433 941,434"/><TextEquiv index="1"><Unicode>lui répondis en le comblant de louanges</Unicode></TextEquiv></TextLine><TextLine id="r1_l008"><Coords points="550,479 549,479 549,467 549,466 510,466 509,467 509,468 507,470 470,470 467,473 466,473 465,474 462,474 460,473 460,467 460,466 403,466 402,467 399,467 398,468 397,468 396,469 395,469 395,468 395,467 359,467 358,468 358,473 356,475 355,475 355,474 354,473 354,468 354,467 344,467 343,468 341,468 340,467 311,467 310,466 240,466 239,467 222,467 220,469 220,470 218,472 217,472 216,471 215,471 214,470 213,470 211,469 213,467 213,466 217,462 217,448 216,447 217,446 219,446 219,446 220,445 220,444 221,443 221,441 222,440 222,439 227,434 229,434 230,433 235,433 236,435 236,437 237,438 237,444 238,444 287,444 287,444 287,443 288,442 288,441 289,440 289,439 293,435 294,435 296,433 302,433 304,436 304,446 305,446 343,446 344,445 377,445 377,445 377,437 378,436 379,436 380,435 381,435 383,433 384,433 385,434 391,434 391,435 391,445 392,445 445,445 447,448 446,449 446,458 447,458 492,458 492,458 492,453 493,452 493,451 494,450 494,438 497,435 498,435 499,434 500,434 501,433 502,433 503,434 506,434 507,435 508,435 508,436 508,437 509,438 509,444 510,444 523,444 524,445 648,445 648,445 648,436 650,434 654,434 655,433 656,434 657,434 657,435 657,445 658,445 702,445 702,445 702,442 703,441 703,440 704,439 704,436 706,434 709,434 709,435 709,436 711,438 711,439 712,440 712,442 713,443 713,445 714,445 764,445 765,446 820,446 820,446 820,436 819,435 820,434 823,434 823,435 823,445 824,445 859,445 860,446 946,446 946,446 946,439 947,438 947,436 948,435 952,435 953,437 953,446 954,446 986,446 989,450 989,451 990,452 990,464 987,467 983,467 982,468 979,468 978,469 978,470 978,470 977,470 977,468 977,467 914,467 913,468 913,477 913,477 912,477 911,478 904,478 901,476 901,468 901,467 875,467 874,466 786,466 785,467 782,467 781,468 780,468 779,467 762,467 707,467 706,468 705,468 704,467 671,467 670,466 646,466 603,466 602,467 602,468 602,468 601,468 601,467 601,466 556,466 555,467 555,479 555,479"/><TextEquiv index="1"><Unicode>ſur ſa valeur, &amp; nous devînmes une paire</Unicode></TextEquiv></TextLine><TextLine id="r1_l009"><Coords points="268,525 267,525 267,521 267,520 219,520 218,520 218,518 217,517 217,499 216,498 217,497 217,496 222,491 223,491 224,490 225,490 225,490 225,481 226,480 227,480 228,479 231,479 232,478 426,478 427,477 431,477 433,479 732,479 733,480 946,480 948,482 956,482 957,483 958,483 959,485 959,486 960,487 960,491 961,491 970,491 971,492 972,492 973,493 974,493 975,495 975,498 976,499 976,500 977,500 991,500 991,501 991,502 992,503 991,504 991,506 991,506 989,506 988,507 987,507 986,508 983,508 982,509 982,514 981,515 851,515 850,516 851,516 1002,516 1002,517 1002,519 1001,520 851,520 850,521 850,523 850,523 846,523 845,524 843,524 840,521 685,521 684,521 684,517 684,516 270,516 269,517 269,525 269,525"/><TextEquiv index="1"><Unicode>d'amis. Il étoit né libre; des coquins l'a-</Unicode></TextEquiv></TextLine><TextLine id="r1_l010"><Coords points="247,570 246,570 246,558 246,557 230,557 228,556 228,555 227,554 227,552 227,551 226,551 224,550 224,545 223,544 223,542 223,541 221,541 219,540 219,538 218,537 220,535 254,535 255,536 265,536 265,536 265,526 266,525 270,525 271,527 271,536 272,536 321,536 323,534 325,534 327,536 392,536 392,536 392,527 393,526 394,526 395,525 396,525 397,524 398,524 399,523 400,523 401,525 401,537 402,537 452,537 453,536 455,536 455,536 455,532 456,531 456,527 457,526 457,523 459,521 462,521 464,524 464,536 465,536 521,536 522,535 523,536 596,536 596,536 596,528 598,526 599,526 600,525 601,525 602,524 605,524 605,525 605,537 606,537 657,537 658,536 702,536 703,535 723,535 723,535 723,527 725,525 726,525 727,524 732,524 732,525 732,536 733,536 750,536 751,537 792,537 792,537 792,524 794,522 795,522 796,523 797,523 798,524 800,524 800,525 800,526 802,528 802,530 803,531 803,532 804,533 804,534 805,535 805,536 806,536 913,536 913,536 913,529 915,527 916,527 917,526 918,526 919,525 920,525 921,524 922,525 923,525 923,526 923,536 924,536 969,536 970,537 972,537 972,538 972,545 973,545 991,545 992,547 991,548 991,551 990,552 983,552 982,553 982,559 982,559 981,559 980,560 977,560 975,558 932,558 931,557 867,557 866,558 861,558 860,557 812,557 811,558 811,560 811,560 806,560 804,562 802,562 801,562 801,559 801,558 762,558 761,557 685,557 684,558 682,558 681,557 679,557 678,556 623,556 621,558 600,558 599,559 599,560 599,560 598,560 596,559 596,558 596,557 546,557 545,558 545,560 544,561 543,561 543,560 543,559 501,559 500,560 500,566 499,567 499,568 499,568 498,568 497,569 488,569 486,568 486,559 486,558 374,558 372,560 350,560 348,559 348,558 348,557 345,557 344,558 344,565 344,565 343,565 342,565 342,558 342,557 301,557 300,558 251,558 250,559 250,570 250,570"/><TextEquiv index="1"><Unicode>voient enlevé pour le vendre à ces har-</Unicode></TextEquiv></TextLine><TextLine id="r1_l011"><Coords points="941,616 940,616 940,604 940,603 928,603 927,602 892,602 891,601 885,601 858,601 857,602 856,602 855,603 821,603 820,604 819,604 817,602 749,602 748,603 709,603 708,602 666,602 665,603 652,603 651,602 606,602 605,603 554,603 553,604 553,605 553,605 552,605 552,604 552,603 513,603 512,604 510,604 508,606 494,606 491,603 412,603 411,604 411,607 409,609 408,609 408,605 408,604 391,604 390,603 284,603 283,604 283,614 282,615 246,615 245,616 240,616 239,616 239,603 239,602 232,602 231,603 231,612 231,612 230,612 227,609 226,609 225,608 224,608 223,607 222,607 219,605 219,603 218,602 218,583 219,582 220,582 221,581 224,581 225,580 244,580 244,580 244,571 245,570 251,570 251,571 251,581 252,581 265,581 266,582 285,582 286,584 286,592 288,593 322,593 322,593 322,572 323,571 337,571 338,570 339,570 339,571 339,572 340,572 375,572 376,571 377,571 379,569 380,569 381,570 415,570 416,572 416,580 417,580 439,580 440,581 498,581 499,582 545,582 545,582 545,573 546,572 546,571 547,570 551,570 552,571 584,571 585,570 586,570 587,569 588,569 589,571 589,572 590,573 590,582 591,582 624,582 624,582 624,572 625,571 627,571 628,570 629,570 630,569 632,569 633,571 633,572 634,572 644,572 645,574 645,575 646,576 646,581 647,581 693,581 694,582 736,582 736,582 736,576 737,575 737,573 740,570 747,570 748,571 749,571 751,574 751,580 752,580 793,580 793,580 793,573 795,571 797,571 798,570 802,570 802,571 802,573 803,574 803,581 804,581 826,581 827,582 866,582 869,579 877,579 878,580 902,580 903,581 913,581 914,582 960,582 961,581 964,581 965,582 980,582 984,587 984,597 985,597 992,597 993,599 992,600 992,603 991,604 979,604 978,605 978,607 977,608 977,609 977,609 962,609 961,610 961,611 958,614 956,614 955,615 949,615 948,614 947,614 946,613 945,613 943,612 943,609 943,608 942,609 942,616 942,616"/><TextEquiv index="1"><Unicode>pies. Je lui trouvai de l'ame &amp; du courage.</Unicode></TextEquiv></TextLine><TextLine id="r1_l012"><Coords points="887,660 886,660 886,648 886,647 866,647 865,648 831,648 830,649 829,648 825,648 824,647 779,647 778,648 778,651 778,651 777,651 776,652 776,655 775,656 773,655 773,649 773,648 718,648 717,649 717,650 717,650 716,649 703,649 702,648 636,648 634,650 634,651 634,651 633,651 633,649 633,648 572,648 571,649 570,648 507,648 506,649 467,649 466,650 466,653 462,657 461,657 460,658 458,658 457,658 457,657 456,656 456,650 456,649 364,649 363,650 334,650 333,651 333,652 333,652 312,652 310,654 309,654 309,652 308,651 308,650 308,649 276,649 275,648 273,648 272,647 221,647 219,646 219,645 221,643 223,643 223,643 223,632 224,631 224,626 234,616 277,616 278,615 282,615 283,616 352,616 353,615 423,615 424,614 425,614 426,613 427,613 428,614 429,614 429,615 429,629 430,629 498,629 499,628 499,620 500,619 500,617 502,615 552,615 553,614 594,614 595,615 626,615 628,617 630,617 630,618 630,625 631,625 640,625 640,626 640,627 641,627 730,627 731,626 732,627 778,627 779,626 814,626 815,625 823,625 823,625 823,620 824,619 824,618 826,616 827,616 828,617 829,617 829,618 829,627 830,627 935,627 935,627 935,619 937,617 938,617 939,616 944,616 944,617 944,626 945,626 967,626 968,627 971,627 972,628 973,628 973,629 973,631 974,632 974,636 975,636 988,636 989,637 994,637 995,639 995,642 994,643 983,643 982,644 982,651 982,651 980,651 979,652 978,652 977,651 976,651 975,650 972,650 970,648 939,648 938,647 894,647 893,648 893,659 892,660"/><TextEquiv index="1"><Unicode>Il étoit tard; il falloit nous retirer cha-</Unicode></TextEquiv></TextLine><TextLine id="r1_l013"><Coords points="717,706 716,706 716,697 716,696 712,696 710,695 710,694 710,693 652,693 651,694 617,694 616,695 582,695 581,696 581,697 580,698 580,700 576,704 575,704 574,705 566,705 565,704 564,704 561,701 560,701 559,701 559,697 559,696 529,696 528,695 492,695 491,694 369,694 367,696 339,696 337,694 320,694 319,693 249,693 243,693 242,694 242,695 242,695 240,695 238,693 229,693 228,692 222,692 220,691 220,681 222,679 222,678 227,673 228,673 229,672 253,672 254,671 276,671 277,672 320,672 320,672 320,663 321,662 325,662 326,661 327,661 328,660 329,660 329,661 329,662 330,663 330,672 331,672 369,672 370,673 416,673 417,672 428,672 429,671 462,671 463,672 527,672 527,672 527,665 528,664 528,663 529,662 532,662 534,660 536,660 536,661 536,667 537,668 537,672 538,672 585,672 585,672 585,662 586,661 589,661 589,662 589,663 590,664 590,672 591,672 602,672 603,673 604,673 605,674 644,674 644,674 644,663 646,661 669,661 670,662 677,662 678,664 678,671 679,671 714,671 715,672 768,672 769,671 816,671 817,672 864,672 865,671 865,670 866,669 866,667 867,666 867,665 871,661 872,661 873,660 874,660 875,659 879,659 880,660 892,660 892,661 892,672 893,672 957,672 957,672 957,668 958,667 958,666 959,665 959,663 960,662 960,661 961,660 964,660 965,662 965,664 967,666 967,669 968,670 968,674 969,674 970,674 971,676 971,681 972,681 993,681 994,683 994,687 993,688 982,688 981,689 981,694 979,696 978,696 976,694 906,694 905,695 905,700 904,701 904,702 902,704 898,704 896,703 896,694 896,693 816,693 815,694 815,696 815,696 811,696 810,697 810,699 808,701 808,702 808,702 807,702 805,701 805,694 805,693 732,693 730,695 730,698 730,698 721,698 720,699 720,706 720,706"/><TextEquiv index="1"><Unicode>cun dans notre logis. Nous nous ſéparâ-</Unicode></TextEquiv></TextLine><TextLine id="r1_l014"><Coords points="516,752 515,751 213,751 210,749 212,747 213,747 214,746 298,746 298,746 298,743 298,742 225,742 223,741 223,740 222,739 222,722 221,721 223,719 224,719 225,718 228,718 229,717 510,717 510,717 510,709 513,706 764,706 765,705 882,705 883,706 969,706 970,708 970,716 971,716 987,716 988,717 990,717 991,719 991,720 992,721 992,734 993,734 994,734 995,736 995,738 994,739 900,739 899,740 868,740 866,742 813,742 812,743 812,745 812,745 707,745 706,746 706,750 706,750 521,750 520,751 520,752 520,752"/><TextEquiv index="1"><Unicode>mes, en nous donnant pour le lendemain</Unicode></TextEquiv></TextLine><TextLine id="r1_l015"><Coords points="933,795 932,794 931,794 930,794 930,785 930,784 780,784 779,783 729,783 728,784 606,784 605,785 605,793 604,794 601,794 600,795 599,795 598,794 595,794 593,793 593,785 593,784 515,784 513,786 513,787 509,791 507,791 506,792 504,791 504,784 504,783 443,783 442,782 397,782 396,783 386,783 385,784 368,784 367,783 365,783 313,783 312,784 305,784 304,783 288,783 287,782 247,782 246,783 246,790 246,790 226,790 225,791 223,790 223,789 222,788 222,784 221,783 221,765 220,764 222,762 236,762 237,761 348,761 348,761 348,753 349,752 352,752 353,751 357,751 357,752 357,760 358,761 358,762 359,762 473,762 474,763 486,763 487,764 488,764 488,765 488,767 489,768 489,775 490,775 512,775 512,775 512,754 514,752 519,752 519,753 519,775 520,775 540,775 540,775 540,768 541,767 541,766 542,765 543,765 545,763 591,763 592,762 647,762 647,762 647,755 649,753 650,753 651,752 656,752 657,753 680,753 680,754 680,763 681,763 790,763 791,762 793,762 794,763 865,763 866,762 867,762 868,763 953,763 954,762 965,762 965,762 965,759 966,758 966,757 967,756 967,755 968,754 968,753 970,751 973,751 974,753 974,754 975,755 975,757 976,758 976,764 977,764 978,764 979,766 979,772 980,772 994,772 995,774 995,779 994,780 984,780 983,781 983,783 983,783 981,785 979,785 978,786 978,794 977,795"/><TextEquiv index="1"><Unicode>un rendez-vous, auquel nous ne manquâ-</Unicode></TextEquiv></TextLine><TextLine id="r1_l016"><Coords points="223,797 995,797 995,842 223,842"/><TextEquiv index="1"><Unicode>mes pas. „Eſt - il permis, me dit - il en</Unicode></TextEquiv></TextLine><TextLine id="r1_l017"><Coords points="533,889 532,889 532,878 532,877 531,878 531,879 531,879 525,879 524,880 524,885 523,886 515,886 512,884 512,876 512,875 480,875 478,877 478,878 477,879 477,880 475,882 474,882 472,884 471,883 470,883 468,882 468,875 468,874 425,874 424,875 423,875 421,877 391,877 390,878 389,878 387,877 387,876 386,874 353,874 352,875 352,877 352,877 340,877 339,878 339,879 339,879 333,879 332,880 331,880 331,878 330,877 330,876 330,875 294,875 293,876 293,886 292,887 292,888 292,888 278,888 276,887 276,876 276,875 270,875 269,876 259,876 258,877 227,877 226,878 226,879 225,880 225,881 224,882 222,881 222,866 223,865 223,853 224,852 238,852 239,853 287,853 287,853 287,846 289,844 318,844 319,843 322,843 323,844 325,844 325,845 325,853 326,853 384,853 384,853 384,844 385,843 386,843 387,842 388,842 389,841 393,841 394,843 394,854 395,854 429,854 430,853 445,853 446,852 447,852 448,851 449,851 452,854 454,854 455,856 455,866 456,866 502,866 502,866 502,862 503,861 503,859 507,855 508,855 509,854 519,854 520,853 521,853 522,854 597,854 597,854 597,845 599,843 600,843 601,842 606,842 606,843 606,853 607,853 689,853 689,853 689,847 692,844 694,844 695,843 697,843 697,844 697,845 698,846 698,854 699,854 828,854 829,853 856,853 856,853 856,845 858,843 861,843 862,842 866,842 867,844 867,854 868,854 972,854 973,853 974,854 993,854 993,855 993,860 992,861 991,861 990,862 990,872 989,873 989,875 989,875 982,875 981,876 981,878 980,879 980,880 980,880 978,880 977,880 977,877 977,876 973,876 972,875 861,875 860,876 859,876 859,875 859,874 831,874 830,875 806,875 805,876 796,876 795,877 795,888 795,888 794,888 794,877 794,876 739,876 737,878 737,880 736,881 735,881 734,881 734,876 734,875 692,875 691,874 636,874 635,875 635,876 634,877 634,879 633,880 633,881 632,882 632,883 632,883 630,882 630,876 630,875 606,875 605,874 562,874 561,875 547,875 546,876 546,877 546,877 537,877 536,878 536,889 536,889"/><TextEquiv index="1"><Unicode>“m'abordant, que deux hommes de cœur</Unicode></TextEquiv></TextLine><TextLine id="r1_l018"><Coords points="897,933 896,933 896,921 896,920 839,920 838,921 752,921 751,922 739,922 738,923 738,933 738,933 737,933 736,933 736,932 735,931 735,922 735,921 634,921 632,923 627,923 626,924 625,923 589,923 588,922 548,922 547,923 547,931 547,931 546,931 546,928 546,927 538,927 536,926 536,922 536,921 466,921 465,922 446,922 445,923 445,928 445,928 444,928 442,927 442,925 441,924 441,921 441,920 376,920 375,921 309,921 307,923 307,926 306,927 304,926 304,925 304,924 261,924 260,925 260,931 260,931 258,931 256,930 256,924 256,923 225,923 224,923 224,922 222,920 223,919 223,900 225,898 239,898 240,899 278,899 278,899 278,889 279,888 293,888 293,889 293,899 294,899 331,899 331,899 331,895 332,894 333,896 333,899 334,899 428,899 429,898 499,898 500,897 500,895 501,894 501,893 502,892 502,891 505,888 506,888 507,887 514,887 516,889 536,889 536,890 536,900 537,900 563,900 564,899 586,899 587,898 611,898 611,898 611,891 613,889 615,889 616,888 617,888 618,887 619,887 620,889 620,899 621,899 692,899 693,898 693,896 694,895 694,893 700,887 700,886 701,885 702,886 705,886 706,887 707,887 708,888 728,888 729,890 729,900 730,900 792,900 792,900 792,889 793,888 832,888 833,887 888,887 888,888 888,896 889,897 889,899 890,899 941,899 941,899 941,892 943,890 944,890 945,889 947,889 948,888 974,888 976,891 976,892 977,893 977,895 978,896 978,901 981,904 981,907 983,908 991,908 992,910 992,912 991,913 991,917 991,917 982,917 981,918 981,924 981,924 977,924 976,925 976,932 976,932 975,932 972,930 972,923 972,922 971,922 970,921 913,921 912,920 900,920 899,921 899,933 899,933"/><TextEquiv index="1"><Unicode>“comme nous ſoient les eſclaves &amp; les bê-</Unicode></TextEquiv></TextLine><TextLine id="r1_l019"><Coords points="759,977 757,976 757,971 757,970 726,970 725,970 725,969 724,968 724,967 724,966 630,966 629,967 618,967 617,968 616,968 615,969 613,969 612,970 610,969 610,968 610,967 549,967 548,966 497,966 496,967 466,967 464,969 464,975 464,975 417,975 416,974 415,974 414,974 414,970 413,969 413,966 413,965 358,965 357,966 355,966 354,967 339,967 338,968 338,969 338,969 337,969 336,969 336,967 336,966 267,966 265,968 265,971 264,972 263,972 263,971 262,970 262,969 262,968 259,968 258,967 256,967 255,966 220,966 219,966 219,965 220,964 221,964 223,962 223,945 224,944 256,944 257,943 259,943 259,944 259,945 260,945 329,945 329,945 329,936 331,934 333,934 334,933 338,933 338,934 338,943 339,943 385,943 385,943 385,942 386,941 386,939 391,934 391,933 392,932 393,932 394,931 399,931 401,934 401,944 402,944 475,944 476,945 528,945 528,945 528,936 530,934 533,934 534,933 535,933 535,934 535,935 536,936 536,946 537,946 612,946 613,945 663,945 663,945 663,943 664,942 664,941 665,940 665,937 666,936 666,935 668,933 670,933 670,934 670,937 671,938 671,941 673,943 673,944 674,944 686,944 687,945 736,945 736,945 736,934 737,933 737,934 737,945 738,945 768,945 769,944 806,944 807,943 807,942 808,941 808,939 809,938 809,937 812,934 813,934 814,933 816,933 817,932 846,932 846,933 846,943 847,943 895,943 895,943 895,934 896,933 901,933 902,935 902,944 903,944 933,944 934,945 972,945 974,948 974,958 975,958 989,958 992,962 992,964 993,965 992,966 992,969 991,970 991,971 989,973 988,973 986,975 983,975 981,974 981,968 981,967 966,967 965,966 910,966 909,967 883,967 882,968 872,968 871,968 871,967 871,966 770,966 769,967 769,976 768,977"/><TextEquiv index="1"><Unicode>“tes de ſomme de ces êtres puſillanimes,</Unicode></TextEquiv></TextLine><TextLine id="r1_l020"><Coords points="558,1025 557,1025 557,1015 557,1014 545,1014 544,1015 544,1016 544,1016 543,1016 542,1015 540,1015 535,1010 502,1010 500,1012 500,1014 500,1014 499,1014 499,1013 499,1012 495,1012 494,1011 459,1011 458,1012 448,1012 447,1013 447,1023 447,1023 446,1022 413,1022 412,1023 412,1025 412,1025 409,1025 408,1025 408,1024 408,1023 401,1023 397,1020 397,1019 397,1018 387,1018 386,1018 386,1017 385,1016 385,1012 385,1011 383,1011 382,1010 349,1010 348,1011 345,1011 344,1012 344,1013 343,1014 343,1015 343,1015 341,1014 341,1012 341,1011 314,1011 313,1011 313,1010 313,1009 275,1009 274,1010 274,1020 273,1021 263,1021 262,1021 262,1012 262,1011 232,1011 231,1012 231,1013 229,1015 227,1014 227,1012 227,1011 225,1011 223,1010 223,1008 224,1007 225,1007 225,1007 225,996 227,994 228,994 229,993 255,993 255,993 255,992 256,991 257,991 258,990 259,990 260,989 299,989 299,989 299,983 301,981 307,981 307,982 307,983 308,984 308,989 309,989 343,989 344,990 346,990 348,992 381,992 382,991 383,991 384,990 388,990 389,989 390,990 420,990 420,990 420,980 421,979 422,979 422,980 422,990 423,990 462,990 462,990 462,982 464,980 465,980 466,979 467,979 468,978 481,978 482,979 483,979 483,980 483,990 484,990 499,990 500,991 537,991 538,990 538,982 540,980 542,980 543,979 548,979 548,980 548,990 549,990 579,990 580,991 615,991 616,990 616,988 617,987 617,986 618,985 618,983 619,982 619,981 620,980 622,980 623,979 624,979 625,978 627,978 628,977 630,977 633,981 633,990 634,990 743,990 744,991 746,991 748,993 775,993 775,993 775,982 777,980 784,980 785,982 785,983 787,985 787,987 788,988 788,989 789,990 789,997 790,997 863,997 864,996 889,996 889,996 889,981 891,979 901,979 902,980 923,980 924,982 924,989 925,989 938,989 939,990 964,990 965,992 965,993 966,994 966,1000 967,1001 967,1003 968,1003 990,1003 991,1004 992,1004 992,1005 992,1006 993,1007 993,1012 992,1013 992,1015 990,1017 990,1018 988,1020 988,1022 988,1022 987,1022 986,1021 985,1021 982,1019 982,1012 982,1011 953,1011 952,1012 952,1013 952,1013 950,1011 910,1011 909,1012 893,1012 891,1011 891,1003 891,1002 843,1002 842,1003 842,1012 841,1013 841,1014 841,1014 815,1014 813,1013 813,1010 813,1009 782,1009 780,1011 778,1011 776,1013 774,1011 741,1011 740,1012 740,1014 740,1014 739,1014 738,1013 727,1013 726,1012 714,1012 713,1011 705,1011 704,1012 704,1020 704,1020 703,1020 703,1012 703,1011 686,1011 685,1012 685,1016 684,1017 682,1016 682,1012 682,1011 664,1011 663,1012 639,1012 637,1014 637,1019 637,1019 635,1019 634,1019 634,1013 633,1011 582,1011 581,1012 581,1014 581,1014 580,1014 578,1012 564,1012 563,1013 563,1025 563,1025"/><TextEquiv index="1"><Unicode>“qu'on appelle des femmes? -- Non,</Unicode></TextEquiv></TextLine><TextLine id="r1_l021"><Coords points="730,1071 729,1071 729,1058 729,1057 708,1057 706,1059 706,1060 705,1061 705,1064 704,1065 701,1065 700,1065 700,1062 700,1061 681,1061 680,1061 680,1058 680,1057 632,1057 631,1058 631,1059 630,1060 629,1060 629,1059 629,1058 591,1058 590,1059 590,1063 590,1063 578,1063 577,1064 577,1067 576,1068 569,1068 568,1069 568,1070 568,1070 567,1070 566,1070 566,1069 565,1068 565,1059 565,1058 503,1058 501,1056 439,1056 435,1060 435,1061 433,1063 428,1063 427,1063 427,1056 427,1055 385,1055 384,1056 384,1066 383,1067 383,1068 383,1068 382,1068 382,1066 381,1065 381,1059 381,1058 373,1058 372,1059 352,1059 351,1060 351,1061 351,1061 348,1059 348,1056 348,1055 310,1055 301,1055 300,1056 299,1055 267,1055 266,1056 230,1056 229,1057 228,1057 227,1058 226,1057 225,1057 224,1057 224,1056 223,1055 223,1049 225,1047 225,1036 227,1034 324,1034 325,1035 382,1035 383,1034 396,1034 397,1035 407,1035 407,1035 407,1026 408,1025 413,1025 413,1026 413,1048 414,1048 464,1048 464,1048 464,1027 465,1026 466,1026 468,1024 469,1024 470,1023 471,1023 472,1024 504,1024 506,1027 506,1036 507,1036 555,1036 555,1036 555,1030 556,1029 556,1027 558,1025 562,1025 562,1026 562,1036 563,1036 641,1036 641,1036 641,1027 643,1025 644,1025 647,1022 649,1024 650,1024 651,1025 661,1025 661,1026 661,1027 662,1028 662,1036 663,1036 701,1036 701,1036 701,1029 702,1028 702,1027 704,1025 706,1025 707,1026 708,1026 708,1027 708,1036 709,1036 721,1036 722,1035 723,1035 724,1036 727,1036 727,1037 727,1039 728,1040 728,1048 729,1048 776,1048 776,1048 776,1038 777,1037 779,1037 779,1037 779,1027 781,1025 785,1025 785,1026 785,1028 786,1029 786,1036 787,1036 830,1036 831,1035 885,1035 886,1034 892,1034 893,1035 925,1035 925,1035 925,1029 926,1028 926,1027 928,1025 929,1025 930,1024 932,1024 933,1026 933,1035 934,1035 984,1035 985,1036 988,1036 990,1038 991,1038 991,1039 991,1040 992,1041 992,1052 991,1053 991,1055 988,1058 978,1058 977,1059 977,1064 976,1065 976,1066 976,1066 975,1066 974,1066 974,1061 973,1060 973,1058 973,1057 933,1057 931,1059 931,1060 929,1062 929,1063 928,1064 928,1065 927,1066 925,1066 924,1066 924,1064 923,1063 923,1057 923,1056 889,1056 888,1057 888,1059 888,1059 885,1056 840,1056 838,1054 806,1054 805,1055 804,1055 802,1057 801,1057 800,1058 799,1058 798,1059 798,1060 798,1060 784,1060 782,1062 782,1063 779,1066 778,1066 777,1065 747,1065 744,1063 744,1062 743,1061 743,1058 743,1057 735,1057 734,1058 734,1071 734,1071"/><TextEquiv index="1"><Unicode>“mon ami, lui répondis-je, je vous jure</Unicode></TextEquiv></TextLine><TextLine id="r1_l022"><Coords points="751,1119 749,1118 749,1115 749,1114 484,1114 483,1113 264,1113 263,1113 263,1112 261,1110 261,1103 261,1102 224,1102 221,1100 223,1098 223,1083 224,1082 224,1081 225,1080 234,1080 235,1079 448,1079 448,1079 448,1072 449,1071 450,1071 451,1070 495,1070 496,1069 497,1069 498,1068 498,1068 498,1067 499,1066 501,1066 501,1067 501,1069 502,1069 853,1069 855,1072 855,1078 856,1078 900,1078 901,1079 905,1079 906,1080 969,1080 970,1081 988,1081 989,1082 990,1082 991,1084 991,1085 992,1086 992,1088 993,1089 992,1090 992,1096 991,1097 991,1099 987,1103 984,1103 983,1104 931,1104 929,1106 929,1107 928,1108 927,1108 926,1109 925,1109 924,1110 923,1110 922,1111 756,1111 754,1113 754,1116 753,1117 753,1119 753,1119"/><TextEquiv index="1"><Unicode>“que nous abolirons cet indigne abus, ne</Unicode></TextEquiv></TextLine><TextLine id="r1_l023"><Coords points="744,1160 743,1160 743,1149 743,1148 691,1148 690,1149 690,1150 690,1150 681,1150 680,1151 680,1155 680,1155 678,1154 678,1152 677,1151 677,1148 677,1147 649,1147 648,1148 646,1148 645,1149 645,1150 644,1151 643,1151 642,1151 642,1150 642,1149 622,1149 621,1149 621,1148 621,1147 584,1147 583,1148 583,1160 583,1160 582,1160 581,1160 581,1148 581,1147 580,1148 580,1149 580,1149 579,1149 577,1147 535,1147 534,1148 534,1155 533,1156 518,1156 517,1157 506,1157 505,1157 505,1147 505,1146 504,1146 503,1145 460,1145 459,1146 457,1146 454,1149 454,1150 454,1150 428,1150 427,1151 427,1154 427,1154 422,1154 421,1155 420,1155 418,1154 418,1148 418,1147 415,1147 414,1146 369,1146 368,1147 368,1151 368,1151 367,1151 367,1150 366,1149 366,1147 366,1146 335,1146 334,1147 333,1147 332,1148 332,1159 332,1159 331,1159 330,1159 330,1147 330,1146 287,1146 286,1147 286,1158 285,1159 280,1159 279,1159 279,1158 279,1157 271,1157 270,1157 270,1156 267,1153 267,1150 266,1148 228,1148 226,1150 222,1147 222,1146 223,1145 223,1126 224,1125 233,1125 234,1124 254,1124 255,1123 255,1121 256,1120 256,1118 257,1117 257,1116 260,1113 320,1113 321,1115 321,1124 322,1124 413,1124 414,1125 444,1125 444,1125 444,1116 446,1114 447,1114 447,1115 447,1122 448,1123 448,1124 450,1125 482,1125 482,1125 482,1115 483,1114 485,1114 485,1115 485,1116 486,1117 486,1125 487,1125 502,1125 503,1124 537,1124 539,1126 587,1126 588,1125 593,1125 594,1126 639,1126 640,1127 686,1127 686,1127 686,1117 687,1116 688,1116 689,1115 690,1115 691,1114 694,1114 695,1116 695,1127 696,1127 730,1127 731,1126 759,1126 760,1127 761,1127 761,1128 761,1138 762,1138 787,1138 787,1138 787,1136 788,1135 788,1134 789,1133 864,1133 864,1133 864,1118 866,1116 867,1116 868,1115 872,1115 873,1116 879,1116 880,1118 880,1126 881,1126 988,1126 989,1127 991,1127 992,1129 992,1138 993,1139 992,1140 992,1142 991,1143 991,1145 991,1145 989,1147 987,1147 986,1148 974,1148 973,1149 972,1149 970,1147 871,1147 870,1148 862,1148 861,1149 861,1156 859,1158 857,1157 857,1156 856,1155 856,1139 856,1138 825,1138 824,1139 824,1148 824,1148 800,1148 799,1149 794,1149 793,1150 793,1151 793,1151 792,1151 791,1151 791,1150 791,1149 757,1149 756,1150 756,1155 755,1156 755,1157 755,1157 746,1157 745,1158 745,1160 745,1160"/><TextEquiv index="1"><Unicode>“fuſſions-nous que nous deux. -- Je vous</Unicode></TextEquiv></TextLine><TextLine id="r1_l024"><Coords points="293,1212 291,1211 291,1210 290,1209 290,1205 289,1204 289,1198 289,1197 269,1197 268,1197 268,1196 267,1194 226,1194 225,1193 224,1193 221,1191 222,1190 224,1190 224,1190 224,1176 225,1175 225,1172 226,1171 276,1171 277,1170 277,1166 278,1165 278,1162 281,1159 285,1159 285,1160 285,1171 286,1171 320,1171 321,1170 331,1170 331,1170 331,1160 332,1159 333,1160 365,1160 366,1159 367,1159 368,1158 371,1158 371,1159 371,1160 372,1161 372,1171 373,1171 414,1171 415,1170 416,1170 416,1170 416,1161 417,1160 418,1160 419,1159 421,1159 422,1158 425,1158 426,1160 426,1171 427,1171 471,1171 472,1170 476,1170 477,1171 525,1171 527,1169 530,1169 530,1170 530,1171 532,1172 534,1172 534,1173 534,1184 535,1184 566,1184 566,1184 566,1161 567,1160 585,1160 586,1162 586,1171 587,1171 617,1171 618,1170 620,1170 622,1172 664,1172 665,1171 687,1171 688,1172 721,1172 722,1171 723,1172 743,1172 743,1172 743,1161 744,1160 760,1160 761,1161 762,1161 763,1163 763,1171 764,1171 773,1171 774,1172 800,1172 800,1172 800,1162 801,1161 802,1161 803,1160 818,1160 818,1161 818,1163 819,1164 819,1184 820,1184 850,1184 851,1185 893,1185 894,1184 912,1184 912,1184 912,1164 913,1163 913,1162 914,1161 939,1161 940,1162 941,1162 941,1163 941,1164 942,1165 942,1171 943,1171 986,1171 987,1170 990,1170 990,1171 990,1172 992,1173 994,1173 994,1174 994,1190 992,1192 990,1192 989,1193 979,1193 978,1194 978,1195 976,1197 975,1197 974,1197 974,1196 973,1195 973,1194 973,1193 924,1193 923,1194 922,1193 921,1193 920,1193 920,1192 920,1191 886,1191 885,1192 883,1192 882,1191 851,1191 850,1192 850,1199 850,1199 849,1199 848,1199 848,1192 848,1191 832,1191 830,1193 749,1193 748,1194 748,1195 748,1195 743,1195 742,1196 742,1204 741,1205 735,1205 734,1204 733,1204 732,1204 732,1203 731,1202 731,1197 731,1196 705,1196 704,1196 704,1194 704,1193 670,1193 669,1194 669,1206 669,1206 668,1206 668,1194 668,1193 665,1193 664,1194 664,1202 664,1202 663,1202 662,1202 662,1201 661,1200 661,1197 661,1196 647,1196 646,1195 598,1195 597,1196 597,1197 597,1197 596,1197 595,1197 595,1196 594,1195 594,1193 594,1192 563,1192 561,1194 561,1196 560,1197 557,1197 556,1198 556,1203 556,1203 553,1201 553,1199 553,1198 552,1198 551,1198 551,1192 551,1191 520,1191 519,1192 516,1192 515,1193 515,1195 515,1195 514,1195 513,1196 511,1194 468,1194 467,1195 465,1195 464,1196 461,1196 460,1195 429,1195 427,1194 427,1193 427,1192 415,1192 414,1191 382,1191 381,1192 374,1192 373,1193 364,1193 362,1195 357,1195 356,1196 356,1197 354,1199 351,1197 351,1191 351,1190 326,1190 325,1191 325,1200 325,1200 301,1200 300,1201 300,1203 300,1203 298,1203 297,1204 297,1209 296,1210 296,1211 295,1212"/><TextEquiv index="1"><Unicode>“réponds de cent, interrompit-il. -- Tant</Unicode></TextEquiv></TextLine><TextLine id="r1_l025"><Coords points="699,1252 698,1252 698,1241 698,1240 680,1240 679,1241 651,1241 650,1241 650,1240 649,1238 585,1238 584,1239 584,1240 584,1240 577,1240 575,1238 542,1238 525,1238 523,1240 522,1240 521,1239 480,1239 479,1238 427,1238 426,1239 422,1239 421,1240 402,1240 401,1241 401,1251 401,1251 400,1251 397,1249 397,1245 397,1244 379,1244 378,1245 375,1245 373,1243 356,1243 354,1242 354,1240 354,1239 335,1239 334,1240 334,1249 334,1249 333,1249 330,1247 330,1240 330,1239 273,1239 271,1241 271,1252 271,1252 270,1252 270,1241 270,1240 259,1240 258,1241 258,1248 258,1248 257,1248 256,1248 256,1240 256,1239 231,1239 229,1241 229,1245 228,1246 227,1246 224,1244 224,1240 223,1239 223,1231 224,1230 224,1217 225,1216 280,1216 281,1217 321,1217 322,1216 324,1216 325,1215 344,1215 344,1215 344,1207 345,1206 346,1206 346,1207 346,1215 347,1215 362,1215 363,1216 364,1216 364,1217 364,1230 365,1230 396,1230 396,1230 396,1208 398,1206 400,1206 401,1205 402,1205 403,1204 406,1204 406,1205 406,1217 407,1217 463,1217 463,1217 463,1208 464,1207 466,1207 468,1205 470,1205 471,1207 471,1216 472,1216 508,1216 509,1215 509,1213 510,1212 510,1210 511,1209 511,1208 514,1205 516,1205 517,1204 518,1204 519,1203 522,1203 523,1204 524,1204 525,1206 525,1216 526,1216 531,1216 532,1217 533,1217 535,1219 570,1219 571,1218 572,1218 573,1217 587,1217 588,1216 588,1214 589,1213 589,1210 593,1206 594,1206 595,1205 602,1205 603,1206 641,1206 642,1205 643,1205 644,1204 646,1204 647,1205 649,1205 650,1206 671,1206 672,1208 672,1216 673,1216 683,1216 683,1217 683,1218 684,1218 702,1218 703,1219 704,1219 705,1221 705,1223 706,1224 706,1231 707,1231 732,1231 732,1231 732,1213 734,1211 736,1211 736,1212 736,1231 737,1231 746,1231 746,1231 746,1220 747,1219 748,1219 750,1217 821,1217 821,1217 821,1208 823,1206 866,1206 867,1208 867,1217 868,1217 884,1217 885,1218 944,1218 946,1216 964,1216 964,1216 964,1209 968,1205 973,1205 974,1206 976,1206 977,1207 978,1207 978,1208 978,1210 979,1211 979,1214 980,1214 990,1214 991,1215 992,1215 992,1216 992,1231 993,1232 993,1233 994,1234 994,1235 994,1235 992,1237 991,1237 990,1238 981,1238 980,1239 980,1245 979,1246 976,1244 976,1240 976,1239 917,1239 915,1241 915,1242 914,1243 914,1244 912,1246 911,1246 910,1247 905,1247 904,1247 904,1239 904,1238 886,1238 885,1239 885,1251 885,1251 881,1251 880,1251 880,1239 880,1238 866,1238 865,1239 865,1240 863,1242 863,1243 862,1244 862,1245 861,1246 861,1247 860,1248 859,1248 858,1248 858,1247 857,1246 857,1239 857,1238 823,1238 822,1239 809,1239 808,1240 807,1240 806,1241 806,1251 806,1251 781,1251 780,1251 780,1250 779,1249 779,1248 778,1247 778,1240 778,1239 771,1239 770,1238 736,1238 735,1239 735,1252 735,1252"/><TextEquiv index="1"><Unicode>“meux, la choſe eſt faite, repris-je;“&amp;</Unicode></TextEquiv></TextLine><TextLine id="r1_l026"><Coords points="512,1296 512,1287 512,1286 504,1286 502,1284 458,1284 457,1285 457,1288 457,1288 456,1288 455,1288 455,1287 454,1286 454,1284 454,1283 381,1283 380,1284 380,1287 380,1287 365,1287 364,1288 364,1296 364,1296 361,1296 360,1296 360,1284 360,1283 291,1283 289,1285 289,1288 289,1288 288,1287 285,1287 284,1286 283,1286 281,1284 232,1284 231,1285 230,1285 229,1284 228,1284 226,1283 226,1281 225,1280 225,1270 224,1269 224,1267 226,1265 227,1265 230,1262 232,1262 233,1263 268,1263 268,1263 268,1254 269,1253 271,1253 271,1253 271,1252 272,1251 272,1252 272,1253 273,1254 273,1262 274,1262 319,1262 319,1262 319,1253 321,1251 323,1251 324,1250 325,1250 327,1253 327,1262 328,1262 468,1262 469,1261 506,1261 506,1261 506,1260 507,1259 507,1253 508,1252 508,1251 510,1249 515,1249 516,1248 520,1248 522,1251 522,1261 523,1261 561,1261 562,1260 563,1260 563,1261 563,1262 564,1262 580,1262 581,1263 651,1263 651,1263 651,1254 653,1252 655,1252 656,1251 658,1251 659,1250 661,1250 662,1252 662,1253 663,1253 697,1253 698,1252 736,1252 737,1254 737,1262 738,1262 752,1262 753,1263 754,1263 755,1264 778,1264 778,1264 778,1252 779,1251 806,1251 807,1252 808,1252 809,1254 809,1262 810,1262 842,1262 843,1261 880,1261 880,1261 880,1252 881,1251 885,1251 885,1252 885,1253 887,1255 887,1256 888,1257 888,1263 889,1263 926,1263 927,1262 967,1262 968,1261 991,1261 992,1262 993,1262 994,1263 995,1263 995,1264 995,1265 998,1268 998,1274 997,1275 997,1277 996,1278 996,1279 995,1280 995,1281 994,1282 993,1282 992,1283 990,1283 989,1284 989,1293 988,1294 981,1294 980,1295 979,1294 978,1294 976,1293 976,1284 976,1283 896,1283 895,1284 894,1284 893,1283 866,1283 865,1284 865,1287 865,1287 863,1286 863,1284 863,1283 861,1283 860,1282 823,1282 822,1283 810,1283 809,1284 809,1286 809,1286 808,1286 807,1285 743,1285 742,1286 742,1290 741,1291 739,1290 739,1285 739,1284 713,1284 712,1285 702,1285 700,1287 700,1292 699,1293 699,1294 698,1295 697,1295 696,1295 696,1294 695,1293 695,1289 695,1288 669,1288 668,1288 668,1284 668,1283 622,1283 621,1284 621,1285 621,1285 618,1285 617,1284 591,1284 590,1283 576,1283 575,1282 541,1282 540,1283 540,1289 539,1290 539,1293 539,1293 538,1293 536,1292 536,1291 536,1290 514,1290 513,1291 513,1296 513,1296"/><TextEquiv index="1"><Unicode>tous deux nous ſautons de joie. Tout-à-coup</Unicode></TextEquiv></TextLine><TextLine id="r1_l027"><Coords points="925,1341 924,1341 924,1330 924,1329 881,1329 880,1328 821,1328 820,1329 820,1331 820,1331 818,1331 817,1331 817,1330 817,1329 776,1329 775,1330 775,1338 774,1339 772,1339 771,1340 764,1340 763,1340 763,1339 762,1338 762,1331 762,1330 756,1330 755,1329 712,1329 711,1328 677,1328 676,1329 675,1329 672,1332 634,1332 633,1333 633,1335 633,1335 632,1335 630,1337 629,1337 628,1338 627,1338 626,1338 626,1337 625,1336 625,1329 625,1328 572,1328 571,1329 568,1329 567,1328 512,1328 511,1328 511,1327 511,1326 470,1326 468,1328 452,1328 451,1329 431,1329 430,1330 401,1330 400,1331 400,1337 399,1338 398,1338 395,1336 395,1329 395,1328 376,1328 375,1329 375,1341 375,1341 356,1341 355,1341 355,1329 355,1328 332,1328 331,1329 331,1340 331,1340 305,1340 304,1340 304,1333 304,1332 277,1332 276,1333 275,1333 274,1333 274,1330 274,1329 228,1329 227,1330 226,1329 225,1329 223,1328 223,1313 224,1312 224,1311 225,1310 227,1310 228,1309 235,1309 236,1308 255,1308 256,1307 277,1307 278,1308 314,1308 315,1307 326,1307 327,1306 328,1307 357,1307 357,1307 357,1303 358,1302 358,1300 359,1299 359,1297 360,1296 364,1296 365,1298 365,1300 366,1301 366,1305 367,1305 376,1305 376,1306 376,1307 377,1307 419,1307 420,1306 420,1305 421,1304 421,1302 423,1300 423,1299 426,1296 427,1296 428,1295 447,1295 448,1297 448,1298 449,1299 449,1308 450,1308 489,1308 490,1307 510,1307 510,1307 510,1297 511,1296 515,1296 516,1298 516,1306 517,1306 549,1306 550,1307 603,1307 604,1306 606,1306 606,1307 606,1308 607,1308 609,1308 610,1309 611,1309 611,1310 611,1321 612,1321 658,1321 658,1321 658,1314 659,1313 659,1296 660,1295 663,1295 664,1297 664,1298 665,1299 665,1300 666,1301 666,1302 668,1304 668,1308 670,1309 671,1309 672,1310 673,1310 674,1311 706,1311 708,1309 710,1309 711,1308 742,1308 743,1307 777,1307 778,1308 824,1308 825,1307 828,1307 828,1307 828,1298 829,1297 831,1297 832,1296 833,1296 834,1295 840,1295 841,1294 842,1295 843,1295 843,1296 843,1308 844,1308 877,1308 877,1308 877,1299 879,1297 881,1297 882,1296 907,1296 908,1295 911,1295 912,1297 912,1298 913,1299 913,1303 915,1305 915,1306 916,1306 931,1306 932,1307 965,1307 966,1306 969,1306 970,1307 971,1307 972,1308 973,1308 973,1309 973,1313 974,1314 974,1319 975,1319 990,1319 993,1323 993,1325 994,1326 994,1329 993,1330 993,1331 992,1332 992,1333 991,1334 990,1334 988,1336 987,1336 986,1337 985,1337 982,1335 982,1329 982,1328 946,1328 945,1329 929,1329 928,1330 928,1341 928,1341"/><TextEquiv index="1"><Unicode>nos maîtreſſes vinrent, à coups de bâton,</Unicode></TextEquiv></TextLine><TextLine id="r1_l028"><Coords points="330,1388 330,1382 329,1381 329,1380 329,1379 298,1379 297,1378 296,1378 294,1377 294,1376 293,1374 231,1374 230,1375 228,1375 225,1373 225,1372 226,1371 226,1356 228,1354 229,1354 230,1353 238,1353 239,1352 334,1352 335,1351 356,1351 356,1351 356,1342 357,1341 375,1341 375,1342 375,1343 376,1344 376,1351 377,1351 442,1351 442,1351 442,1343 443,1342 444,1342 446,1340 449,1340 450,1341 496,1341 497,1340 498,1340 499,1339 500,1341 500,1342 501,1343 501,1350 502,1351 502,1352 503,1352 533,1352 534,1353 624,1353 625,1352 627,1352 628,1353 693,1353 693,1353 693,1344 695,1342 722,1342 723,1343 727,1343 727,1344 727,1352 728,1352 738,1352 739,1353 810,1353 810,1353 810,1344 812,1342 813,1342 814,1341 815,1341 816,1340 819,1340 819,1341 819,1352 820,1352 921,1352 921,1352 921,1347 922,1346 922,1345 923,1344 923,1342 924,1341 929,1341 929,1342 929,1345 931,1347 931,1352 932,1352 988,1352 989,1351 990,1351 991,1352 993,1352 995,1355 995,1368 994,1369 994,1371 993,1372 992,1372 991,1373 980,1373 979,1374 979,1383 978,1384 978,1385 978,1385 977,1385 976,1385 976,1384 974,1382 974,1377 974,1376 966,1376 965,1376 965,1375 965,1374 893,1374 892,1375 892,1383 891,1384 890,1384 889,1385 886,1385 885,1384 880,1384 879,1384 879,1374 879,1373 835,1373 834,1374 833,1374 832,1373 768,1373 767,1374 757,1374 755,1376 754,1376 753,1377 752,1377 752,1376 752,1375 700,1375 699,1376 699,1379 699,1379 697,1379 695,1377 654,1377 653,1376 652,1376 651,1375 641,1375 640,1374 570,1374 569,1375 569,1384 568,1385 568,1387 568,1387 522,1387 521,1387 521,1380 521,1379 515,1379 514,1378 504,1378 502,1377 502,1376 501,1374 450,1374 449,1375 448,1375 447,1376 380,1376 379,1377 342,1377 341,1378 341,1383 341,1383 336,1383 334,1385 334,1387 332,1389"/><TextEquiv index="1"><Unicode>nous prier de les porter. Nous les prîmes</Unicode></TextEquiv></TextLine><TextLine id="r1_l029"><Coords points="393,1431 392,1431 392,1422 390,1419 342,1419 341,1420 341,1431 341,1431 338,1431 337,1431 337,1428 337,1427 320,1427 317,1425 317,1419 317,1418 286,1418 285,1419 261,1419 260,1420 228,1420 227,1421 225,1421 224,1421 224,1420 223,1419 224,1418 224,1410 225,1409 225,1406 226,1405 226,1404 230,1400 231,1400 232,1399 233,1399 234,1398 245,1398 245,1398 245,1390 246,1389 247,1389 248,1388 249,1388 250,1387 251,1387 252,1388 253,1388 253,1389 253,1397 254,1397 370,1397 372,1395 372,1393 373,1392 373,1390 374,1389 374,1388 376,1386 376,1384 377,1383 386,1383 388,1386 388,1394 389,1394 411,1394 413,1396 454,1396 455,1397 518,1397 518,1397 518,1391 519,1390 520,1390 520,1390 520,1389 522,1387 526,1387 526,1388 526,1398 527,1398 596,1398 596,1398 596,1390 598,1388 600,1388 602,1386 604,1386 605,1388 605,1398 606,1398 672,1398 672,1398 672,1389 674,1387 707,1387 708,1386 723,1386 724,1388 724,1398 725,1398 777,1398 777,1398 777,1395 778,1394 778,1393 779,1392 779,1391 780,1390 780,1389 781,1388 782,1388 783,1387 784,1387 786,1385 791,1385 792,1386 793,1386 794,1388 794,1397 795,1397 804,1397 805,1398 858,1398 859,1397 860,1397 861,1396 878,1396 878,1396 878,1389 880,1387 882,1387 883,1386 886,1386 887,1388 887,1397 888,1397 901,1397 902,1398 950,1398 951,1397 973,1397 974,1396 977,1396 978,1397 979,1397 981,1400 981,1406 982,1406 995,1406 996,1408 996,1411 995,1412 988,1412 987,1413 984,1413 983,1414 983,1417 982,1418 980,1418 979,1419 979,1420 978,1421 978,1423 977,1424 977,1425 977,1425 976,1425 975,1425 975,1421 975,1420 906,1420 905,1419 741,1419 740,1420 739,1420 738,1421 738,1423 737,1424 736,1424 735,1424 735,1420 735,1419 682,1419 681,1420 678,1420 677,1421 631,1421 629,1423 628,1423 627,1423 627,1422 627,1421 618,1421 616,1419 543,1419 542,1420 542,1428 541,1429 535,1429 534,1428 533,1428 532,1428 532,1421 532,1420 465,1420 464,1421 446,1421 445,1422 445,1423 444,1424 443,1424 443,1420 441,1417 397,1417 396,1418 396,1425 395,1426 395,1429 394,1430 394,1431 394,1431"/><TextEquiv index="1"><Unicode>chacun ſur nos épaules. Elles firent la con-</Unicode></TextEquiv></TextLine><TextLine id="r1_l030"><Coords points="764,1477 764,1476 763,1475 763,1465 763,1464 750,1464 749,1463 713,1463 712,1464 597,1464 596,1463 546,1463 545,1464 545,1471 544,1472 544,1473 544,1473 541,1471 541,1466 541,1465 528,1465 527,1464 462,1464 459,1467 458,1466 414,1466 413,1467 413,1470 413,1470 411,1469 411,1465 409,1462 355,1462 354,1463 354,1471 354,1471 353,1470 352,1470 351,1470 351,1467 350,1465 299,1465 298,1464 263,1464 262,1465 259,1465 257,1467 236,1467 235,1468 235,1469 233,1471 231,1470 231,1462 229,1460 229,1449 229,1448 228,1448 226,1447 225,1446 225,1445 227,1443 272,1443 273,1442 286,1442 288,1440 288,1439 289,1438 289,1437 290,1436 290,1435 293,1432 294,1432 296,1430 298,1430 299,1429 300,1430 301,1430 302,1431 340,1431 341,1433 341,1442 342,1442 372,1442 373,1441 375,1441 376,1442 388,1442 388,1442 388,1436 389,1435 389,1434 392,1431 394,1431 394,1432 394,1442 395,1442 472,1442 472,1442 472,1434 475,1431 479,1431 480,1430 481,1430 482,1431 517,1431 518,1430 524,1430 525,1431 526,1431 527,1432 537,1432 537,1433 537,1434 538,1435 538,1442 539,1442 545,1442 546,1443 600,1443 600,1443 600,1434 603,1431 603,1430 604,1429 606,1431 609,1431 609,1432 609,1443 610,1443 625,1443 626,1444 673,1444 674,1443 695,1443 696,1444 729,1444 729,1444 729,1436 732,1433 733,1433 734,1432 768,1432 768,1433 768,1434 769,1435 769,1436 770,1437 770,1438 771,1439 771,1442 772,1442 783,1442 784,1443 817,1443 818,1444 819,1444 820,1446 820,1455 822,1456 861,1456 861,1456 861,1450 863,1448 863,1438 864,1437 864,1436 865,1435 865,1434 867,1432 868,1432 869,1431 874,1431 875,1432 877,1432 878,1434 878,1442 879,1442 893,1442 894,1443 949,1443 950,1442 976,1442 977,1441 978,1442 994,1442 995,1443 996,1443 996,1444 996,1455 997,1456 997,1458 995,1460 995,1461 994,1462 993,1462 992,1463 990,1463 989,1464 977,1464 975,1466 974,1466 974,1465 973,1463 928,1463 927,1464 876,1464 875,1465 845,1465 844,1466 844,1467 843,1468 843,1469 842,1470 841,1470 840,1471 838,1471 836,1470 836,1465 836,1464 802,1464 800,1466 799,1465 769,1465 768,1466 768,1475 767,1476 767,1477 766,1478"/><TextEquiv index="1"><Unicode>verſation au deſſus de nos têtes, &amp; nous</Unicode></TextEquiv></TextLine><TextLine id="r1_l031"><Coords points="321,1523 321,1511 321,1510 320,1510 319,1509 307,1509 306,1508 266,1508 265,1509 265,1510 265,1510 242,1510 241,1511 226,1511 225,1512 225,1514 223,1516 223,1522 223,1522 222,1522 221,1522 221,1513 222,1512 224,1512 224,1512 224,1494 229,1489 296,1489 297,1488 297,1479 299,1477 302,1477 303,1476 305,1476 307,1478 339,1478 341,1476 344,1476 345,1475 360,1475 361,1476 362,1476 362,1477 362,1487 363,1487 389,1487 390,1486 391,1486 393,1488 436,1488 436,1488 436,1479 438,1477 440,1477 441,1476 457,1476 457,1476 457,1475 458,1474 459,1474 459,1475 459,1476 460,1476 496,1476 497,1475 498,1475 500,1478 500,1479 501,1479 518,1479 518,1480 518,1486 519,1486 530,1486 530,1487 530,1488 532,1489 533,1489 534,1491 534,1503 535,1503 569,1503 569,1503 569,1482 569,1481 567,1481 566,1481 566,1479 568,1477 590,1477 591,1476 592,1476 592,1477 592,1478 593,1478 600,1478 601,1480 601,1488 602,1488 681,1488 681,1488 681,1487 682,1486 682,1484 683,1483 683,1482 688,1477 689,1477 690,1476 694,1476 695,1477 696,1477 697,1479 697,1489 698,1489 732,1489 732,1489 732,1479 733,1478 735,1478 736,1479 737,1479 737,1480 737,1489 738,1489 749,1489 750,1488 753,1488 754,1489 822,1489 823,1488 824,1488 825,1487 826,1488 920,1488 920,1488 920,1479 922,1477 923,1477 924,1476 925,1476 926,1475 928,1475 929,1477 929,1482 930,1483 930,1488 931,1488 966,1488 967,1487 988,1487 989,1486 992,1486 994,1489 994,1505 995,1506 995,1507 994,1508 989,1508 988,1509 963,1509 962,1510 961,1509 940,1509 939,1508 885,1508 884,1509 783,1509 782,1510 716,1510 715,1511 715,1512 714,1513 712,1512 712,1511 712,1510 639,1510 638,1509 579,1509 578,1510 578,1512 578,1512 556,1512 554,1514 553,1514 552,1515 544,1515 543,1515 543,1514 541,1512 541,1511 541,1510 540,1510 539,1509 521,1509 520,1510 520,1521 520,1521 519,1521 517,1520 517,1510 517,1509 476,1509 475,1510 445,1510 444,1511 444,1516 443,1517 436,1517 435,1517 435,1512 435,1511 430,1511 429,1511 429,1509 429,1508 390,1508 389,1509 389,1511 387,1513 387,1520 387,1520 365,1520 364,1521 364,1522 364,1522 362,1522 361,1522 361,1519 361,1518 342,1518 341,1518 341,1511 341,1510 323,1510 322,1511 322,1523 322,1523"/><TextEquiv index="1"><Unicode>au deſſous d'elles. Nous ſavions tous deux</Unicode></TextEquiv></TextLine><TextLine id="r1_l032"><Coords points="579,1579 579,1578 578,1577 578,1574 578,1573 473,1573 471,1571 229,1571 228,1570 210,1570 209,1570 209,1558 207,1556 207,1555 209,1553 222,1553 222,1553 222,1523 223,1522 275,1522 275,1522 275,1519 276,1518 277,1518 277,1519 277,1520 278,1520 477,1520 479,1522 938,1522 940,1525 940,1531 941,1531 991,1531 992,1532 993,1532 994,1534 994,1542 995,1543 995,1551 994,1552 994,1553 993,1554 993,1556 992,1557 992,1559 992,1559 976,1559 975,1560 975,1565 974,1566 895,1566 893,1568 893,1574 892,1575 892,1576 892,1576 582,1576 581,1577 581,1580 581,1580"/><TextEquiv index="1"><Unicode>le latin, de ſorte que nous ne craignions</Unicode></TextEquiv></TextLine></TextRegion><TextRegion id="r2" type="page-number" orientation="-0.0"><Coords points="250,59 250,60 249,61 249,62 247,63 247,68 246,69 245,69 244,68 209,68 202,75 202,84 200,86 195,86 195,96 196,97 196,100 199,103 199,104 200,105 234,105 236,103 247,103 250,105 251,105 252,106 252,108 253,110 289,110 289,99 292,97 293,97 294,96 295,96 297,93 297,63 294,60 293,60 292,59"/><TextEquiv><Unicode/></TextEquiv><TextLine id="r2_l001"><Coords points="212,64 282,64 282,107 212,107"/><TextEquiv index="1"><Unicode>a</Unicode></TextEquiv></TextLine></TextRegion><ImageRegion id="r3"><Coords points="395,56 393,57 361,57 359,60 359,63 358,64 336,64 336,75 337,76 337,83 336,84 336,95 337,96 337,97 388,97 389,96 399,96 400,97 400,105 402,106 402,112 438,112 439,111 439,100 438,99 436,99 435,98 436,97 441,97 442,96 443,97 479,97 479,93 480,92 482,93 482,96 483,97 493,97 494,98 494,101 495,103 529,103 529,101 530,100 530,98 533,96 537,96 539,98 574,98 577,96 579,96 580,95 581,95 582,96 618,96 619,95 626,95 628,96 630,96 631,97 631,101 667,101 667,99 669,97 670,97 672,96 673,96 674,95 679,95 681,97 681,98 682,99 716,99 717,98 718,98 721,95 860,95 863,92 863,83 862,83 860,82 859,82 858,81 858,64 857,63 857,62 856,62 855,61 814,61 813,62 806,62 805,61 719,61 718,62 577,62 575,63 519,63 517,62 482,62 480,63 472,63 471,62 434,62 432,60 432,56"/></ImageRegion></Page></PcGts>