1116 1854
861 84 926 119 ar
150 126 930 177 pas d'être entendus de ces tyranniques fe-
151 174 300 210 melles.
199 219 926 264 Chaque ſoir nous nous trouvions au
150 263 928 311 rendez-vous; mon camarade ne tarda pas
152 308 926 356 à m'amener une femme intrépide, que je
152 354 924 402 chargeai d'une lettre en chiffres, pour por-
152 399 925 445 ter à la reine. Je l'inſtruiſois de mon ſort,
152 445 924 492 & la preſſois de m'envoyer délivrer au plus
150 490 925 536 vîte. Cependant nous arrangions toutes cho-
150 535 922 583 ſes pour nous paſſer du ſecours, en cas
148 581 924 628 qu'il ne vînt pas; & nous avions dans
150 624 925 672 notre parti cent déterminés prêts à nous
148 668 924 713 ſeconder. Nous étions munis de toutes ſor-
150 717 923 764 tes d'armes & de limes pour couper nos
149 764 287 798 chaînes.
196 807 921 852 Le drôle m'apprit bien des particulari-
149 851 922 899 tés, touchant ce pays ſingulier. On ſent
147 897 922 944 qu'une ſociété ſi bizarre devoit avoir des
151 943 921 991 uſages non moins bizarres. Les hommes
150 985 921 1034 étoient regardés exactement comme des
150 1031 921 1079 bêtes. Les femmes ſe donnoient la peine
149 1076 919 1124 d'allaiter & d'élever leurs filles; pour les
149 1123 920 1169 mâles, elles les jetoient dans un grand en-
149 1168 925 1215 clos commun, où il y avoit des chevres
148 1212 918 1259 & d'autre bétail. Ces pauvres enfants étoient
148 1255 916 1305 allaités au haſard par les paiſibles femel-
146 1302 916 1348 les. Quand ils avoient quelques années, on
149 1349 916 1396 les tiroit de là; on leur mettoit une pe-
151 1393 914 1440 tite chaîne au pied & à la main, & on
148 1438 915 1478 les laiſſoit s'élever dans la maiſon comme
150 1484 915 1531 des animaux domeſtiques. On ne leur ap-
147 1529 915 1580 prenoit rien; ce qui rendoit leur intelligence
706 1577 776 1619 a
