1116 1854
188 138 967 193 fait traiter avec tant de bonté un peuple
195 191 964 238 qui avoit uſé envers moi d'une ſi étrange
194 236 970 284 barbarie. Je laiſſai la reine au milieu des fêtes,
195 280 968 328 & je pourſuivis, ſous mon déguiſement, la
194 327 603 373 viſite de mon royaume.
242 372 970 419 Je continuai de voir des pays charmants,
196 415 969 464 parmi leſquels il s'en trouvoit quelques-uns
199 461 971 508 tout-à-fait ſinguliers. Un jour qu'il faiſoit
198 506 971 554 bien chaud, je m'arrêtai, pour me rafraî-
200 553 972 600 chir, auprès d'une grande glaciere, & je
200 598 971 645 vis un jeune homme, qui avoit l'air fort
201 641 971 689 naïf, mais en même temps fort embarraſſé.
206 690 972 734 „Mon Dieu, s'écrioit-il, que vais-je de-
202 734 971 779 “venir? La neige va me manquer; mes
200 776 974 824 “hommes vont ſe réveiller plutôt qu'ils ne
201 821 973 871 “l'ont fixé. Il n'y a que ſoixante ans qu'ils
202 867 974 914 “dorment; quand ils ſeront éveillés, ils
200 915 975 962 “me tueront.“ Je regardai ce jeune homme
202 960 978 1001 attentivement, en me demandant à moi-
202 1002 976 1054 même s'il étoit fou. „Voyez, Monſieur,
207 1049 977 1098 “me dit-il, ſi c'eſt ma faute; il y a trois
204 1094 977 1141 “ans qu'il ne tombe point de neige.“ Je
206 1140 980 1186 lui demandai pourquoi il avoit beſoin de
205 1185 981 1233 neige. „C'eſt, me répondit-il, pour con-
206 1230 980 1269 “ſerver des hommes. -- Et comment les
207 1276 981 1322 “conſervez-vous? lui dis-je. -- Dans une
207 1321 980 1368 “glaciere, reprit-il. -- Vivants ou morts?
207 1366 981 1413 “repris-je. -- Engourdis, me repliqua-
208 1413 978 1460 “t-il.“ Je ne compris rien à ce galimatias;
210 1456 983 1504 & je plaignis ce pauvre garcon, que je
203 1502 693 1550 jugeai avoir perdu l'eſprit.
254 1547 979 1595 Tout-à-coup je vis approcher de moi
182 86 254 128 é
