1116 1854
847 104 919 146 az
118 157 955 206 un grand homme de nonne mine, qui
119 203 955 252 paroiſſoit fort poli, & dont le viſage annon-
119 245 955 296 coit une quarantaine d'années. Il m'aborda
119 293 955 342 en me ſaluant, & me dit: „Pardon,
119 338 955 386 “Monſieur; à votre air, je juge que vous
119 384 955 431 “êtes un Francois d'Europe. Votre patrie
119 427 955 477 “eſt bien changée, depuis la derniere fois
119 474 955 523 “que je l'ai vue. -- Oſerois-je vous deman-
119 520 955 568 “der, lui dis-je, s'il y a long-temps que
119 565 955 612 “vous avez vu la France? -- Oh, me répon-
119 608 956 658 “dit-il, c'étoit dans le plus brillant du
120 654 956 703 “ſiecle de Louis XIV; & je ſens qu'il eſt
120 699 956 748 “difficile qu'un pays ſe ſoutienne dans cet
120 746 956 794 “éclat.“ Je regardai cet homme, avec de
120 791 956 844 grands yeux ébaudis. „Encore un fou, me
120 836 956 885 “dis-je. -- Ah! Monſieur, reprit - il,
120 878 956 930 “avouez que c'étoit un beau ſiecle que
120 923 956 975 “celui-là. Quelle grandeur! quel éclat!
120 971 956 1020 “quel concours de tous les grands hommes,
120 1015 956 1065 “de tous les beaux arts, qui ſembloient
120 1058 957 1111 “s'être donné le mot pour ſe réunir dans
121 1105 957 1156 “cette heureuſe époque! Je m'étois trouvé
121 1152 957 1200 “à Rome ſous Léon X, dans mon autre
121 1195 957 1245 “veillée. C'étoit un beau ſiecle, à la vérité:
121 1242 957 1291 „il s'y trouvoit de grands hommes de tout
121 1287 957 1335 “genre; mais celui de Louis XIV m'a
121 1332 957 1382 “frappé, par un air de grandeur & de
121 1378 957 1437 “majeſté, auquel je n'ai rien vu de com-
121 1425 398 1477 “parable.“
121 1463 957 1517 Je ne ſavois que penſer d'un pareil lan-
121 1514 957 1566 gage. „Quelle différence, ajouta mom
121 1558 958 1602 homme, de ces deux beaux fiecles, à celui
676 1603 819 1663 L.
