1116 1854
91 162 942 216 & l'on me demanda mon âge: j'avouai
91 213 941 261 naïvement que j'avois vingt-huit ans, ce
91 256 941 306 qui fit un peu rire la compagnie. „Vous
91 302 941 349 “n'avez donc pas encore dormi? me dit-on“
91 347 941 397 Je répondis que je dormois toutes les nuits.
91 388 941 445 On ſourit; & celui qui m'avoit amené,
91 435 941 486 dit: „Monſieur n'eſt pas de notre ſociété,
91 482 941 533 “mes chers confreres; j'ai été trompé
91 527 941 589 “comme vous. “ Chacun me fit ſes excuſes,
91 568 941 618 & l'on redoubla de politeſſe pour moi.
90 613 941 666 Ces meſſieurs n'en continuerent pas moins
90 660 940 712 leur converſation. Ils raconterent pluſieurs
90 706 940 757 anecdotes ſingulieres arrivées ſous leurs
90 753 940 802 yeux, dans le cours des différents ſiecles
90 796 940 849 qu'ils diſoient avoir vus. Ils parloient des
90 842 940 893 princes & des perſonnages les plus fa-
90 887 940 935 meux dont l'hiſtoire faſſe mention. Ils di-
90 933 940 984 ſoient les avoir connus. Ils ſe moquoient
90 977 940 1026 ſouvent des hiſtoriens, qu'ils oſoient dé-
90 1023 940 1074 mentir & redreſſer ſur nombre d'articles.
90 1068 940 1120 Je me garderois bien de raconter tous les
89 1112 939 1163 faits dont ils avoient été témoins; cela pa-
89 1158 939 1214 roîtroit ſouvent une ſatire, qui pourroit
89 1203 939 1255 être fort mal reçue. Le doyen avoit connu,
89 1248 939 1302 diſoit-il, dans ſa jeuneſſe un homme qui
89 1292 939 1347 prétendoit avoir vécu dans le ſiecle d'Au-
89 1339 939 1392 guſte, & qui même en paſſant à Jéruſa-
89 1384 939 1434 lem, avoit entendu parler du divin Légiſ-
89 1427 939 1482 lateur des chrétiens. Il s'étoit trouvé ſix
89 1474 939 1525 cents ans après en Arabie, quand Maho-
89 1520 939 1568 met fonda ſa religion. Il ſavoit mieux qu'au-
88 1563 939 1613 cun théologien faire la différence de ces
