1116 1854
225 146 994 192 deux fondateurs célebres, l'un ſacré, l'au-
228 186 995 236 tre profane, entre leſquels on ne doit éta-
225 234 997 280 blir aucune comparaiſon. En un mot, tous
226 277 999 325 ces convives avoient vu une infinité de
226 324 998 371 choſes extraordinaires, mais aucun n'oſoit
227 369 934 415 ſe vanter d'avoir jamais vu de miracles.
233 412 996 462 Leur converſation étoit des plus curieu-
226 458 996 508 ſes; mais, malgré tous les détails qu'ils
230 504 996 553 expoſoient avec beaucoup de netteté, &
229 547 997 599 tous les raiſonnements très-bien ſuivis qu'il
226 595 1001 643 faiſoient, je ne pouvois m'empêcher de re-
227 640 1005 689 garder tout ce qu'ils diſoient, comme un tiſſu
230 684 794 733 d'extravagances & d'abſurdités.
230 731 1004 777 Celui qui m'avoit amené remarqua
227 776 1007 823 mon embarras, & me dit: „Je ſens,
230 820 1008 869 “Monſieur, combien vous devez trouver
230 867 1007 916 “nos diſcours étranges, n'étant pas ini-
229 910 1006 960 tié dans nos myſteres. Il faut pourtant
229 956 1008 1004 “vous apprendre enfin qui nous ſommes.
228 1001 1005 1050 “Si vous avez voyagé dans ces hautes
228 1047 1009 1095 “montagnes, dont le ſommet eſt couvert
227 1093 1005 1140 de frimas, vous avez dû voir quelque-
226 1138 1007 1185 “fois des hommes que des coups de vent
228 1183 1010 1232 “ou quelqu'autre accident avoient couvert
227 1228 1008 1278 “de neige. Quand on les déterroit, au bout
227 1273 1007 1322 “de quelques années, ils paroiſſoient frais
226 1317 1009 1366 “& vermeils, comme s'ils n'avoient fair
228 1363 1010 1411 “que dormir. On les enterroit dans cet état,
226 1408 1007 1458 “les prenant pour mort, malgré leur bril-
227 1453 1008 1503 “lant coloris. Nos Peres furent autrefois
222 1501 1001 1549 “plus éclairés; ils jugerent que des corps
228 1546 1007 1597 “ſi frais étoient plutôt engourdis que morts;
202 80 318 133 a
