1116 1854
124 160 902 208 “& ils chercherent à les ranimer, au lieu
124 210 424 247 “de les enterrer.
171 253 899 301 “Ils firent d'heureux eſſais, dégour-
122 300 899 346 “dirent par une douce chaleur pluſieurs
122 347 901 392 “prétendus morts, & leur rendirent la vie.
124 392 902 438 “Leur méthode avec le temps ſe perfec-
121 437 900 484 “tionna; quand ils ne trouverent plus de
126 481 920 528 “corps dans la neige, ils y ſuppléerent par
125 526 902 574 “un ſage expédient. Ils firent d'abord pren-
124 572 901 619 “dre une eſpece d'opium à des criminels,
124 618 900 665 “qu'ils enterrerent ſous la neige, & qu'ils
124 662 903 712 “eurent le talent de reſſuſciter au bout de
124 709 905 757 “quelques années. Ils alongerent peu-à-
125 754 900 803 “peu le ſéjour de ces corps dans la gla-
125 799 904 846 “ciere, & parvinrent enfin à les conſerver
125 843 903 891 “intact juqu'à cent ans. Alors l'infaillibilité
128 887 962 935 “reconnue du ſecret a engagé d'honnêtes
128 935 904 985 “gens à tenter volontairement l'épreuve,
128 978 902 1027 “& cela s'eſt perpétué depuis plus de trois
128 1025 906 1070 “mille ans. Tous ces gens conſervés ſe
130 1071 903 1117 “contentant d'être ſpectateurs dans le mon-
129 1116 903 1164 “de, leur vie extraordinaire a preſque
130 1161 904 1208 “toujours été un myſtere pour le commun
131 1205 905 1252 “des hommes: ainſi, il n'eſt pas ſurpre-
131 1252 904 1300 “nant que vous n'en ayez jamais entendu
129 1295 905 1346 “parler. La fable du Juif - errant vient
130 1340 902 1391 “peut-être d'une fauſſe idée qui ſe ſera re-
130 1387 906 1437 “pandue dans le public, d'un de nos con-
129 1433 905 1482 “freres chargé de ſiecles; mais c'eſt un
132 1477 905 1526 “conte populaire, qu'un homme de bon
134 1521 911 1572 “ſens ne peut adopter. Quoi qu'il en ſoit,
134 1568 906 1622 “il y a un grand nombre de ces immor-
833 118 898 151 a
