1116 1854
823 135 887 171 L.
107 180 888 229 “s'eſt paſſé tandis que nous étions enterrés,
108 225 887 274 “& nous ſuppléons ainſi mentalement tout
108 272 884 320 “l'eſpace qui s'eſt écoulé depuis une de
111 318 887 364 “nos veillées juſqu'à l'autre; de même que
109 362 885 410 “vous ſavez à peu près pendant votre vie
108 407 888 454 “ce qui ſe paſſe chaque nuit que vous dor-
108 453 886 497 “mez. Ainſi nous jouiſſons réellement de
86 498 885 545 “pluſieurs ſiecles d'exiſtence, quoique nous
110 544 886 590 “ne vivions que quelques années de chaque
110 588 886 635 “ſiecle. Vous ſentez le plaiſir que nous
110 631 888 681 “donne la grande variété des objets que
109 679 886 725 “nous voyons, & la différence d'un âge
109 724 883 767 “à l'autre. Enfin, nous nous endormons
108 770 884 817 “quand nous trouvons le temps mauvais;
108 814 906 862 “& celui qui a ſoin de nous, eſt chargé
109 859 887 906 “de nous éveiller dans les temps les plus
110 903 887 951 “heureux. Examinez & peſez bien tout
111 950 886 998 “ceci; & voyez ſi en ménageant notre
108 994 884 1040 “vie, & la faiſant filer, pour ainſi dire,
109 1040 884 1088 “nous p'avons pas de l'avantage ſur vous,
109 1085 885 1132 “qui dépenſez bonnement la vôtre tout
109 1131 884 1173 “d'une traite. Ainſi dites un mot, & l'on
111 1187 479 1213 “va vous enterrer.“
154 1220 881 1267 Ce beau diſcours ne me perſuada point.
116 1266 883 1311 Venez voir notre glaciere, me dit l'im-
112 1312 882 1354 “mortel; vous obſerverez comment on nous
109 1356 873 1404 “arrange, & cela vous tentera peut-être.“
108 1399 881 1448 Je le ſuivis, en me ſentant peu diſpoſé à
106 1445 883 1493 ſubir l'épreuve. La glaciere étoit profonde,
107 1490 882 1538 & d'une grandeur extraordinaire. Les corps
108 1532 878 1582 y étoient rangés en bon ordre; mon con-
107 1579 881 1629 ducteur en découvrit quelques-uns; je vir
