1116 1854
98 144 876 202 “ſira. Voyez quel air frais & riant! cela
98 201 630 247 “ne vous fait-il pas envie?“
144 245 875 292 Je lui avouai que je ne me ſentois au-
98 291 876 329 cune tentation. Il ſe hâta de recouvrir la
99 336 877 385 glace de neige. „Vous vous imaginez, con-
101 382 879 427 “tinua-t-il, que nous nous contentons tout
102 427 878 474 “bonnement d'endormir nos gens avec de
102 472 877 520 “l'opium, & de les enterrer ſans facon.
102 517 878 564 “Cela ſe pratiquoit ainſi d'abord; mais
102 562 878 610 “tous les corps ne réuſſiſſoient pas. Nous
103 606 879 655 “avons imaginé depuis bien d'autres pré-
105 652 879 700 “cautions que nous nous impoſons, & qui
105 698 878 746 “rendent le ſuccès infaillible. Il faut des
106 745 879 792 “préparations, & un régime que vous ne
106 789 880 837 “connoiſſez pas. L'air, les aliments & les
105 835 879 879 “humeurs renfermés dans un corps ordi-
108 880 881 927 “naire, pourroient le corrompre. Nous
108 925 881 973 “vous expliquerions tout cela, ſi vous con-
107 969 881 1017 “ſentiez à vous endormir; & vous pour-
108 1015 882 1062 “riez rencontrer nos vieillards à leur ré-
108 1061 883 1108 “veil.“ Je ne comptois point du tout ſur
108 1107 880 1152 ce réveil. Je n'avois pas pu même croire
108 1152 882 1198 un mot de ce que cet honnête homme &
108 1195 882 1242 ſa ſociété m'avoient dit. Le lecteur en croira
109 1241 880 1289 ce qu'il pourra. Je remerciai l'immortel,
109 1286 882 1335 ſans lui témoigner rien de mon incrédulité.
111 1331 880 1379 Je lui donnai une adreſſe dans ma capitale,
110 1376 881 1424 le priant de m'avertir quand il trouveroit
111 1421 882 1467 un vaiſſeau: il me le promit, & nous nous
112 1469 556 1514 quittâmes fort bons amis.
139 1509 884 1559 En continuant ma tournée, j'arrivai
112 1556 883 1607 bientôt dans une petite république, ſem-
