1116 1854
232 72 302 114 L
231 125 1004 173 blable, à peu près, à celle de Geneve,
231 172 1007 219 qui étoit ſous la protection de ma couronne.
232 216 1011 263 J'y vis régner la paix & l'abondance. La
232 258 1010 298 ſérénité & l'air de fraternité me ſembloient
234 307 1011 353 peints ſur tous les viſages. Le terrein me
235 352 1011 397 paroiſſoit infiniment mieux cultivé que dans
234 397 1009 444 mon royaume: en un mot, ce pays faiſoit
235 441 1008 487 envie, & toute ame bien née ne pouvoit
234 488 825 534 manquer de ſouhaiter d'y vivre.
240 532 1007 580 Dans le peu de temps que j'y paſſai,
234 580 1009 624 je vis des inſtitutions qui annoncoient une
234 623 1009 671 profonde ſageſſe. Tous les enfants étoient
228 669 1009 715 élevés en commun; les peres & les me-
234 713 1008 758 res ne pouvoient ſe dévoiler à eux. Les
232 758 1008 805 freres mêmes ne connoiſſoient pas leurs
234 804 1008 851 freres: cela paroîtra ſingulier; mais on ti-
233 848 1005 897 roit un fort bon parti de cette ſingularité.
235 894 1006 941 On répétoit chaque jour à ces enfants,
233 938 1009 986 pendant le cours de leur éducation: „Son-
236 984 1007 1031 “gez que chaque vieillard que vous trou-
234 1029 1005 1076 “verez peut être votre pere, chaque femme
235 1077 1006 1121 “votre mere, chaque jeune homme votre
235 1114 1005 1167 “frere. Traitez - les comme tels, ſi vous
235 1166 1004 1212 “ne voulez outrager ce que vous avez de
235 1208 1005 1258 “plus cher au monde.“ Il eſt inconcevable
233 1256 1004 1304 combien cette idée, qui prenoit chez eux
234 1302 1002 1348 de profondes racines, les lioit tous les uns
235 1345 1003 1392 aux autres. On ne ſauroit imaginer le reſ-
235 1392 1003 1440 pect qu'ils portoient aux vieillards, & l'a-
235 1435 1001 1483 mour qu'ils ſe témoignoient entre égaux.
235 1482 1001 1529 Il n'y avoit pas à craindre qu'on vît qui
236 1526 1002 1574 que ce ſoit manquer du néceſſaire. Tout
