1116 1854
242 119 1009 168 ment un corps de loix, fondé ſur la loi na-
239 168 1006 215 turelle, & juſtement obligatoire, parce que
236 213 1007 260 la nation y donnoit ſon conſentement réel,
239 258 1007 305 exprès & non tacite. On ne pouvoit dire
240 302 1008 350 à ces peuples: „vos peres ont juré l'ac-
239 350 1009 395 “compliſſement de ces loix.“ Ils auroient
238 392 1008 442 répondu: ce que nos peres ont juré, n'a
238 437 1010 487 “obligé que nos peres. Mais notre légiſla-
241 487 1007 532 “tion nous oblige, parce que nous avons
240 529 1004 579 “juré nous - mêmes, librement ſur-tout.“
237 574 1009 624 En effet, on apprenoit aux enfants, juſqu'à
238 621 1010 669 l'âge de vingt ans, le code du pays, qui
239 667 1011 715 étoit fort ſimple, & qui faiſoit partie eſſen-
238 712 1012 759 tielle de l'éducation. Alors on demandoit
237 758 1009 805 publiquement à ces jeunes gens, s'ils con-
237 803 1010 850 ſentoient d'obéir à ſes loix. S'ils s'enga-
238 848 1009 897 geoient à les obſerver, ils étoient recus
239 894 1009 941 citoyens, & ils pouvoient reſter dans le
240 939 1010 987 pays, où ils devenoient membres du gou-
239 985 1013 1031 vernement; ſinon, on leur faiſoit un petit
237 1027 1014 1078 fonds honnête, avec lequel ils alloient vivre
237 1071 1013 1123 hors de la république, qui n'avoit plus au-
236 1122 1014 1168 cune autorité ſur eux. Chaque citoyen avoit
235 1166 1012 1215 le droit de propoſer au gouvernement les
235 1210 1012 1260 idées qui lui venoient, pour la formation
237 1257 1015 1306 de quelque loi nouvelle, ou bien pour la
238 1299 1012 1350 réforme ou abolition de quelque ancienne.
239 1347 1014 1396 Alors on affichoit ce projet, on l'expoſoit
237 1391 1013 1440 ſur les places publiques, à l'examen du
237 1438 1014 1486 public. Chaque citoyen donnoit ſa voix par
236 1485 1010 1531 écrit, pour ou contre. On comptoit en-
231 1529 1011 1579 ſuite, en public, les ſuffrages; & l'affaire
879 1576 1012 1626 paſſoit,
