<PcGts xmlns="http://schema.primaresearch.org/PAGE/gts/pagecontent/2017-07-15" xmlns:xsi="http://www.w3.org/2001/XMLSchema-instance" xsi:schemaLocation="http://schema.primaresearch.org/PAGE/gts/pagecontent/2017-07-15 http://schema.primaresearch.org/PAGE/gts/pagecontent/2017-07-15/pagecontent.xsd"><Metadata><Creator/><Created>2020-09-22T09:40:52</Created><LastChange>1970-01-01T00:00:00</LastChange><Comments/></Metadata><Page imageFilename="0248.png" imageHeight="1854" imageWidth="1116"><ReadingOrder><OrderedGroup id="g1"><RegionRefIndexed index="0" regionRef="r1"/><RegionRefIndexed index="1" regionRef="r2"/></OrderedGroup></ReadingOrder><TextRegion id="r1" type="page-number" orientation="-0.0"><Coords points="207,106 207,118 210,118 212,119 210,120 210,133 212,134 212,137 213,139 213,140 214,141 241,141 242,142 242,149 243,150 279,150 280,149 283,149 285,148 285,143 286,142 287,142 288,141 297,141 298,140 303,140 304,139 308,139 309,137 309,136 310,135 310,126 309,125 309,118 308,117 308,112 305,110 304,110 303,108 266,108 265,110 263,110 261,108 261,107 245,107 244,106"/><TextEquiv><Unicode/></TextEquiv><TextLine id="r1_l001"><Coords points="207,106 207,118 210,118 212,119 210,120 210,133 212,134 212,137 213,139 213,140 214,141 241,141 242,142 242,149 243,150 279,150 280,149 283,149 285,148 285,143 286,142 287,142 288,141 297,141 298,140 303,140 304,139 308,139 309,137 309,136 310,135 310,126 309,125 309,118 308,117 308,112 305,110 304,110 303,108 266,108 265,110 263,110 261,108 261,107 245,107 244,106"/><TextEquiv index="1"><Unicode>a</Unicode></TextEquiv></TextLine></TextRegion><TextRegion id="r2" type="paragraph" orientation="-0.0"><Coords points="312,152 311,153 311,154 310,155 308,155 308,156 307,157 260,157 260,158 259,159 259,169 260,170 263,170 264,171 264,178 263,179 254,179 254,181 253,182 253,193 254,194 254,195 255,195 256,196 258,196 260,198 295,198 295,197 296,196 329,196 331,198 330,199 330,205 329,206 329,209 328,210 326,210 324,212 323,212 322,213 310,213 309,212 309,200 272,200 271,201 270,201 269,202 246,202 245,203 244,203 243,204 243,212 242,213 214,213 212,215 210,215 209,216 208,216 208,227 209,228 209,229 210,230 208,232 208,242 209,243 211,243 212,244 246,244 247,243 284,243 285,242 286,243 327,243 328,242 329,242 330,241 338,241 339,242 339,249 340,250 340,251 342,253 342,254 341,255 341,256 340,257 285,257 284,258 282,258 281,259 280,259 279,260 279,269 277,271 276,271 275,270 275,259 273,259 271,257 270,257 269,256 261,256 260,255 260,249 259,248 259,247 258,246 213,246 212,247 207,247 206,248 206,260 209,263 209,267 208,268 208,273 206,275 206,287 207,288 246,288 247,287 249,287 250,288 250,289 249,290 219,290 217,292 216,292 215,293 215,301 213,303 210,303 208,305 208,306 206,308 206,311 205,312 205,323 206,324 206,326 207,327 207,328 209,330 210,330 211,331 212,331 213,332 235,332 236,333 235,334 219,334 217,336 216,336 215,337 213,337 213,338 212,339 211,339 210,340 210,341 209,342 209,346 208,347 207,347 205,349 205,360 206,361 207,361 208,362 208,363 207,364 207,365 206,366 206,376 207,377 207,378 279,378 280,377 281,377 282,378 319,378 320,377 340,377 341,378 386,378 387,377 434,377 435,378 559,378 560,377 561,378 563,378 565,380 565,388 566,389 603,389 604,390 604,391 603,392 570,392 569,393 557,393 555,391 555,381 519,381 518,382 517,382 516,383 514,383 513,384 513,391 512,392 454,392 453,393 450,393 447,396 447,398 446,399 444,397 444,396 443,395 443,394 442,393 441,393 440,392 426,392 425,391 425,381 388,381 387,382 385,382 384,383 383,383 383,391 382,392 381,391 381,383 380,382 344,382 343,383 342,383 341,384 341,391 340,392 315,392 314,391 314,390 312,388 312,387 311,386 311,384 310,384 309,383 308,383 307,382 259,382 258,381 221,381 220,382 217,382 216,383 216,391 214,393 212,393 210,395 209,395 207,397 206,397 206,417 209,420 211,420 212,421 213,421 214,422 419,422 421,424 420,425 392,425 391,426 390,426 385,431 385,432 384,433 384,435 383,436 383,437 382,438 371,438 370,437 370,426 369,426 368,425 330,425 328,427 327,427 326,428 325,428 324,429 324,430 323,431 323,432 322,433 322,434 321,435 320,435 320,436 318,438 317,438 316,437 316,434 315,433 315,429 314,428 314,426 278,426 277,427 272,427 272,435 271,436 264,436 263,435 263,433 261,431 261,429 259,427 215,427 213,429 213,441 212,442 211,442 210,443 210,444 209,445 209,450 208,451 208,461 210,463 211,463 214,466 217,466 219,468 260,468 260,467 261,466 291,466 293,468 331,468 331,467 332,466 335,466 337,468 375,468 375,467 376,466 456,466 458,468 497,468 497,467 498,466 521,466 523,468 523,476 558,476 561,479 601,479 601,478 602,477 602,470 603,469 630,469 631,468 656,468 657,469 678,469 679,470 678,471 677,471 676,472 675,472 674,473 674,483 673,484 668,484 667,483 629,483 628,484 602,484 601,485 600,485 599,486 597,486 597,495 595,497 587,497 586,496 586,495 585,494 585,485 582,485 581,484 536,484 535,483 535,482 521,482 520,481 520,479 519,478 519,476 517,474 517,472 516,471 479,471 479,472 478,473 478,474 477,475 477,482 476,483 464,483 463,482 463,472 462,471 425,471 424,472 399,472 398,473 398,474 397,475 397,482 396,483 374,483 373,482 355,482 354,481 354,473 352,471 318,471 317,472 316,472 315,473 315,480 313,482 265,482 264,481 264,471 263,470 220,470 219,471 218,471 217,472 216,472 210,478 210,479 209,480 209,482 208,483 207,483 206,484 206,494 209,497 209,499 208,500 206,500 206,511 207,512 238,512 239,513 236,516 236,517 235,518 235,526 234,527 214,527 213,528 210,528 209,529 207,529 206,530 206,540 207,541 207,542 209,542 210,543 208,545 207,545 207,556 209,558 246,558 247,559 247,566 248,567 249,567 250,568 254,568 256,570 255,571 254,571 254,572 253,573 216,573 215,574 212,574 209,577 209,578 208,579 208,586 207,587 207,596 208,597 208,598 210,600 210,601 212,601 213,602 214,602 215,603 432,603 433,604 468,604 469,603 507,603 508,604 554,604 556,606 556,615 572,615 573,616 573,617 572,618 502,618 501,619 500,618 486,618 485,617 485,608 484,607 450,607 449,608 448,608 447,609 446,609 445,610 444,610 443,611 443,618 442,619 441,618 441,611 369,611 368,610 368,606 330,606 329,607 326,607 325,608 323,606 287,606 285,608 283,608 282,609 282,617 281,618 272,618 271,617 271,616 267,612 267,611 265,609 264,609 263,608 257,608 256,607 222,607 221,608 220,608 219,609 216,609 215,610 214,610 213,611 212,611 209,614 209,615 207,617 207,618 206,619 206,639 207,640 207,642 208,643 209,643 210,644 212,644 215,647 216,647 220,651 220,652 219,653 218,653 217,654 217,662 216,663 215,663 212,666 210,666 208,668 207,668 207,669 206,670 206,683 207,684 207,688 210,691 212,691 213,692 236,692 238,694 276,694 278,692 287,692 289,694 323,694 323,693 324,692 342,692 343,693 338,698 338,699 332,705 332,706 331,707 221,707 219,709 214,709 207,716 207,717 206,718 206,731 207,732 207,733 209,735 209,737 210,738 302,738 303,739 302,740 302,741 296,747 296,748 291,753 282,753 281,754 271,754 270,753 269,753 268,752 268,748 267,747 267,743 266,742 266,741 257,741 256,740 220,740 219,741 217,741 215,743 214,743 214,745 212,747 212,748 211,749 210,749 209,750 209,752 207,754 206,754 206,766 207,767 208,767 209,768 209,769 208,770 207,770 206,771 205,771 205,782 207,784 241,784 242,783 266,783 267,784 304,784 305,783 306,783 307,782 317,782 319,784 355,784 356,783 397,783 398,782 398,770 396,770 395,769 396,768 398,768 399,767 399,755 397,755 396,754 396,753 395,753 394,752 360,752 359,753 339,753 338,752 300,752 299,753 296,753 295,752 300,747 300,746 306,740 306,739 307,738 406,738 407,739 409,739 410,740 446,740 447,739 449,739 450,738 455,738 456,739 492,739 508,755 508,756 506,758 506,760 505,761 505,764 504,765 502,763 502,756 501,755 500,755 499,754 484,754 483,753 456,753 455,752 455,743 454,742 413,742 412,743 411,743 410,744 410,746 409,747 409,748 408,749 407,749 406,750 406,753 404,755 403,755 403,766 404,767 404,771 403,772 403,782 404,783 409,783 410,784 498,784 499,783 500,783 501,782 501,779 504,776 504,771 505,770 506,771 506,777 507,778 507,779 508,780 508,781 509,782 511,782 512,783 514,783 515,784 515,785 514,786 485,786 484,787 482,787 480,789 479,789 479,796 478,797 473,797 472,796 472,789 471,788 471,787 453,787 452,786 399,786 398,787 378,787 377,788 377,798 376,799 348,799 347,798 346,798 345,797 302,797 301,798 300,798 299,799 293,799 292,798 292,786 208,786 207,787 207,788 206,789 206,800 207,801 208,801 210,803 210,809 212,811 212,815 211,816 208,816 207,817 207,819 206,820 206,829 207,830 206,831 206,841 208,843 209,843 210,844 209,845 209,846 208,847 208,848 207,849 207,858 208,859 208,873 209,874 252,874 254,876 254,878 253,879 220,879 219,880 216,880 215,881 214,881 213,882 212,882 207,887 207,891 206,892 206,909 208,911 208,914 209,915 210,915 212,917 213,917 216,920 255,920 256,921 256,924 255,925 250,925 250,930 249,931 231,931 230,932 223,932 222,933 222,935 219,938 218,938 216,940 215,940 214,941 214,942 213,943 213,955 220,962 249,962 251,964 267,964 268,965 362,965 363,966 399,966 400,965 433,965 434,966 434,968 433,969 419,969 418,970 418,979 417,980 381,980 380,981 376,981 375,980 330,980 329,981 308,981 307,980 290,980 289,979 289,969 288,968 251,968 250,969 246,969 246,976 245,977 221,977 219,979 209,979 209,980 208,981 208,992 209,993 209,995 210,996 210,997 209,998 208,998 208,1010 209,1011 244,1011 245,1010 246,1010 247,1009 281,1009 282,1010 281,1011 251,1011 251,1012 250,1013 209,1013 209,1024 211,1026 212,1026 214,1028 214,1033 215,1034 214,1035 206,1035 203,1038 203,1052 204,1052 205,1053 205,1054 206,1055 240,1055 241,1054 248,1054 249,1055 282,1055 283,1054 338,1054 339,1055 339,1056 338,1057 324,1057 322,1059 311,1059 310,1060 310,1061 309,1062 309,1069 308,1070 293,1070 292,1071 287,1071 286,1070 264,1070 263,1069 263,1060 261,1058 261,1057 217,1057 214,1060 214,1070 215,1071 214,1072 214,1075 213,1076 213,1083 212,1084 211,1084 210,1085 209,1085 208,1086 208,1087 207,1088 207,1098 209,1100 216,1100 217,1101 216,1102 216,1103 215,1104 214,1104 212,1106 211,1106 209,1108 209,1112 208,1113 208,1114 207,1115 205,1115 205,1127 207,1129 207,1130 206,1131 206,1132 205,1133 205,1143 206,1144 227,1144 229,1146 263,1146 263,1145 264,1144 293,1144 295,1146 346,1146 346,1145 347,1144 367,1144 369,1146 486,1146 486,1145 487,1144 491,1144 493,1146 527,1146 527,1145 528,1144 630,1144 632,1146 659,1146 660,1147 659,1148 645,1148 644,1149 643,1149 642,1150 640,1150 639,1151 639,1152 638,1153 638,1155 637,1156 637,1157 636,1158 635,1158 634,1159 626,1159 625,1158 625,1148 624,1147 588,1147 586,1149 585,1149 584,1150 549,1150 548,1151 546,1151 546,1158 545,1159 508,1159 507,1158 507,1156 506,1155 506,1152 505,1151 505,1150 504,1149 502,1149 501,1148 463,1148 462,1149 461,1149 461,1150 460,1151 459,1151 458,1152 458,1164 456,1166 456,1172 455,1173 441,1173 440,1172 440,1163 439,1162 436,1162 435,1161 435,1159 287,1159 286,1158 286,1157 285,1156 285,1152 284,1151 280,1151 279,1150 245,1150 243,1152 243,1158 242,1159 219,1159 217,1161 209,1161 208,1162 206,1162 206,1175 207,1176 207,1190 208,1191 244,1191 245,1190 271,1190 272,1191 272,1200 273,1200 274,1201 314,1201 315,1202 315,1203 313,1205 276,1205 275,1206 267,1206 266,1205 266,1198 265,1197 265,1194 229,1194 228,1195 225,1195 224,1196 224,1205 223,1206 213,1206 212,1207 211,1207 210,1208 209,1208 208,1209 207,1209 206,1210 206,1216 205,1217 205,1228 206,1229 206,1230 207,1231 207,1233 208,1234 209,1234 210,1235 212,1235 213,1236 321,1236 322,1237 359,1237 360,1236 361,1236 362,1235 387,1235 388,1236 479,1236 480,1235 573,1235 574,1234 577,1234 578,1235 578,1237 577,1238 570,1238 569,1239 566,1239 565,1240 565,1250 564,1251 557,1251 556,1250 555,1250 554,1249 517,1249 516,1250 511,1250 510,1251 509,1251 508,1250 508,1243 507,1242 507,1241 506,1240 506,1239 470,1239 469,1240 469,1241 468,1242 468,1251 467,1252 463,1252 462,1251 462,1242 461,1241 461,1240 460,1239 425,1239 422,1242 422,1250 421,1251 378,1251 377,1250 377,1242 376,1241 331,1241 330,1242 330,1251 329,1252 328,1251 261,1251 260,1250 260,1243 259,1243 258,1242 247,1242 246,1241 246,1238 210,1238 209,1239 205,1239 205,1242 204,1243 203,1243 203,1252 204,1252 205,1253 205,1255 206,1256 206,1259 207,1260 207,1266 206,1267 205,1267 204,1268 203,1268 202,1269 201,1269 200,1270 200,1280 205,1280 206,1281 207,1281 208,1282 244,1282 245,1281 246,1281 247,1280 259,1280 261,1282 260,1283 254,1283 252,1285 212,1285 211,1286 210,1286 210,1296 211,1296 212,1297 212,1298 214,1300 214,1304 213,1305 206,1305 203,1308 203,1322 204,1322 205,1323 205,1324 206,1325 208,1325 209,1326 245,1326 246,1325 250,1325 251,1324 278,1324 279,1325 281,1325 282,1326 318,1326 319,1325 322,1325 323,1324 339,1324 340,1325 361,1325 362,1326 361,1327 329,1327 327,1329 326,1329 325,1330 286,1330 285,1331 285,1339 284,1340 246,1340 245,1339 245,1336 244,1335 244,1334 210,1334 210,1336 209,1337 209,1339 207,1341 205,1341 205,1342 203,1344 203,1353 204,1354 205,1354 206,1355 205,1356 205,1358 204,1359 203,1359 203,1368 204,1369 205,1369 206,1370 285,1370 286,1371 284,1373 241,1373 240,1374 237,1374 236,1375 205,1375 204,1376 203,1376 202,1377 202,1387 203,1388 204,1388 206,1390 206,1391 207,1392 207,1401 208,1402 207,1403 206,1403 205,1404 204,1404 203,1405 203,1414 204,1414 205,1415 205,1417 206,1418 242,1418 243,1417 258,1417 258,1416 259,1415 304,1415 305,1414 326,1414 327,1415 345,1415 347,1417 346,1418 310,1418 307,1421 307,1428 306,1429 205,1429 203,1431 203,1432 202,1433 202,1442 206,1446 206,1456 205,1457 205,1470 207,1472 243,1472 244,1471 245,1471 246,1470 250,1470 251,1471 251,1473 249,1475 210,1475 208,1477 207,1477 206,1478 206,1487 205,1488 205,1499 206,1500 206,1501 209,1504 211,1504 212,1505 215,1505 216,1506 216,1508 215,1509 212,1509 210,1511 210,1523 211,1523 212,1524 213,1524 215,1526 214,1527 214,1530 213,1531 206,1531 206,1535 205,1536 205,1548 206,1549 206,1550 208,1552 208,1555 243,1555 243,1553 244,1552 245,1552 246,1551 399,1551 400,1552 431,1552 432,1553 432,1559 433,1560 433,1561 435,1563 437,1563 438,1564 474,1564 475,1563 479,1563 479,1562 480,1561 482,1561 485,1558 485,1553 486,1552 499,1552 500,1551 576,1551 577,1550 591,1550 592,1551 620,1551 621,1552 620,1553 570,1553 568,1555 567,1555 567,1556 566,1557 566,1558 565,1559 565,1560 564,1561 564,1563 563,1564 563,1565 562,1566 509,1566 508,1567 444,1567 443,1568 443,1570 442,1571 442,1579 441,1580 440,1579 418,1579 417,1578 417,1568 416,1567 414,1567 412,1565 402,1565 400,1563 400,1557 398,1555 388,1555 387,1554 387,1553 351,1553 349,1555 348,1555 346,1557 346,1564 345,1565 324,1565 323,1564 289,1564 287,1566 283,1566 282,1565 264,1565 263,1564 216,1564 215,1565 208,1565 207,1566 206,1566 205,1567 203,1567 203,1578 204,1578 205,1579 204,1580 203,1580 203,1581 202,1582 202,1584 201,1585 199,1585 199,1597 233,1597 234,1596 241,1596 242,1595 246,1595 247,1596 285,1596 286,1595 288,1597 298,1597 300,1599 300,1600 301,1601 335,1601 336,1600 337,1600 338,1599 341,1599 344,1596 361,1596 362,1597 398,1597 400,1599 400,1603 402,1605 438,1605 442,1601 442,1600 443,1599 486,1599 488,1601 522,1601 522,1600 523,1599 528,1599 529,1598 529,1597 530,1596 558,1596 559,1597 611,1597 612,1596 621,1596 622,1597 622,1598 623,1599 652,1599 653,1600 653,1604 689,1604 690,1603 691,1603 692,1602 693,1602 695,1600 695,1598 696,1597 703,1597 705,1599 741,1599 741,1598 742,1597 746,1597 748,1599 787,1599 789,1597 859,1597 860,1596 928,1596 929,1595 945,1595 946,1594 957,1594 958,1595 958,1600 959,1601 995,1601 996,1600 998,1600 1003,1595 1003,1578 1002,1577 1002,1576 1001,1575 973,1575 971,1573 971,1566 970,1565 969,1565 968,1564 967,1564 966,1563 950,1563 949,1562 949,1555 947,1553 931,1553 930,1552 931,1551 931,1550 932,1549 960,1549 961,1550 999,1550 1000,1549 1001,1549 1002,1548 1002,1547 1004,1545 1004,1521 1002,1519 984,1519 983,1518 983,1508 971,1508 970,1507 971,1506 1003,1506 1004,1505 1004,1491 1003,1490 1003,1487 1004,1486 1004,1464 964,1464 964,1472 963,1473 955,1473 954,1472 920,1472 919,1473 895,1473 893,1475 843,1475 842,1474 842,1473 807,1473 805,1475 787,1475 786,1476 785,1475 785,1471 783,1469 783,1466 781,1464 780,1464 779,1463 778,1463 777,1462 768,1462 767,1461 768,1460 829,1460 830,1461 870,1461 871,1460 936,1460 936,1459 937,1458 944,1458 946,1460 1004,1460 1005,1459 1005,1458 1006,1457 1006,1448 1005,1447 1004,1447 1003,1446 1003,1445 1004,1444 1005,1444 1005,1431 1004,1431 1003,1430 1003,1429 1002,1429 1001,1428 986,1428 984,1426 984,1424 986,1422 1002,1422 1006,1418 1006,1417 1008,1415 1009,1415 1010,1414 1010,1405 1008,1403 1008,1400 1007,1399 973,1399 972,1398 972,1375 971,1374 935,1374 934,1375 933,1375 932,1376 932,1383 931,1384 888,1384 887,1385 874,1385 873,1384 864,1384 863,1383 863,1374 862,1373 860,1373 859,1372 859,1371 814,1371 813,1370 814,1369 927,1369 928,1370 965,1370 966,1371 1003,1371 1004,1370 1004,1369 1005,1368 1005,1358 1004,1357 1004,1356 995,1356 994,1355 994,1342 993,1341 990,1341 989,1340 946,1340 945,1339 929,1339 928,1338 928,1332 927,1331 927,1330 926,1329 853,1329 853,1330 852,1331 852,1338 851,1339 819,1339 818,1340 785,1340 784,1339 784,1337 783,1336 783,1334 782,1333 782,1332 779,1329 779,1328 778,1327 742,1327 742,1338 741,1339 735,1339 734,1338 734,1331 733,1330 712,1330 711,1329 711,1327 672,1327 670,1329 669,1329 666,1332 665,1331 664,1331 663,1330 663,1329 662,1328 662,1327 626,1327 626,1338 625,1339 602,1339 601,1340 584,1340 583,1339 548,1339 547,1340 546,1340 545,1341 539,1341 538,1340 538,1331 537,1330 500,1330 499,1331 499,1332 498,1333 497,1333 495,1331 495,1328 497,1326 549,1326 550,1325 814,1325 815,1324 820,1324 821,1325 855,1325 856,1324 912,1324 913,1325 935,1325 936,1326 964,1326 965,1327 965,1333 966,1334 1003,1334 1004,1333 1005,1333 1006,1332 1007,1332 1008,1331 1008,1330 1009,1329 1009,1328 1010,1327 1010,1325 1011,1324 1011,1315 1010,1314 1010,1313 1009,1312 1009,1311 1008,1310 1006,1310 1005,1309 983,1309 982,1308 982,1303 981,1302 981,1300 977,1296 955,1296 954,1295 932,1295 931,1294 895,1294 894,1293 894,1286 893,1285 893,1283 892,1283 891,1282 856,1282 855,1283 851,1283 850,1284 850,1293 849,1294 838,1294 837,1293 837,1292 836,1291 836,1286 834,1286 833,1285 828,1285 827,1284 827,1283 791,1283 789,1285 779,1285 779,1286 778,1287 778,1296 779,1297 781,1297 782,1298 782,1310 781,1311 774,1311 772,1309 774,1307 774,1297 773,1296 765,1296 764,1295 717,1295 716,1296 714,1296 713,1295 679,1295 678,1296 657,1296 656,1295 566,1295 565,1294 566,1293 566,1282 565,1281 566,1280 576,1280 577,1279 589,1279 590,1280 601,1280 602,1281 638,1281 639,1280 651,1280 652,1279 697,1279 698,1280 766,1280 767,1279 814,1279 815,1280 851,1280 852,1279 885,1279 886,1280 956,1280 957,1281 972,1281 973,1282 1010,1282 1011,1281 1011,1267 1010,1267 1009,1266 1004,1266 1003,1265 1003,1256 1001,1254 1001,1253 1000,1252 996,1252 995,1251 980,1251 979,1250 979,1239 955,1239 954,1238 954,1236 955,1235 960,1235 961,1236 971,1236 972,1237 1009,1237 1011,1235 1011,1223 1009,1223 1008,1222 1008,1215 1006,1213 1006,1209 1003,1206 1003,1203 1002,1202 1002,1200 1001,1199 1001,1196 1000,1195 1000,1194 999,1193 961,1193 961,1195 960,1196 951,1196 949,1198 949,1199 948,1200 947,1200 947,1202 946,1203 942,1203 940,1201 940,1193 939,1192 899,1192 897,1194 896,1194 895,1195 860,1195 859,1194 859,1191 860,1190 885,1190 885,1189 886,1188 907,1188 909,1190 989,1190 989,1187 990,1186 1005,1186 1006,1185 1011,1185 1012,1184 1012,1171 1011,1170 1011,1168 1010,1167 1010,1166 989,1166 988,1165 988,1162 987,1161 960,1161 959,1160 959,1159 944,1159 943,1158 917,1158 916,1157 916,1148 878,1148 877,1149 876,1149 876,1158 875,1159 776,1159 774,1161 772,1159 703,1159 702,1160 701,1159 699,1159 698,1158 698,1157 699,1156 713,1156 714,1155 717,1155 718,1154 718,1153 720,1151 720,1147 723,1144 740,1144 742,1146 778,1146 778,1145 779,1144 795,1144 797,1146 797,1155 859,1155 860,1154 862,1154 862,1153 863,1152 863,1145 864,1144 949,1144 951,1146 951,1147 964,1147 965,1148 965,1152 967,1154 1004,1154 1005,1153 1005,1152 1008,1149 1008,1148 1009,1147 1009,1133 1008,1132 1008,1130 1007,1129 983,1129 982,1128 982,1119 981,1118 981,1117 980,1116 980,1115 966,1115 965,1114 965,1105 964,1104 928,1104 927,1105 927,1112 926,1113 918,1113 917,1114 916,1114 915,1113 915,1104 914,1103 914,1101 873,1101 872,1102 872,1103 871,1104 870,1104 869,1105 869,1106 868,1107 867,1107 867,1108 866,1109 866,1110 865,1111 865,1113 864,1114 799,1114 798,1115 769,1115 768,1114 732,1114 731,1115 667,1115 666,1114 666,1105 665,1104 665,1103 663,1103 662,1102 662,1101 663,1100 718,1100 719,1099 737,1099 738,1100 802,1100 803,1101 803,1107 804,1108 804,1110 844,1110 844,1109 845,1108 847,1108 847,1100 848,1099 945,1099 946,1100 963,1100 964,1101 1007,1101 1008,1100 1008,1099 1009,1098 1009,1089 1010,1088 1011,1088 1011,1087 1012,1086 1012,1073 1011,1072 1011,1071 988,1071 987,1070 980,1070 979,1069 979,1060 978,1059 978,1058 979,1057 1007,1057 1008,1056 1009,1056 1010,1055 1010,1042 1011,1041 1011,1030 1010,1029 1010,1028 1009,1027 986,1027 984,1025 983,1025 982,1024 972,1024 971,1023 971,1016 969,1014 971,1012 985,1012 986,1011 987,1011 988,1010 989,1010 990,1009 996,1009 997,1008 997,1006 998,1005 999,1005 1000,1004 1002,1004 1004,1002 1004,999 1005,998 1005,987 1004,986 1003,986 1002,985 1002,984 996,984 995,983 995,981 969,981 968,980 968,968 966,966 967,965 972,965 973,964 998,964 998,962 1000,960 1011,960 1011,959 1012,958 1012,945 998,945 997,944 997,938 996,937 996,936 995,936 994,935 925,935 924,934 924,933 923,932 913,932 910,929 910,927 909,926 909,924 908,924 906,922 869,922 867,924 866,924 865,925 864,925 863,926 863,938 862,939 862,945 861,946 860,946 859,947 858,946 858,936 857,935 857,934 856,933 837,933 836,932 836,923 799,923 798,924 798,932 797,933 754,933 752,935 746,935 745,934 745,928 743,926 743,925 742,924 742,923 706,923 704,925 703,925 702,924 665,924 665,925 663,927 663,932 662,933 587,933 585,935 545,935 544,934 544,925 519,925 518,924 516,924 515,923 477,923 476,924 473,924 472,925 471,925 470,926 470,928 469,929 469,930 468,931 468,933 464,937 463,937 462,938 462,947 460,949 457,949 456,948 456,937 455,937 454,936 453,936 452,935 420,935 419,934 419,927 418,926 418,925 417,925 416,924 380,924 380,927 379,928 378,928 378,935 377,936 370,936 369,935 317,935 316,934 316,932 309,925 300,925 298,923 298,922 300,920 423,920 424,921 489,921 490,920 505,920 505,919 506,918 513,918 515,920 617,920 617,919 618,918 626,918 628,920 734,920 734,919 735,918 737,918 738,917 739,918 759,918 761,920 836,920 837,919 838,920 968,920 969,921 1006,921 1009,918 1009,908 1008,907 1009,906 1009,894 1008,893 1007,893 1006,892 980,892 979,891 977,891 976,890 976,889 972,889 971,888 960,888 959,887 925,887 924,886 924,881 923,880 923,878 885,878 884,879 884,887 883,888 881,888 880,887 880,875 881,874 884,874 885,873 899,873 900,874 923,874 925,876 1008,876 1008,875 1009,874 1009,862 1008,861 1008,860 1000,860 999,859 1000,858 1000,847 998,845 997,845 996,844 909,844 908,845 904,845 903,844 831,844 830,845 827,845 826,844 790,844 789,845 776,845 775,844 713,844 712,845 665,845 664,844 628,844 627,845 623,845 622,846 622,858 623,859 623,860 625,862 625,872 624,873 623,873 623,878 622,879 622,888 621,889 618,889 617,888 607,888 606,887 606,880 605,879 604,879 603,878 581,878 580,877 581,876 609,876 609,875 610,874 613,874 614,873 615,873 617,871 617,863 618,862 618,851 617,850 617,848 616,847 616,846 615,845 609,845 608,844 597,844 596,843 596,834 595,833 586,833 583,830 583,829 584,828 587,828 588,829 611,829 612,830 636,830 637,831 637,835 638,836 638,838 640,840 645,840 646,841 681,841 682,840 685,840 687,838 688,838 688,837 689,836 689,835 690,834 690,831 691,830 725,830 726,829 731,829 732,828 745,828 746,829 796,829 797,830 797,840 863,840 863,829 864,828 865,829 905,829 906,828 919,828 920,829 965,829 966,830 966,838 1005,838 1006,837 1008,837 1010,835 1010,830 1011,829 1011,806 1010,805 1010,803 1009,802 1009,801 986,801 985,800 984,800 983,799 946,799 945,798 945,789 944,788 944,787 943,787 942,786 943,785 1004,785 1005,784 1006,784 1008,782 1008,772 1007,771 1006,771 1005,770 998,770 997,769 997,757 996,756 995,756 994,755 993,755 992,754 961,754 960,753 960,741 959,740 960,739 966,739 967,740 967,746 969,748 1005,748 1011,742 1011,740 1012,739 1012,726 1011,725 1011,723 1010,722 1010,721 984,721 983,720 983,719 982,718 982,711 980,709 947,709 946,708 946,707 945,707 944,706 906,706 904,704 904,697 867,697 865,699 862,699 862,706 861,707 843,707 841,709 750,709 749,708 749,707 714,707 712,709 669,709 668,708 668,702 666,700 666,699 665,698 625,698 624,699 622,699 621,700 621,703 620,704 619,704 619,707 617,709 600,709 599,708 599,701 597,699 597,698 560,698 559,699 558,699 558,706 557,707 531,707 529,709 523,709 522,708 522,698 511,698 510,697 475,697 474,698 472,698 471,699 469,699 468,700 468,707 467,708 466,708 459,701 459,700 460,699 460,698 461,697 461,696 462,695 462,684 463,683 464,684 464,686 465,687 465,689 466,690 466,692 468,694 526,694 526,693 527,692 528,692 530,694 552,694 553,695 589,695 590,694 606,694 606,693 607,692 609,692 611,694 633,694 634,695 700,695 701,694 773,694 774,695 792,695 793,696 793,701 833,701 834,700 834,699 835,698 835,697 836,696 836,693 837,692 861,692 863,694 899,694 899,693 900,692 909,692 911,694 1010,694 1010,693 1011,692 1012,692 1013,691 1013,682 1011,680 1011,678 1012,677 1012,667 1010,665 1010,664 1008,662 972,662 971,663 953,663 952,662 952,654 950,652 915,652 914,653 913,653 912,654 911,654 911,661 910,662 898,662 897,663 884,663 881,660 881,657 880,656 880,655 878,655 877,654 870,654 869,653 868,653 867,652 831,652 830,653 828,653 827,654 827,665 829,667 829,676 828,677 819,677 818,676 818,669 816,667 815,667 814,666 814,665 808,665 807,664 807,663 723,663 721,661 721,655 720,655 719,654 665,654 664,655 663,655 663,663 661,665 655,665 654,664 654,653 653,653 652,652 646,652 645,651 646,650 771,650 771,649 772,648 789,648 791,650 841,650 841,649 842,648 906,648 908,650 945,650 945,649 946,648 951,648 953,650 1006,650 1008,648 1009,648 1010,647 1011,647 1011,646 1013,644 1013,631 1012,630 1012,622 1011,621 1011,620 1010,619 1009,619 1008,618 973,618 972,617 972,609 971,608 969,608 968,607 929,607 927,609 926,609 924,611 924,612 923,613 923,616 921,618 829,618 828,617 828,615 829,614 833,614 833,613 834,612 834,604 835,603 836,603 837,604 873,604 874,603 957,603 958,604 974,604 976,606 1010,606 1010,605 1011,604 1012,604 1015,601 1015,592 1012,589 1006,589 1005,588 1005,580 1004,579 1004,577 1003,576 1003,575 1001,575 1000,574 983,574 982,573 982,563 981,562 981,561 980,560 981,559 1011,559 1011,558 1012,557 1012,548 1011,547 1011,545 1010,544 1010,537 1009,536 1009,535 1008,534 1008,531 1007,530 1006,530 1005,529 979,529 978,528 976,528 975,527 975,520 973,518 973,517 972,516 931,516 930,517 929,517 929,519 927,521 926,521 925,522 925,524 924,525 924,527 922,529 917,529 916,528 916,520 915,519 915,517 914,517 913,516 878,516 877,517 877,520 876,521 876,526 875,527 870,527 869,528 867,528 866,529 850,529 849,528 849,519 848,519 847,518 847,517 800,517 799,518 799,519 798,520 798,529 800,531 802,531 804,533 804,534 803,535 803,538 802,539 798,539 797,538 797,536 796,535 796,533 794,531 794,530 793,530 792,529 750,529 749,528 721,528 720,527 720,519 719,518 719,517 718,517 717,516 680,516 679,517 677,517 676,518 676,519 675,520 674,520 673,521 673,522 672,523 672,526 671,527 670,527 669,528 657,528 656,529 655,529 654,528 621,528 620,529 614,529 613,528 613,527 614,526 638,526 638,525 639,524 643,524 644,523 644,515 645,514 683,514 685,512 698,512 699,513 710,513 711,514 746,514 747,513 840,513 841,514 876,514 877,513 898,513 899,514 1009,514 1011,512 1011,501 1010,500 1011,499 1011,498 1012,497 1012,486 1011,485 1009,485 1008,484 1007,484 1006,483 969,483 968,484 966,484 965,483 965,476 964,475 964,472 899,472 898,471 862,471 861,472 858,472 857,473 857,474 856,475 856,482 855,483 853,483 852,484 851,484 850,483 835,483 834,482 785,482 784,483 757,483 756,482 756,473 755,472 719,472 718,473 717,473 716,472 716,470 694,470 693,469 694,468 695,468 695,467 696,466 716,466 718,468 729,468 730,469 776,469 777,468 872,468 873,469 907,469 908,468 966,468 967,469 968,469 969,470 1011,470 1013,468 1015,468 1015,467 1016,466 1016,458 1018,456 1018,447 1017,446 1017,444 1015,442 1014,442 1012,440 993,440 991,438 991,427 990,427 989,426 954,426 953,427 950,427 949,428 947,428 947,429 946,430 946,438 945,439 909,439 908,438 895,438 894,437 894,429 893,428 855,428 855,429 853,431 853,435 852,436 843,436 841,438 835,438 834,437 834,429 833,428 833,427 831,427 830,426 791,426 790,427 772,427 770,429 770,436 768,438 756,438 755,439 747,439 746,438 680,438 679,437 679,427 641,427 640,428 639,428 638,429 637,429 637,438 636,439 604,439 603,438 561,438 560,439 558,439 557,440 556,440 556,450 555,451 541,451 539,449 539,442 538,441 538,440 537,439 536,439 535,438 524,438 523,437 523,426 494,426 493,425 493,423 494,422 539,422 541,424 575,424 577,422 587,422 589,424 644,424 644,423 645,422 788,422 790,424 826,424 826,423 827,422 876,422 878,424 917,424 917,423 918,422 920,422 922,424 1012,424 1012,413 1011,412 1010,412 1008,410 1008,409 1009,408 1009,407 1011,405 1011,395 1010,394 1010,393 982,393 981,392 943,392 942,393 889,393 888,392 888,382 851,382 850,383 847,383 847,392 846,393 823,393 822,392 822,383 820,381 821,380 845,380 847,378 849,378 851,380 886,380 886,379 887,378 963,378 965,380 1009,380 1009,379 1010,378 1011,378 1012,377 1012,376 1013,375 1013,356 1012,355 1012,353 1011,352 1011,351 1010,350 1010,349 1009,349 1008,348 967,348 966,347 965,347 964,346 932,346 931,345 931,338 930,337 928,337 927,336 892,336 891,337 888,337 887,338 885,338 884,339 884,340 883,341 882,341 882,345 881,346 881,347 880,348 874,348 873,347 873,338 871,336 835,336 834,337 833,336 833,334 834,333 983,333 984,332 997,332 998,331 998,329 1000,327 1016,327 1018,325 1018,315 1017,314 1017,313 1016,312 998,312 997,311 997,308 998,307 1008,307 1009,306 1009,305 1011,303 1011,294 1010,293 1010,292 1009,291 1009,290 1010,289 1011,289 1015,285 1015,264 1012,261 1011,261 1010,260 1008,260 1007,259 990,259 989,258 961,258 960,257 960,254 959,253 923,253 922,254 922,257 921,258 827,258 826,257 826,249 825,248 825,247 814,247 813,246 813,244 814,243 824,243 825,242 829,242 830,243 858,243 859,244 894,244 895,243 924,243 925,242 927,242 928,243 1012,243 1012,242 1013,241 1013,230 1011,228 1011,216 1009,214 1005,214 1004,213 977,213 976,212 976,205 975,204 975,201 974,200 975,199 992,199 993,198 995,198 995,197 996,196 1014,196 1015,195 1016,195 1018,193 1018,173 1017,173 1016,172 1016,166 1015,165 981,165 980,164 980,152 943,152 940,155 939,155 938,156 935,156 935,158 934,159 933,159 933,165 932,166 886,166 885,165 849,165 848,166 814,166 810,170 809,170 808,171 807,170 807,169 806,169 805,168 805,167 804,166 752,166 750,164 750,159 749,158 749,155 712,155 710,157 687,157 686,158 683,158 683,165 682,166 607,166 603,170 602,169 602,168 601,167 601,166 425,166 424,165 423,165 422,164 392,164 391,163 391,155 362,155 361,154 360,154 359,153 359,152"/><TextEquiv><Unicode/></TextEquiv><TextLine id="r2_l001"><Coords points="270,158 1004,158 1004,196 270,196"/><TextEquiv index="1"><Unicode>J'allai trouver en tremblant mon ado-</Unicode></TextEquiv></TextLine><TextLine id="r2_l002"><Coords points="366,250 365,250 365,239 365,238 364,239 364,247 363,248 358,248 356,247 356,246 355,245 355,238 355,237 342,237 341,236 313,236 312,237 312,238 312,238 311,238 310,239 303,239 302,238 268,238 267,239 231,239 230,240 228,240 227,239 226,239 224,238 224,221 225,220 226,220 227,219 228,219 229,218 230,218 231,217 259,217 259,217 259,210 261,208 262,208 263,207 265,207 266,206 287,206 289,204 292,204 292,205 292,208 293,209 293,217 294,217 339,217 340,216 342,216 343,215 344,215 344,215 344,211 345,210 345,208 346,207 346,204 350,200 351,201 352,201 353,203 353,216 354,216 386,216 387,215 405,215 405,215 405,208 406,207 430,207 431,206 432,206 433,205 435,205 436,204 439,204 440,205 441,205 442,207 442,208 443,209 443,217 444,217 449,217 450,218 504,218 504,218 504,212 505,211 505,208 507,206 511,206 512,208 512,217 513,217 553,217 553,217 553,209 556,206 558,206 560,204 563,204 563,205 563,210 564,211 564,217 565,217 630,217 630,217 630,209 632,207 633,207 634,206 637,206 638,208 638,217 639,217 649,217 650,218 682,218 683,217 684,217 685,216 685,212 686,211 686,209 687,208 687,205 690,202 693,202 693,203 693,204 694,205 694,215 695,215 704,215 705,216 759,216 759,216 759,208 760,207 761,207 762,206 764,206 765,205 766,205 767,204 768,206 768,208 769,209 769,217 770,217 792,217 793,218 810,218 812,220 840,220 841,219 842,219 843,218 844,218 845,217 847,217 847,217 847,209 851,205 857,205 857,206 857,212 858,213 858,217 859,217 889,217 890,216 896,216 897,217 911,217 912,218 940,218 942,216 942,215 944,213 944,212 945,211 945,210 950,205 951,205 952,204 957,204 959,207 959,209 960,210 960,217 961,217 988,217 989,218 992,218 994,221 994,233 997,236 996,237 996,238 995,239 945,239 944,238 908,238 907,239 878,239 877,240 876,240 875,239 847,239 846,238 844,238 843,237 842,237 841,236 812,236 810,238 808,238 807,239 801,239 800,238 770,238 769,239 767,239 766,238 717,238 691,238 690,239 685,239 684,238 683,238 682,237 652,237 651,238 650,238 649,239 638,239 637,240 632,240 630,238 617,238 615,236 587,236 586,237 586,238 585,239 582,239 581,238 560,238 559,239 559,244 559,244 557,244 556,244 556,239 556,238 529,238 528,239 511,239 509,241 509,242 508,243 508,244 506,246 506,247 506,247 503,247 502,247 502,223 502,222 477,222 476,223 476,236 473,239 443,239 442,238 425,238 424,237 375,237 374,238 374,250 374,250"/><TextEquiv index="1"><Unicode>rable épouſe: je la vis étendue dans ſon</Unicode></TextEquiv></TextLine><TextLine id="r2_l003"><Coords points="764,297 763,297 764,296 764,288 764,287 743,287 739,291 735,291 733,290 733,284 733,283 687,283 686,284 631,284 630,285 624,285 623,284 590,284 589,283 551,283 550,284 391,284 390,285 390,293 389,294 381,294 380,293 379,293 377,292 377,284 377,283 310,283 309,284 309,293 308,294 307,294 306,295 284,295 283,295 283,292 283,291 268,291 266,290 266,284 266,283 230,283 229,284 224,284 222,283 222,282 221,281 224,278 224,258 224,257 223,257 222,257 222,256 221,255 221,254 223,252 228,252 229,251 242,251 244,254 244,260 245,260 253,260 256,263 298,263 299,262 300,262 301,261 357,261 358,260 358,259 359,258 359,256 361,254 361,253 364,250 375,250 375,251 375,252 376,253 376,261 377,261 405,261 406,260 407,260 408,261 445,261 446,260 446,258 447,257 447,256 449,254 449,253 452,250 453,250 454,249 456,249 457,248 459,248 460,249 461,249 463,252 463,261 464,261 565,261 566,262 660,262 661,261 701,261 702,260 720,260 722,262 724,262 725,263 765,263 766,262 767,262 767,262 767,254 769,252 771,252 772,251 773,251 774,250 791,250 791,250 791,249 793,247 795,247 796,249 796,251 797,251 804,251 805,252 808,252 809,254 809,262 810,262 938,262 938,262 938,259 940,257 942,257 943,259 943,262 944,262 972,262 973,263 990,263 991,264 993,264 994,265 995,265 997,267 998,269 998,272 999,273 998,274 998,281 997,282 997,283 996,284 995,284 994,285 992,285 991,286 987,286 986,285 983,285 982,284 942,284 941,285 938,285 937,284 807,284 805,286 805,287 804,288 804,290 801,293 799,293 798,293 798,286 798,285 770,285 769,286 769,297 769,297"/><TextEquiv index="1"><Unicode>lit, preſque ſans mouvement, déja couverte</Unicode></TextEquiv></TextLine><TextLine id="r2_l004"><Coords points="346,341 345,341 345,330 345,329 340,329 339,330 339,338 338,339 334,339 333,340 329,340 328,339 327,339 325,338 325,330 325,329 298,329 297,328 259,328 258,329 253,329 252,328 230,328 229,327 228,327 227,326 226,326 221,322 221,319 220,318 221,317 221,315 222,314 222,312 227,307 230,307 231,306 231,298 233,296 234,296 235,295 238,295 239,294 241,294 243,296 281,296 282,295 288,295 288,296 288,300 289,301 289,307 290,307 331,307 332,306 351,306 352,305 352,303 353,302 353,301 354,300 354,298 355,297 355,296 356,295 377,295 378,297 378,306 379,306 469,306 469,306 469,298 471,296 473,296 474,295 475,295 476,294 478,294 478,295 478,303 479,304 479,307 480,307 520,307 520,307 520,300 523,297 524,297 525,296 526,296 527,295 530,295 531,297 531,306 532,306 544,306 545,307 647,307 648,306 650,306 653,309 708,309 709,308 710,308 711,307 718,307 719,306 735,306 736,307 762,307 762,307 762,298 763,297 769,297 769,298 769,307 770,307 828,307 828,307 828,299 830,297 831,297 833,295 836,295 836,296 836,300 837,301 837,307 838,307 859,307 860,308 902,308 903,307 959,307 959,307 959,298 961,296 980,296 981,295 983,295 984,294 989,294 990,295 992,295 993,297 993,298 994,299 994,316 995,316 997,316 998,317 999,317 1001,320 1001,321 998,324 983,324 982,325 982,327 981,328 968,328 967,329 818,329 817,330 817,339 816,340 807,340 806,339 805,339 804,339 804,330 804,329 760,329 759,330 758,330 757,329 683,329 682,330 682,331 680,333 680,334 679,335 678,335 676,337 674,337 673,337 673,336 672,335 672,330 672,329 577,329 576,330 575,330 574,329 489,329 488,328 369,328 368,329 349,329 348,330 348,341 348,341"/><TextEquiv index="1"><Unicode>de la pâleur de la mort; mais plus raviſ-</Unicode></TextEquiv></TextLine><TextLine id="r2_l005"><Coords points="583,385 581,384 581,375 581,374 224,374 221,372 221,356 220,355 221,354 221,353 222,352 223,352 224,351 225,351 225,351 225,348 226,347 226,345 230,341 232,341 233,340 234,340 235,339 242,339 244,341 505,341 505,341 505,340 507,338 511,338 511,339 511,340 512,340 733,340 734,339 735,340 910,340 911,341 913,341 915,344 915,350 916,350 947,350 948,351 949,351 950,352 970,352 971,353 991,353 992,354 993,354 994,355 995,355 995,356 995,357 996,358 996,361 997,362 997,371 996,372 996,373 995,374 994,374 993,375 992,375 991,376 985,376 984,375 715,375 714,376 714,383 713,384 711,384 710,385"/><TextEquiv index="1"><Unicode>ſante dans cet état que la plus belle ſtatue</Unicode></TextEquiv></TextLine><TextLine id="r2_l006"><Coords points="466,430 465,429 464,429 463,429 463,426 463,425 439,425 437,424 437,419 437,418 278,418 277,419 254,419 253,418 230,418 229,417 228,417 227,416 226,416 221,412 221,404 222,403 222,402 223,401 224,401 226,399 227,399 228,398 230,398 231,397 232,397 232,397 232,388 234,386 237,386 238,385 241,385 242,386 290,386 291,387 292,387 293,388 294,388 295,390 295,391 296,392 296,394 297,395 297,396 298,396 324,396 325,397 357,397 357,397 357,389 360,386 403,386 404,385 408,385 408,386 408,397 409,397 529,397 529,397 529,389 531,387 533,387 535,385 538,385 538,386 538,389 539,390 539,397 540,397 592,397 593,398 620,398 620,398 620,390 622,388 625,388 627,391 627,398 628,398 672,398 673,397 697,397 698,396 742,396 742,396 742,389 745,386 797,386 798,385 803,385 805,388 805,398 806,398 862,398 862,398 862,389 864,387 867,387 868,386 871,386 872,388 872,398 873,398 958,398 959,397 965,397 966,398 994,398 995,400 995,418 996,419 995,420 895,420 894,419 810,419 809,420 807,420 806,419 656,419 628,419 627,420 607,420 606,419 598,419 559,419 558,420 557,419 477,419 476,420 476,429 475,430"/><TextEquiv index="1"><Unicode>de Praxitele, par la noirceur de ſes cheveux</Unicode></TextEquiv></TextLine><TextLine id="r2_l007"><Coords points="578,475 575,472 540,472 539,472 539,471 538,470 538,464 538,463 481,463 480,464 476,464 475,463 359,463 358,464 310,464 309,463 244,463 243,464 236,464 235,463 233,463 232,462 230,462 224,457 225,456 225,451 226,450 226,449 228,447 228,441 229,440 229,434 232,431 293,431 294,430 297,430 298,431 344,431 345,430 346,430 347,429 351,429 352,430 353,430 354,432 354,442 355,442 398,442 400,440 400,438 401,437 401,436 403,434 403,433 404,432 405,432 407,430 408,430 409,429 414,429 416,432 416,441 417,441 447,441 448,442 487,442 487,442 487,435 488,434 488,433 490,431 503,431 504,430 507,430 507,431 507,442 508,442 518,442 519,443 521,443 522,445 522,446 523,447 523,456 524,456 571,456 571,456 571,447 572,446 572,445 573,444 574,444 575,443 577,443 578,442 587,442 588,443 652,443 652,443 652,436 653,435 653,434 654,433 655,433 656,432 657,432 658,431 662,431 662,432 662,442 663,442 786,442 786,442 786,434 788,432 789,432 790,431 807,431 808,430 814,430 815,431 816,431 816,432 816,434 817,435 817,442 818,442 859,442 860,441 869,441 869,441 869,436 870,435 870,434 872,432 876,432 877,434 877,442 878,442 892,442 893,443 962,443 962,443 962,436 963,435 963,433 964,432 966,432 967,431 970,431 971,430 972,430 973,431 974,431 975,433 975,444 976,444 996,444 1000,449 1000,451 1001,452 999,454 999,462 996,465 995,465 994,466 986,466 985,465 984,465 983,464 891,464 890,465 889,464 760,464 759,465 747,465 746,464 735,464 734,463 717,463 679,463 678,464 677,464 676,465 673,465 672,464 614,464 613,465 586,465 585,466 585,473 584,474 584,475 584,475"/><TextEquiv index="1"><Unicode>&amp; de ſes ſourcils, par les ramifications de</Unicode></TextEquiv></TextLine><TextLine id="r2_l008"><Coords points="620,521 619,520 617,520 615,519 615,518 615,517 583,517 580,515 580,511 580,510 546,510 545,509 482,509 462,509 461,510 456,510 454,508 390,508 389,509 318,509 317,508 299,508 298,507 252,507 251,508 224,508 221,506 221,490 224,487 225,487 225,487 225,486 226,485 226,483 228,481 233,476 234,476 235,475 236,475 237,474 246,474 247,476 247,486 248,486 331,486 331,486 331,478 333,476 334,476 335,475 337,478 337,479 338,480 338,486 339,486 356,486 357,487 413,487 413,487 413,480 416,477 418,477 419,476 441,476 442,475 445,475 446,477 446,478 447,479 447,483 448,483 493,483 493,483 493,480 494,479 494,478 495,477 495,476 496,475 499,475 501,478 501,480 502,481 502,483 503,484 503,486 504,486 518,486 518,487 518,488 519,488 565,488 566,489 568,489 569,490 616,490 617,489 618,489 619,488 644,488 645,487 689,487 689,487 689,479 692,476 693,476 694,475 695,475 696,474 699,474 699,475 699,476 700,476 738,476 740,479 740,487 741,487 801,487 802,486 817,486 818,487 872,487 872,487 872,479 874,477 875,477 876,476 878,476 879,475 881,475 882,476 946,476 947,478 947,480 948,481 948,488 949,488 985,488 986,487 990,487 992,489 994,489 996,492 995,493 995,507 992,510 916,510 915,509 860,509 859,510 858,510 857,509 772,509 730,509 729,510 728,510 727,509 716,509 715,508 669,508 668,509 667,509 666,510 628,510 627,511 627,519 626,520 623,520 622,521"/><TextEquiv index="1"><Unicode>ſes veines bleuâtres, par l'air attendriſſant</Unicode></TextEquiv></TextLine><TextLine id="r2_l009"><Coords points="612,567 611,567 612,566 625,566 625,566 625,556 625,555 593,555 592,554 541,554 540,555 539,554 488,554 487,555 484,555 483,554 467,554 466,553 282,553 281,554 281,564 282,565 282,565 280,565 279,564 266,564 263,562 263,555 263,554 226,554 223,552 223,537 222,536 222,535 224,533 226,533 227,532 230,532 231,531 250,531 250,531 250,526 251,525 251,523 252,522 252,521 256,517 257,517 258,518 259,518 259,519 259,531 260,531 334,531 334,531 334,523 335,522 336,522 337,521 338,521 339,520 344,520 344,521 344,525 345,526 345,531 346,531 398,531 399,530 399,528 400,527 400,526 406,520 408,520 409,519 414,519 415,520 416,520 416,521 416,522 417,523 417,531 418,531 469,531 470,532 523,532 524,531 526,531 528,533 577,533 577,533 577,532 578,531 578,529 579,528 579,527 585,521 587,521 588,520 593,520 594,521 595,521 595,522 595,523 596,524 596,533 597,533 637,533 638,532 686,532 687,531 687,529 689,527 689,526 691,524 692,524 694,522 695,522 696,521 701,521 702,522 703,522 703,523 703,526 704,527 704,532 705,532 732,532 733,533 814,533 814,533 814,525 817,522 830,522 831,523 832,523 832,524 831,525 831,533 832,533 883,533 884,532 886,532 887,531 891,531 891,531 891,526 892,525 892,523 894,521 896,521 897,522 898,522 899,523 945,523 946,522 947,522 948,521 950,521 951,520 954,520 955,521 956,521 957,523 957,524 958,525 958,532 959,532 961,532 962,533 989,533 991,536 991,539 992,540 992,541 993,542 993,549 995,551 995,552 996,553 994,555 960,555 959,554 847,554 846,555 789,555 788,556 787,555 768,555 767,554 715,554 710,554 709,555 640,555 639,556 639,567 639,567"/><TextEquiv index="1"><Unicode>répandu ſur toute ſa perſonne. Je vis ſon</Unicode></TextEquiv></TextLine><TextLine id="r2_l010"><Coords points="808,611 807,610 806,610 804,609 804,601 804,600 637,600 636,599 584,599 583,600 583,610 583,610 580,610 579,611 573,611 571,610 571,601 571,600 450,600 449,599 232,599 231,598 229,598 228,597 227,597 226,597 226,596 225,595 225,594 223,592 224,591 224,584 225,583 225,582 229,578 232,578 233,577 270,577 270,577 270,576 271,575 271,573 272,572 272,570 276,566 277,566 278,565 286,565 286,566 286,567 287,568 287,577 288,577 327,577 328,576 358,576 358,576 358,570 359,569 359,568 360,567 362,567 363,566 364,566 365,565 367,565 368,567 368,568 369,569 369,577 370,577 444,577 444,577 444,572 445,571 445,569 446,568 447,568 448,567 452,567 452,568 452,569 453,570 453,577 454,577 499,577 500,578 609,578 609,578 609,569 611,567 640,567 640,568 640,571 641,571 659,571 659,572 659,577 660,577 745,577 746,578 833,578 834,577 849,577 849,577 849,566 850,565 853,565 854,566 855,566 856,567 903,567 904,566 961,566 962,565 963,565 964,566 965,566 965,567 965,568 966,569 966,578 967,578 983,578 984,579 985,579 986,580 987,580 987,581 987,582 988,583 988,584 989,585 989,593 990,593 995,593 998,597 997,598 997,599 996,600 995,600 994,601 993,601 992,600 975,600 974,599 858,599 857,600 818,600 817,601 817,609 816,610 812,610 811,611"/><TextEquiv index="1"><Unicode>enfant dormir tranquillement auprès d'elle.</Unicode></TextEquiv></TextLine><TextLine id="r2_l011"><Coords points="294,656 293,656 293,645 293,644 254,644 253,645 253,651 251,653 246,653 245,652 244,652 243,651 240,651 239,650 238,650 236,649 236,648 235,647 235,646 233,643 232,643 230,641 229,641 228,640 227,640 226,639 225,639 223,638 223,636 222,635 222,624 223,623 223,622 225,620 225,619 229,615 230,615 231,614 232,614 233,613 235,613 236,612 238,612 239,611 240,612 246,612 247,613 248,613 250,615 298,615 298,615 298,614 300,612 301,612 302,611 303,611 304,610 351,610 352,611 353,611 353,612 353,613 354,613 403,613 404,612 406,612 407,611 408,611 409,612 412,612 413,613 464,613 465,612 466,612 467,611 468,613 468,617 469,618 469,623 470,623 518,623 519,622 539,622 540,623 588,623 588,623 588,616 590,614 591,614 592,613 593,613 594,612 597,612 597,613 597,616 598,617 598,623 599,623 657,623 658,622 679,622 679,622 679,616 680,615 680,614 682,612 686,612 687,613 728,613 729,614 732,614 733,615 734,615 735,616 736,616 736,617 736,618 739,621 739,623 740,623 804,623 804,623 804,616 805,615 805,614 806,613 807,613 808,612 809,613 810,613 811,615 811,623 812,623 834,623 835,622 938,622 939,621 939,619 940,618 940,617 941,616 941,615 944,612 945,612 946,611 952,611 953,612 954,612 955,614 955,623 956,623 991,623 992,624 994,624 996,627 996,635 997,636 997,640 994,643 993,643 992,644 991,644 990,645 924,645 923,644 831,644 826,644 825,645 807,645 806,644 756,644 755,645 684,645 683,646 682,646 681,645 629,645 628,646 628,647 628,647 626,645 592,645 591,644 540,644 539,645 481,645 480,646 425,646 424,645 358,645 357,646 357,653 356,654 356,655 356,655 354,655 353,656"/><TextEquiv index="1"><Unicode>Quel ſpectacle touchant! De vieux reſtes</Unicode></TextEquiv></TextLine><TextLine id="r2_l012"><Coords points="223,657 998,657 998,699 223,699"/><TextEquiv index="1"><Unicode>de femmes, venues de France, l'avoient</Unicode></TextEquiv></TextLine><TextLine id="r2_l013"><Coords points="526,745 521,741 521,736 521,735 430,735 429,736 426,736 425,735 424,735 423,734 228,734 225,732 225,731 223,729 223,728 222,727 222,723 223,722 223,721 224,720 224,719 229,714 230,714 231,713 236,713 237,712 302,712 303,711 352,711 352,712 352,713 353,713 405,713 405,713 405,705 408,702 411,702 412,701 413,702 414,702 414,703 414,714 415,714 463,714 464,713 484,713 484,713 484,705 485,704 486,704 487,703 489,703 490,702 491,702 492,701 493,701 494,702 505,702 505,703 505,704 506,705 506,713 507,713 547,713 548,712 550,712 551,713 574,713 574,713 574,705 576,703 577,703 578,702 580,702 581,704 581,705 582,706 582,713 583,713 635,713 635,713 635,709 636,708 636,706 639,703 641,703 642,702 647,702 651,707 651,708 652,709 652,713 653,713 717,713 718,712 733,712 734,713 859,713 860,712 878,712 878,712 878,704 879,703 882,703 883,702 884,702 885,701 888,701 888,702 888,711 889,711 928,711 929,712 930,712 931,713 963,713 965,716 965,717 966,718 966,724 968,725 992,725 993,726 994,726 995,728 995,731 996,732 996,734 995,735 995,736 994,737 994,738 993,739 993,740 989,744 986,744 983,742 983,736 983,735 649,735 648,736 642,736 641,735 532,735 531,736 531,743 529,745"/><TextEquiv index="1"><Unicode>couverte de reliquaire &amp; autres amulettes,</Unicode></TextEquiv></TextLine><TextLine id="r2_l014"><Coords points="877,790 875,789 875,781 875,780 807,780 806,779 771,779 755,779 754,780 747,780 746,779 713,779 693,779 692,780 545,780 544,781 544,788 543,789 542,789 541,790 532,790 531,790 531,780 531,779 482,779 481,780 427,780 426,779 340,779 339,780 336,780 335,779 289,779 288,780 284,780 283,779 225,779 224,780 223,779 222,779 221,779 221,778 220,777 221,776 221,760 223,758 224,758 225,757 225,756 226,755 226,754 227,753 227,752 230,749 230,748 231,747 232,747 234,745 236,745 237,744 239,744 240,745 249,745 249,746 249,747 250,748 250,750 251,751 251,753 252,754 252,757 253,757 308,757 309,756 321,756 322,757 376,757 377,756 422,756 423,755 423,754 424,753 424,752 425,751 425,750 427,748 428,748 429,747 430,747 431,746 437,746 438,748 438,757 439,757 466,757 467,758 529,758 530,757 568,757 568,757 568,752 570,750 571,750 572,749 596,749 597,748 600,748 601,747 614,747 615,746 616,746 617,748 617,758 618,758 666,758 666,758 666,750 667,749 670,749 672,747 675,747 675,748 675,750 676,751 676,758 677,758 704,758 705,759 763,759 764,758 775,758 776,759 825,759 825,759 825,757 826,756 826,754 827,753 827,752 828,751 828,749 831,746 832,747 833,747 833,748 833,749 834,750 834,751 835,752 835,753 836,754 836,757 837,757 851,757 852,758 916,758 916,758 916,751 917,750 917,749 919,747 938,747 938,747 938,745 939,744 942,744 943,745 944,745 944,746 944,758 945,758 975,758 976,759 977,759 978,760 979,760 980,762 980,774 981,774 988,774 989,775 990,775 990,776 990,777 991,778 989,780 988,780 987,781 955,781 954,780 888,780 887,781 887,789 886,790"/><TextEquiv index="1"><Unicode>ſûrement ſans qu'elle les en eût priées.</Unicode></TextEquiv></TextLine><TextLine id="r2_l015"><Coords points="316,838 315,838 315,835 314,833 313,833 312,833 312,827 312,826 288,826 287,825 250,825 228,825 227,826 224,826 222,825 222,797 221,796 221,794 224,791 275,791 275,792 275,801 276,801 328,801 329,802 330,802 331,803 393,803 393,803 393,794 395,792 415,792 416,791 435,791 436,792 500,792 501,791 503,791 504,793 504,796 505,797 505,802 506,802 543,802 544,803 741,803 741,803 741,795 743,793 744,793 745,792 747,792 748,791 750,791 751,793 751,803 752,803 863,803 864,802 898,802 898,802 898,800 899,799 899,798 905,792 906,792 907,791 925,791 926,792 927,792 928,794 928,803 929,803 967,803 970,806 992,806 993,808 993,810 994,811 994,821 995,822 994,823 994,826 993,827 993,831 991,833 990,833 989,834 988,834 987,835 984,835 982,834 982,826 982,825 936,825 935,824 889,824 888,825 848,825 847,826 847,835 846,836 814,836 812,835 812,826 812,825 762,825 761,824 715,824 714,825 709,825 708,826 674,826 673,827 673,830 672,831 672,832 671,833 671,834 670,835 669,835 668,836 665,836 664,837 663,837 662,836 658,836 657,835 656,835 654,834 654,832 653,831 653,827 653,826 629,826 628,825 605,825 604,824 527,824 526,825 458,825 457,826 409,826 408,827 400,827 399,826 326,826 325,827 325,833 324,834 319,834 318,835 318,838 318,838"/><TextEquiv index="1"><Unicode>Elle paroiſſoit dans une grande oppreſſion;</Unicode></TextEquiv></TextLine><TextLine id="r2_l016"><Coords points="859,882 858,882 858,870 858,869 798,869 797,870 793,870 792,871 791,871 790,870 733,870 732,871 731,870 649,870 648,871 648,879 647,880 646,880 645,881 643,881 642,880 640,880 639,880 639,870 639,869 597,869 596,870 594,870 593,871 592,871 591,870 493,870 492,871 491,870 407,870 405,872 405,881 405,881 397,881 396,880 395,880 394,880 394,872 394,871 282,871 281,872 281,879 280,880 280,881 280,881 272,881 270,880 270,871 270,870 229,870 228,871 227,870 226,870 224,869 224,855 223,854 223,838 222,837 222,836 223,835 230,835 232,838 232,839 233,840 233,842 235,844 235,846 236,847 236,848 237,848 313,848 313,848 313,841 314,840 314,839 315,838 319,838 319,839 319,840 320,841 320,849 321,849 489,849 490,848 504,848 504,848 504,839 506,837 509,837 511,840 511,846 512,846 558,846 558,846 558,840 560,838 562,838 564,836 567,836 568,837 579,837 579,838 579,839 580,840 580,848 581,848 591,848 592,849 598,849 599,850 642,850 643,849 644,849 645,848 646,848 647,849 730,849 731,848 758,848 759,849 806,849 807,848 979,848 979,849 979,850 980,850 982,850 983,852 983,865 984,865 991,865 992,867 992,870 990,872 987,872 986,871 942,871 941,870 917,870 916,869 868,869 867,870 865,870 864,871 864,882 864,882"/><TextEquiv index="1"><Unicode>à peine pouvoit-elle prononcer un mot.</Unicode></TextEquiv></TextLine><TextLine id="r2_l017"><Coords points="273,926 272,926 272,925 271,924 271,917 271,916 260,916 259,915 233,915 232,914 230,914 229,913 228,913 224,910 224,908 223,907 223,906 221,904 221,899 222,898 222,897 223,896 223,892 228,887 229,887 231,885 232,885 233,884 235,884 236,883 245,883 246,884 248,884 250,887 250,893 251,893 345,893 345,893 345,885 346,884 347,884 348,883 350,883 351,882 353,882 353,883 353,888 354,889 354,894 355,894 404,894 405,893 448,893 448,893 448,888 449,887 449,886 450,885 453,885 455,883 470,883 470,884 470,886 471,887 471,892 472,893 472,894 473,894 524,894 524,894 524,884 525,883 526,883 527,882 528,882 529,881 563,881 564,882 586,882 587,883 588,883 589,885 589,892 590,892 638,892 638,892 638,884 639,883 640,883 641,882 642,882 643,881 645,881 646,883 646,884 647,884 654,884 655,885 658,885 658,886 658,888 659,889 659,893 660,893 697,893 698,894 774,894 775,893 789,893 789,893 789,886 790,885 790,884 791,883 795,883 796,885 796,893 797,893 856,893 856,893 856,888 857,887 857,884 859,882 906,882 907,884 907,894 908,894 939,894 939,894 939,893 941,891 942,891 943,892 953,892 954,893 955,893 956,894 960,894 961,895 962,895 963,896 990,896 993,900 992,901 992,914 989,917 987,917 986,916 985,916 984,915 891,915 890,916 889,915 716,915 715,916 714,916 713,915 486,915 485,916 473,916 472,917 441,917 440,916 283,916 282,917 282,924 280,926"/><TextEquiv index="1"><Unicode>Cependant elle diſoit d'une voix éteinte:</Unicode></TextEquiv></TextLine><TextLine id="r2_l018"><Coords points="508,974 508,962 508,961 462,961 461,962 461,963 459,965 459,966 457,968 456,968 455,969 452,969 450,968 450,962 450,961 383,961 382,962 380,962 379,961 285,961 284,960 268,960 267,959 238,959 237,958 236,958 228,951 228,949 233,944 234,944 238,940 238,939 240,937 246,937 248,935 266,935 266,935 266,930 267,929 289,929 290,930 292,930 293,931 294,931 299,937 299,939 300,939 394,939 394,939 394,933 395,932 395,930 397,928 399,928 400,929 401,929 401,930 401,931 402,932 402,939 403,939 435,939 436,940 482,940 484,938 484,936 485,935 485,934 486,933 486,932 489,929 490,929 491,928 493,928 494,927 498,927 499,928 500,928 501,929 527,929 528,931 528,939 529,939 603,939 604,938 656,938 657,939 679,939 679,939 679,932 680,931 680,930 682,928 722,928 723,927 726,927 726,928 726,930 727,931 727,932 728,933 728,938 729,938 800,938 801,937 814,937 814,937 814,929 816,927 819,927 820,929 820,938 821,938 878,938 878,938 878,936 879,935 879,932 880,931 880,930 881,929 882,929 885,926 889,926 891,928 892,928 892,929 892,930 894,932 894,934 895,935 895,937 896,937 907,937 909,939 973,939 974,938 975,939 977,939 978,940 979,940 979,941 979,942 980,943 980,949 981,949 995,949 996,951 996,953 995,954 995,955 994,956 983,956 982,957 982,959 981,960 956,960 955,961 948,961 947,960 862,960 861,961 861,963 860,964 860,965 860,965 859,965 857,967 855,967 854,968 852,967 852,966 851,965 851,961 851,960 815,960 814,959 779,959 746,959 745,960 686,960 685,961 668,961 667,960 588,960 587,961 587,972 587,972 583,972 582,971 572,971 570,970 570,962 570,961 527,961 526,962 526,963 525,964 525,965 524,966 524,967 522,969 522,970 522,970 521,970 519,969 519,962 519,961 510,961 509,962 509,974 509,974"/><TextEquiv index="1"><Unicode>Du moins, ſi je pouvois le voir, &amp; ren-</Unicode></TextEquiv></TextLine><TextLine id="r2_l019"><Coords points="627,1016 626,1015 625,1015 624,1015 624,1006 624,1005 529,1005 528,1006 461,1006 460,1007 432,1007 431,1006 299,1006 298,1005 231,1005 230,1006 228,1006 227,1007 226,1007 224,1006 224,986 225,985 225,984 226,983 236,983 237,982 262,982 262,982 262,974 263,973 267,973 268,972 271,972 272,974 272,984 273,984 290,984 291,985 345,985 346,984 434,984 434,984 434,976 437,973 442,973 442,974 442,985 443,985 505,985 505,985 505,976 507,974 509,974 510,973 511,974 512,974 512,975 512,976 513,977 513,984 514,984 539,984 540,983 573,983 573,983 573,982 574,981 574,980 575,979 575,978 576,977 576,976 578,974 579,974 581,972 589,972 589,973 589,976 590,977 590,983 591,983 649,983 649,983 649,977 650,976 650,974 652,972 654,972 656,975 656,984 657,984 703,984 703,984 703,975 705,973 706,973 707,972 709,972 710,971 712,971 713,973 713,983 714,983 793,983 793,983 793,979 794,978 794,977 799,972 804,972 805,971 806,972 807,972 807,973 807,983 808,983 867,983 867,983 867,982 868,981 868,980 869,979 869,978 870,977 870,976 872,974 873,974 876,971 883,971 884,972 944,972 945,971 946,971 947,970 949,970 951,973 951,985 952,985 978,985 978,986 978,988 980,989 986,989 987,990 988,990 989,992 989,994 988,995 988,996 987,997 987,998 985,1000 983,1000 980,1003 980,1004 979,1005 973,1005 972,1006 971,1006 970,1007 969,1007 968,1008 967,1007 966,1007 965,1006 946,1006 945,1005 885,1005 884,1004 800,1004 799,1005 718,1005 717,1004 671,1004 670,1005 638,1005 637,1006 637,1015 636,1016"/><TextEquiv index="1"><Unicode>“dre mon dernier ſoupir dans ſon ſein!“</Unicode></TextEquiv></TextLine><TextLine id="r2_l020"><Coords points="358,1062 357,1061 356,1061 354,1060 354,1051 354,1050 266,1050 265,1051 223,1051 222,1050 221,1050 220,1050 220,1049 219,1048 219,1043 222,1040 225,1040 225,1040 225,1019 226,1018 266,1018 267,1017 267,1016 268,1015 271,1015 272,1017 272,1018 273,1018 312,1018 313,1020 313,1021 314,1022 314,1029 315,1029 378,1029 378,1029 378,1023 379,1022 379,1021 381,1019 383,1019 384,1018 386,1018 387,1020 387,1029 388,1029 407,1029 408,1030 526,1030 527,1029 537,1029 537,1029 537,1022 539,1020 540,1020 541,1019 543,1019 544,1018 565,1018 566,1017 569,1017 569,1018 569,1019 570,1019 588,1019 588,1020 588,1021 589,1022 589,1028 590,1028 658,1028 658,1028 658,1027 659,1026 659,1023 660,1022 660,1021 661,1020 687,1020 688,1019 689,1019 690,1018 691,1018 693,1016 695,1016 696,1017 708,1017 709,1019 709,1029 710,1029 767,1029 767,1029 767,1027 770,1024 770,1023 771,1022 772,1022 774,1020 775,1020 776,1019 786,1019 787,1020 790,1020 795,1026 795,1027 796,1027 848,1027 848,1027 848,1019 849,1018 850,1018 851,1017 852,1017 853,1016 857,1016 858,1017 952,1017 953,1019 953,1020 954,1021 954,1028 955,1028 965,1028 966,1029 967,1029 969,1031 970,1031 971,1032 992,1032 993,1033 994,1033 994,1034 994,1035 995,1036 995,1037 993,1039 993,1051 992,1052 991,1052 990,1053 988,1053 986,1051 947,1051 946,1050 889,1050 888,1049 789,1049 788,1050 787,1050 786,1051 780,1051 779,1052 778,1051 680,1051 679,1050 637,1050 636,1051 636,1060 635,1061 627,1061 626,1060 625,1060 624,1060 624,1052 624,1051 575,1051 574,1052 574,1057 572,1059 570,1058 570,1056 570,1055 567,1055 565,1054 565,1052 565,1051 465,1051 464,1050 418,1050 417,1051 369,1051 368,1052 368,1060 368,1060 367,1060 366,1061 365,1061 364,1062"/><TextEquiv index="1"><Unicode>J'étois plus accablé qu'elle. On lui dit:</Unicode></TextEquiv></TextLine><TextLine id="r2_l021"><Coords points="821,1106 819,1105 819,1104 818,1103 818,1097 818,1096 754,1096 753,1095 702,1095 701,1096 657,1096 656,1095 567,1095 566,1096 524,1096 523,1095 459,1095 458,1096 370,1096 369,1097 368,1096 367,1096 366,1095 306,1095 305,1096 285,1096 284,1095 252,1095 227,1095 226,1096 223,1094 223,1092 225,1090 226,1090 227,1089 228,1089 228,1089 228,1086 229,1085 229,1081 230,1080 230,1065 232,1063 233,1063 234,1062 245,1062 245,1063 245,1064 246,1065 246,1074 247,1074 325,1074 325,1074 325,1067 326,1066 326,1065 328,1063 339,1063 340,1062 342,1062 344,1064 420,1064 420,1065 420,1074 421,1074 479,1074 480,1073 480,1070 481,1069 481,1068 483,1066 483,1065 485,1063 486,1063 487,1062 552,1062 552,1063 552,1074 553,1074 617,1074 618,1073 653,1073 653,1073 653,1066 654,1065 655,1065 656,1064 657,1064 658,1063 662,1063 662,1064 662,1073 663,1073 737,1073 737,1073 737,1072 738,1071 738,1069 739,1068 739,1067 741,1065 742,1065 745,1062 746,1062 747,1061 752,1061 753,1063 753,1064 754,1065 754,1073 755,1073 807,1073 807,1073 807,1070 808,1069 808,1066 809,1065 809,1062 810,1061 810,1060 811,1059 816,1059 816,1060 816,1073 817,1073 893,1073 893,1073 893,1064 894,1063 896,1063 897,1062 898,1062 899,1061 902,1061 903,1062 953,1062 954,1061 959,1061 960,1062 961,1062 961,1063 961,1064 962,1065 962,1074 963,1074 970,1074 971,1075 993,1075 994,1076 995,1076 996,1078 996,1082 995,1083 993,1083 992,1084 992,1094 991,1095 991,1096 990,1097 980,1097 979,1096 963,1096 962,1095 831,1095 830,1096 830,1104 829,1105 828,1105 827,1106"/><TextEquiv index="1"><Unicode>Le voilà. Une foible couleur ſe répandit ſur</Unicode></TextEquiv></TextLine><TextLine id="r2_l022"><Coords points="696,1152 695,1151 694,1151 693,1151 693,1150 692,1149 692,1141 692,1140 655,1140 654,1141 649,1141 648,1140 511,1140 510,1141 426,1141 425,1142 424,1142 423,1141 386,1141 385,1140 331,1140 330,1141 311,1141 310,1140 247,1140 246,1141 245,1141 244,1140 222,1140 220,1139 220,1121 222,1119 224,1119 224,1119 224,1118 225,1117 225,1114 231,1108 232,1108 234,1106 239,1106 240,1107 241,1107 242,1109 242,1118 243,1118 295,1118 296,1117 323,1117 323,1117 323,1112 324,1111 324,1108 325,1107 328,1107 329,1108 330,1108 330,1109 330,1118 331,1118 362,1118 363,1117 364,1117 365,1119 365,1120 366,1120 420,1120 421,1119 430,1119 430,1119 430,1111 431,1110 432,1110 433,1109 434,1109 435,1108 436,1108 437,1107 497,1107 498,1106 505,1106 506,1107 550,1107 550,1108 550,1118 551,1118 631,1118 632,1117 632,1115 633,1114 633,1113 638,1108 639,1108 640,1107 642,1107 643,1106 646,1106 647,1107 648,1107 648,1108 648,1109 649,1110 649,1119 650,1119 748,1119 749,1118 751,1118 752,1119 815,1119 816,1118 881,1118 881,1118 881,1116 883,1114 883,1113 884,1112 884,1111 887,1108 888,1108 890,1106 897,1106 897,1107 897,1108 898,1108 947,1108 948,1110 948,1119 949,1119 961,1119 962,1120 963,1120 964,1122 964,1123 965,1124 965,1133 966,1133 988,1133 989,1134 990,1134 991,1136 991,1137 992,1138 992,1140 993,1141 992,1142 992,1143 991,1144 991,1145 990,1146 990,1147 987,1150 984,1150 983,1149 982,1149 980,1148 980,1144 980,1143 968,1143 967,1143 967,1141 967,1140 847,1140 846,1141 846,1149 845,1150 843,1150 842,1151 814,1151 812,1150 812,1141 812,1140 763,1140 762,1141 759,1141 758,1140 706,1140 704,1142 704,1144 703,1145 703,1148 700,1151 698,1151 697,1152"/><TextEquiv index="1"><Unicode>ſon teint: elle ſouleva ſes yeux appeſantis,</Unicode></TextEquiv></TextLine><TextLine id="r2_l023"><Coords points="830,1197 829,1196 828,1196 827,1195 826,1195 825,1195 825,1194 824,1193 824,1187 824,1186 482,1186 449,1186 448,1187 448,1188 446,1190 446,1191 444,1193 443,1193 442,1194 321,1194 319,1196 319,1197 319,1197 291,1197 290,1196 289,1196 288,1196 288,1188 288,1187 225,1187 223,1186 223,1185 222,1184 222,1171 221,1170 222,1169 222,1167 223,1166 225,1166 226,1165 234,1165 235,1164 236,1164 237,1163 259,1163 259,1163 259,1157 262,1154 263,1155 266,1155 268,1158 268,1161 269,1162 269,1163 270,1163 474,1163 474,1163 474,1158 476,1156 476,1155 478,1153 479,1153 480,1152 604,1152 605,1151 677,1151 678,1152 680,1152 681,1154 681,1155 682,1156 682,1163 683,1163 891,1163 891,1163 891,1155 893,1153 894,1153 895,1152 899,1152 899,1153 899,1155 900,1156 900,1162 901,1162 926,1162 928,1164 943,1164 944,1165 970,1165 971,1167 971,1171 972,1171 994,1171 995,1173 995,1176 996,1177 996,1179 995,1180 995,1181 995,1181 990,1181 989,1182 974,1182 973,1183 973,1185 972,1186 844,1186 843,1187 843,1190 842,1191 842,1192 840,1194 840,1195 840,1195 839,1195 838,1196 835,1196 834,1197"/><TextEquiv index="1"><Unicode>m'appercut, &amp; m'adreſſa un regard tou-</Unicode></TextEquiv></TextLine><TextLine id="r2_l024"><Coords points="815,1243 814,1243 814,1242 814,1241 762,1241 761,1242 760,1241 759,1241 758,1241 758,1240 757,1239 757,1232 757,1231 642,1231 641,1232 641,1240 639,1242 631,1242 630,1241 629,1241 628,1241 628,1239 628,1238 594,1238 593,1238 593,1232 593,1231 464,1231 463,1232 404,1232 403,1231 345,1231 344,1232 343,1232 342,1233 339,1233 338,1232 230,1232 229,1231 227,1231 226,1230 225,1230 224,1230 224,1229 223,1228 223,1227 222,1226 222,1225 220,1223 221,1222 221,1216 224,1213 225,1213 226,1212 227,1212 228,1211 229,1211 230,1210 240,1210 240,1210 240,1202 242,1200 244,1200 246,1198 248,1198 248,1199 248,1202 249,1203 249,1209 250,1209 330,1209 330,1209 330,1205 331,1204 331,1203 332,1202 332,1201 334,1199 336,1199 337,1198 392,1198 392,1199 392,1200 393,1200 443,1200 444,1199 445,1199 446,1198 447,1200 447,1206 448,1207 448,1210 449,1210 517,1210 518,1209 569,1209 570,1208 572,1208 573,1210 573,1212 574,1212 622,1212 624,1210 625,1210 626,1209 628,1209 629,1208 665,1208 665,1208 665,1202 666,1201 666,1200 668,1198 670,1198 671,1200 671,1201 672,1202 672,1209 673,1209 769,1209 770,1208 870,1208 870,1208 870,1201 872,1199 912,1199 914,1197 915,1197 916,1196 923,1196 924,1198 924,1201 925,1201 976,1201 976,1201 976,1200 977,1199 977,1198 978,1197 981,1197 983,1200 983,1201 984,1202 984,1204 985,1205 985,1207 986,1208 986,1211 988,1212 989,1212 990,1214 990,1219 991,1220 991,1227 992,1227 994,1227 994,1228 994,1229 995,1230 992,1233 989,1233 988,1232 939,1232 938,1233 938,1240 938,1240 937,1240 936,1241 928,1241 926,1240 926,1231 926,1230 877,1230 875,1232 875,1234 871,1238 870,1238 868,1236 821,1236 820,1237 820,1242 819,1243"/><TextEquiv index="1"><Unicode>chant &amp; douloureux, qui me perca juſqu'à</Unicode></TextEquiv></TextLine><TextLine id="r2_l025"><Coords points="543,1288 542,1288 542,1277 542,1276 507,1276 506,1277 503,1277 502,1278 489,1278 488,1279 488,1280 487,1281 487,1282 485,1284 485,1285 484,1286 483,1286 482,1287 480,1286 480,1278 480,1277 435,1277 434,1278 432,1278 431,1277 348,1277 347,1278 278,1278 277,1277 228,1277 227,1278 225,1278 224,1277 222,1277 221,1276 217,1276 216,1276 218,1274 219,1274 219,1274 219,1248 220,1247 220,1245 221,1244 224,1244 225,1243 227,1243 228,1242 229,1242 230,1244 230,1246 231,1246 241,1246 242,1247 243,1247 243,1248 243,1249 244,1250 244,1255 245,1255 345,1255 345,1255 345,1248 346,1247 346,1246 347,1245 360,1245 361,1247 361,1255 362,1255 438,1255 438,1255 438,1247 441,1244 490,1244 490,1245 490,1247 491,1248 491,1255 492,1255 526,1255 527,1254 533,1254 534,1253 537,1253 538,1254 581,1254 581,1254 581,1246 583,1244 584,1244 585,1243 586,1243 587,1242 588,1242 589,1244 589,1245 590,1245 601,1245 603,1248 603,1251 604,1252 604,1254 605,1254 667,1254 667,1254 667,1244 668,1243 672,1243 673,1245 673,1254 674,1254 713,1254 714,1253 715,1253 716,1252 717,1252 718,1253 811,1253 811,1253 811,1251 812,1250 812,1249 813,1248 813,1245 815,1243 867,1243 869,1241 875,1241 876,1242 877,1242 879,1244 945,1244 946,1243 961,1243 962,1245 962,1250 963,1251 963,1255 964,1255 978,1255 979,1256 983,1256 985,1259 985,1260 986,1261 986,1270 987,1270 992,1270 993,1271 995,1271 995,1272 995,1276 993,1278 990,1278 989,1277 973,1277 972,1276 903,1276 902,1275 836,1275 835,1276 832,1276 831,1275 750,1275 749,1276 715,1276 714,1275 635,1275 634,1276 622,1276 621,1277 619,1277 618,1276 607,1276 606,1275 560,1275 559,1276 551,1276 550,1277 550,1288 550,1288"/><TextEquiv index="1"><Unicode>l'ame. Jamais je ne l'avois trouvée ſi belle.</Unicode></TextEquiv></TextLine><TextLine id="r2_l026"><Coords points="474,1334 473,1334 473,1323 473,1322 391,1322 390,1323 390,1331 389,1332 380,1332 378,1331 378,1322 378,1321 357,1321 356,1320 306,1320 305,1321 302,1321 301,1322 299,1322 298,1321 296,1321 295,1320 234,1320 233,1321 229,1321 228,1322 226,1322 225,1321 223,1321 219,1318 219,1313 222,1310 229,1310 229,1310 229,1295 229,1294 228,1294 227,1294 227,1293 226,1292 226,1291 228,1289 270,1289 271,1288 272,1288 273,1287 274,1287 275,1288 285,1288 287,1291 287,1300 288,1300 342,1300 342,1300 342,1291 344,1289 345,1289 346,1288 349,1288 350,1287 385,1287 386,1289 386,1299 387,1299 393,1299 394,1300 465,1300 466,1299 505,1299 505,1299 505,1291 506,1290 507,1290 508,1289 509,1289 510,1288 549,1288 549,1289 549,1300 550,1300 578,1300 579,1299 639,1299 640,1300 694,1300 695,1299 747,1299 748,1300 794,1300 794,1300 794,1292 795,1291 795,1290 796,1289 797,1289 798,1288 810,1288 811,1289 816,1289 817,1290 819,1290 819,1291 819,1293 820,1294 820,1296 821,1297 821,1298 822,1298 866,1298 866,1298 866,1290 868,1288 870,1288 871,1287 872,1287 873,1286 874,1287 876,1287 876,1288 876,1290 877,1291 877,1298 878,1298 915,1298 916,1299 938,1299 939,1300 960,1300 961,1301 962,1301 962,1302 963,1303 963,1304 964,1305 964,1307 965,1308 965,1313 966,1313 989,1313 990,1314 991,1314 992,1316 992,1317 993,1318 993,1319 994,1320 993,1321 993,1323 992,1324 992,1325 991,1326 991,1327 989,1329 988,1329 987,1330 983,1330 981,1329 981,1323 981,1322 953,1322 952,1321 929,1321 928,1320 839,1320 838,1321 533,1321 532,1322 480,1322 479,1323 479,1334 479,1334"/><TextEquiv index="1"><Unicode>Julie diſparut de mon cœur. Pardonne,</Unicode></TextEquiv></TextLine><TextLine id="r2_l027"><Coords points="350,1378 349,1378 349,1366 349,1365 306,1365 304,1367 302,1367 301,1366 222,1366 219,1364 219,1349 220,1348 220,1347 222,1345 224,1345 225,1344 225,1342 226,1341 226,1340 227,1339 228,1339 228,1340 228,1344 229,1344 300,1344 300,1344 300,1336 302,1334 342,1334 343,1333 344,1333 345,1332 347,1332 348,1333 359,1333 360,1335 360,1343 361,1343 374,1343 375,1344 378,1344 379,1345 380,1345 381,1347 381,1348 382,1349 382,1358 383,1358 438,1358 438,1358 438,1351 439,1350 439,1349 440,1348 441,1348 441,1348 441,1342 442,1341 442,1339 445,1336 472,1336 474,1334 521,1334 522,1336 522,1345 523,1345 562,1345 564,1343 566,1343 567,1344 618,1344 619,1343 642,1343 642,1343 642,1333 643,1332 694,1332 696,1334 758,1334 758,1334 758,1333 759,1332 762,1332 764,1335 764,1336 765,1337 765,1338 766,1339 766,1341 767,1342 767,1344 768,1344 835,1344 836,1343 868,1343 868,1343 868,1336 869,1335 869,1334 870,1333 909,1333 910,1335 910,1336 911,1337 911,1343 912,1343 928,1343 929,1344 972,1344 973,1345 974,1345 975,1346 976,1346 977,1348 977,1361 978,1361 988,1361 989,1363 989,1364 988,1365 988,1366 987,1367 983,1367 982,1366 944,1366 943,1365 872,1365 871,1366 870,1365 798,1365 797,1366 760,1366 759,1365 712,1365 709,1365 708,1366 659,1366 658,1367 645,1367 644,1366 596,1366 566,1366 565,1367 474,1367 473,1368 447,1368 446,1369 446,1370 445,1371 445,1372 443,1374 443,1375 442,1376 440,1376 439,1376 439,1375 439,1374 404,1374 402,1373 402,1367 402,1366 356,1366 355,1367 355,1377 354,1378"/><TextEquiv index="1"><Unicode>ma Julie, j'étois tout-à-fait à ma Ninon.</Unicode></TextEquiv></TextLine><TextLine id="r2_l028"><Coords points="963,1424 962,1424 962,1412 962,1411 650,1411 649,1412 625,1412 624,1413 624,1417 620,1421 619,1421 618,1422 615,1422 614,1423 609,1423 608,1422 607,1422 603,1419 603,1415 603,1414 223,1414 222,1413 221,1413 220,1413 220,1411 219,1410 219,1384 218,1383 219,1382 219,1381 220,1380 221,1380 222,1379 253,1379 254,1378 256,1378 257,1377 827,1377 828,1376 843,1376 844,1377 845,1377 846,1378 954,1378 955,1380 955,1403 956,1403 988,1403 989,1404 990,1404 991,1406 991,1408 993,1410 990,1413 990,1414 985,1419 981,1419 980,1419 980,1418 979,1417 979,1412 979,1411 968,1411 967,1412 967,1424 967,1424"/><TextEquiv index="1"><Unicode>Elle détourna ſon regard de deſſus moi,</Unicode></TextEquiv></TextLine><TextLine id="r2_l029"><Coords points="224,1468 220,1465 220,1463 222,1461 222,1441 222,1440 221,1440 218,1438 219,1437 219,1436 221,1434 225,1434 226,1433 236,1433 237,1434 322,1434 322,1434 322,1427 323,1426 323,1425 324,1424 325,1424 327,1422 330,1422 331,1423 381,1423 382,1422 387,1422 389,1425 389,1435 390,1435 439,1435 440,1434 466,1434 466,1434 466,1433 467,1432 467,1431 470,1428 471,1428 471,1428 471,1426 473,1424 474,1424 475,1423 481,1423 483,1426 483,1434 484,1434 530,1434 530,1434 530,1433 532,1431 532,1430 533,1429 533,1428 539,1422 540,1422 541,1421 545,1421 546,1422 547,1422 547,1423 547,1433 548,1433 574,1433 575,1434 644,1434 645,1433 645,1429 651,1423 652,1423 653,1422 658,1422 659,1423 660,1423 660,1424 660,1434 661,1434 700,1434 700,1434 700,1433 701,1432 742,1432 742,1432 742,1426 743,1425 745,1425 746,1424 770,1424 771,1426 771,1433 772,1433 814,1433 815,1434 883,1434 884,1433 916,1433 918,1431 921,1431 921,1432 921,1433 922,1433 961,1433 961,1433 961,1428 962,1427 962,1425 963,1424 968,1424 968,1425 968,1432 969,1432 984,1432 986,1434 987,1434 988,1435 989,1435 989,1436 989,1452 990,1453 988,1455 984,1455 983,1456 982,1455 879,1455 878,1456 854,1456 853,1457 848,1457 847,1456 846,1456 845,1455 789,1455 788,1456 751,1456 750,1457 659,1457 658,1456 473,1456 472,1457 396,1457 395,1458 394,1457 383,1457 382,1456 325,1456 324,1455 255,1455 254,1456 235,1456 234,1457 234,1465 233,1466 229,1466 228,1467 227,1467 226,1468"/><TextEquiv index="1"><Unicode>pour le fixer ſur ſon enfant. Nouveau trait</Unicode></TextEquiv></TextLine><TextLine id="r2_l030"><Coords points="480,1514 479,1513 478,1513 476,1512 476,1504 476,1503 432,1503 431,1502 246,1502 245,1503 245,1510 244,1511 244,1512 244,1512 234,1512 232,1511 232,1502 232,1501 229,1501 228,1500 227,1500 225,1498 224,1498 223,1498 222,1497 222,1496 220,1494 221,1493 221,1485 222,1484 222,1483 223,1482 224,1481 225,1481 227,1479 267,1479 267,1479 267,1471 269,1469 300,1469 301,1468 302,1468 303,1467 304,1467 305,1469 305,1479 306,1479 416,1479 416,1479 416,1471 417,1470 418,1470 419,1469 420,1469 421,1468 424,1468 425,1469 435,1469 436,1470 437,1470 437,1471 437,1479 438,1479 448,1479 449,1480 498,1480 498,1480 498,1472 500,1470 501,1470 502,1469 503,1469 505,1467 506,1467 507,1468 508,1468 508,1469 508,1479 509,1479 571,1479 572,1478 639,1478 639,1478 639,1473 641,1471 642,1471 644,1469 645,1469 646,1468 647,1469 648,1469 648,1470 648,1479 649,1479 708,1479 709,1478 724,1478 724,1478 724,1477 725,1476 758,1476 758,1476 758,1468 760,1466 761,1467 763,1467 764,1469 764,1470 766,1472 766,1474 768,1476 768,1478 769,1478 826,1478 827,1479 911,1479 912,1478 935,1478 936,1477 979,1477 979,1477 979,1471 980,1470 980,1469 981,1468 987,1468 987,1469 987,1474 988,1475 988,1499 987,1500 987,1501 986,1502 984,1502 982,1500 895,1500 894,1501 894,1502 893,1503 893,1504 892,1505 892,1507 891,1508 891,1509 889,1511 883,1511 881,1510 881,1509 880,1508 880,1503 880,1502 842,1502 841,1501 777,1501 776,1502 632,1502 631,1501 562,1501 561,1502 561,1508 560,1509 559,1509 558,1509 558,1502 558,1501 541,1501 540,1502 492,1502 491,1503 489,1503 488,1504 488,1511 487,1512 487,1513 487,1513 484,1513 483,1514"/><TextEquiv index="1"><Unicode>qui la rendit plus touchante à mes yeux!</Unicode></TextEquiv></TextLine><TextLine id="r2_l031"><Coords points="454,1560 453,1559 452,1559 448,1556 448,1549 448,1548 417,1548 416,1547 383,1547 382,1548 382,1560 382,1560 379,1560 378,1560 378,1548 378,1547 230,1547 229,1548 227,1548 226,1549 226,1550 225,1551 223,1550 223,1547 221,1545 221,1544 220,1543 220,1542 221,1541 221,1537 222,1536 226,1536 226,1536 226,1516 228,1514 232,1514 233,1515 242,1515 243,1517 243,1523 244,1523 284,1523 285,1524 286,1524 287,1525 343,1525 343,1525 343,1518 345,1516 347,1516 348,1515 350,1515 351,1514 412,1514 413,1513 416,1513 418,1516 418,1517 419,1518 419,1520 421,1522 421,1525 422,1525 543,1525 544,1524 573,1524 574,1525 626,1525 627,1524 628,1524 629,1525 680,1525 680,1525 680,1515 682,1513 685,1513 687,1516 687,1518 688,1519 688,1522 690,1524 690,1525 691,1525 735,1525 735,1525 735,1516 736,1515 737,1515 738,1514 739,1514 740,1513 744,1513 745,1515 745,1521 746,1521 791,1521 791,1521 791,1520 792,1519 792,1518 796,1514 797,1514 799,1512 804,1512 806,1515 806,1523 807,1523 859,1523 859,1523 859,1516 862,1513 863,1513 864,1512 865,1512 866,1513 876,1513 877,1515 877,1523 878,1523 887,1523 888,1524 935,1524 936,1523 944,1523 944,1523 944,1515 945,1514 946,1514 947,1513 949,1513 950,1512 951,1512 952,1511 953,1511 954,1512 967,1512 967,1513 967,1523 968,1523 985,1523 987,1526 987,1532 988,1533 988,1541 984,1545 983,1545 982,1546 978,1546 977,1545 931,1545 930,1546 930,1558 930,1558 928,1558 927,1558 927,1546 927,1545 915,1545 914,1546 914,1548 913,1549 913,1550 910,1553 909,1553 908,1554 907,1554 906,1555 903,1553 903,1547 903,1546 859,1546 858,1545 812,1545 811,1546 762,1546 761,1547 755,1547 754,1546 703,1546 702,1547 688,1547 687,1548 650,1548 649,1549 649,1557 648,1558 638,1558 636,1557 636,1548 636,1547 609,1547 608,1546 560,1546 559,1547 483,1547 482,1548 469,1548 468,1549 468,1554 464,1558 463,1558 462,1559 457,1559 456,1560"/><TextEquiv index="1"><Unicode>Je tombai à genoux auprès de ſon lit; elle</Unicode></TextEquiv></TextLine><TextLine id="r2_l032"><Coords points="420,1602 416,1599 416,1595 416,1594 390,1594 389,1593 379,1593 378,1592 327,1592 325,1594 321,1594 320,1595 320,1596 320,1596 319,1596 318,1597 317,1596 316,1596 315,1596 315,1595 315,1594 305,1594 303,1592 264,1592 263,1591 225,1591 224,1592 217,1592 216,1593 215,1593 214,1593 214,1591 216,1589 218,1589 218,1589 218,1587 219,1586 219,1572 220,1571 222,1571 223,1570 224,1570 225,1569 232,1569 233,1568 246,1568 247,1569 265,1569 266,1570 304,1570 306,1568 307,1569 362,1569 362,1569 362,1562 365,1559 366,1559 367,1558 370,1558 372,1560 383,1560 384,1562 384,1569 385,1569 395,1569 397,1571 399,1571 399,1572 399,1573 400,1574 400,1583 401,1583 458,1583 458,1583 458,1576 459,1575 459,1574 461,1572 462,1572 463,1571 526,1571 527,1570 579,1570 579,1570 579,1568 580,1567 580,1566 581,1565 581,1564 582,1563 582,1562 583,1561 583,1560 584,1559 585,1559 586,1558 589,1558 590,1557 603,1557 604,1558 605,1558 606,1560 606,1570 607,1570 639,1570 640,1569 642,1569 644,1571 646,1571 647,1573 647,1583 648,1583 708,1583 708,1583 708,1573 710,1571 711,1571 712,1570 712,1569 713,1568 713,1566 714,1565 714,1564 715,1563 715,1562 717,1560 718,1560 719,1559 720,1559 721,1558 722,1558 723,1557 724,1557 725,1558 727,1558 728,1560 728,1561 729,1561 767,1561 769,1559 809,1559 810,1558 811,1558 812,1557 823,1557 824,1556 825,1556 826,1557 827,1557 827,1558 827,1560 828,1561 828,1569 829,1569 840,1569 841,1570 879,1570 880,1569 894,1569 895,1568 925,1568 925,1568 925,1562 926,1561 926,1559 927,1558 931,1558 932,1560 932,1567 933,1567 949,1567 950,1568 951,1568 952,1569 953,1569 954,1571 954,1578 955,1579 955,1580 956,1580 984,1580 986,1583 986,1587 987,1588 986,1589 986,1591 983,1594 983,1595 983,1595 982,1596 979,1596 978,1597 976,1597 974,1596 974,1590 974,1589 941,1589 940,1590 929,1590 928,1591 912,1591 911,1592 844,1592 843,1593 772,1593 771,1594 767,1594 766,1595 765,1595 764,1595 764,1594 764,1593 726,1593 724,1595 722,1595 721,1595 721,1594 721,1593 680,1593 678,1595 678,1596 675,1599 674,1599 673,1600 670,1600 669,1600 669,1595 669,1594 639,1594 638,1594 638,1593 638,1592 596,1592 595,1593 576,1593 575,1592 514,1592 512,1594 507,1594 506,1595 506,1596 505,1597 503,1596 503,1595 503,1594 464,1594 463,1595 426,1595 425,1596 425,1597 421,1601 421,1602 421,1602"/><TextEquiv index="1"><Unicode>me tendit, avec effort, ſa belle main,</Unicode></TextEquiv></TextLine></TextRegion><ImageRegion id="r3"><Coords points="409,96 407,97 406,97 405,98 373,98 371,99 371,103 369,105 347,105 346,106 346,118 347,119 348,119 349,120 349,125 346,128 346,137 347,139 348,139 349,140 384,140 385,139 456,139 457,140 575,140 577,139 594,139 595,140 637,140 638,139 640,139 641,140 684,140 685,139 732,139 733,140 867,140 869,139 871,139 873,136 873,126 871,126 870,125 870,120 871,119 871,108 870,107 870,106 867,104 866,104 865,103 830,103 829,104 827,104 826,105 825,105 823,104 820,104 819,103 771,103 770,104 731,104 730,105 726,105 725,104 542,104 541,103 447,103 444,100 444,99 443,98 443,96"/></ImageRegion></Page></PcGts>