1116 1854
847 110 913 147 me.
706 1595 779 1640 Lla
106 146 950 205 anche comme l'albâtre. Je manquai de
106 202 949 251 m'évanouir en la baiſant, en l'arroſant de
106 247 949 297 mes larmes; & je reſtai long-temps la bou-
106 292 949 358 che collée ſur cette chere main, le cœur
106 335 590 386 abymé dans ma douleur.
106 370 949 433 Enfin, elle pouſſa un profond ſoupir,
106 420 949 477 & dit: „Ah! les cruels, comme ils m'ont
106 472 949 520 “traitée!“ Sa maladie étoit le crime des
106 517 949 566 médecins de cour. Elle n'avoit eu d'abord
106 564 949 613 qu'un léger rhume. Les malheureux, pour
105 609 949 658 faire accroire qu'ils l'avoient ſauvée d'une
105 654 948 704 grande maladie, lui en avoient donné une
105 701 948 747 mortelle. Ils l'avoient affoiblie par une diete
105 745 948 801 cruelle, par des drognes inſoutenables, &
105 790 948 838 des ſaignées redoublées. Enfin ils lui avoient
105 835 948 883 ouvert l'artere en la ſaignant: alors ils
105 880 948 928 s'étoient troublés. Avant qu'ils euſſent pu
105 924 948 974 arrêter le ſang, elle avoit déja perdu tout
105 971 948 1019 ce qui lui en reſtoit. Pour comble de mal-
105 1016 948 1064 heur, l'inflammation s'étoit miſe à ſa poi-
104 1063 948 1110 trine; & les ſcélérats qui pour la ramener
104 1106 947 1157 par degrés à la vie, l'avoient plongée dans
104 1153 947 1200 cet état voiſin de la mort, ne ſavoient plus
104 1197 947 1245 comment l'en tirer. J'étois ſi furieux de cette
104 1241 947 1291 indignité, que j'aurois voulu les faire tous
104 1288 947 1336 pendre; mais leur ſupplice auroit-il rendu
104 1330 947 1381 la vie à mon adorable reine? J'étois auſſi
104 1378 947 1427 mourant qu'elle. „Ah! mon ami, me dit-
104 1423 947 1471 “elle avec effort, que vas-tu devenir? à
104 1469 947 1515 “quels excès ne ſe porteront-ils pas contre
104 1511 947 1560 “toi?“ Excellente femme! dans un état
103 1556 947 1606 ſi déplorable, elle n'étoit preſque occupée
