1116 1854
229 102 312 143 La
224 153 992 202 de parler. Ame céleſte! Mon intérêt ſeul
225 199 995 245 l'occupoit, & celui de ſa fille. Je lui ren-
225 244 998 291 dis compte de ce que je venois d'ordonner
225 289 997 335 au conſeil. Ce récit me parut la calmer un
226 334 999 380 peu ſur notre fort. Que de choſes atten-
211 381 1000 424 driſſantes, enlevantes, elle me dit! Que
227 423 1000 472 je la trouvai grande & ſublime dans ces
226 469 1001 515 moments ſuprêmes! que je me ſentis petit
227 514 1009 561 devant elle! Quel paſſage que celui de la
217 559 515 599 vie à l'éternité!
275 605 1000 640 Enfin le moment terrible arriva. J'en
228 649 998 696 ſentis l'approche à une ſueur froide qui
229 694 1001 739 couvrit tout mon corps, à un tremblement
229 740 1002 785 qui ſaifit tous mes membres. Je vis la mort
215 784 1000 831 s'emparer pas-à-pas de ce beau corps. La
225 830 1000 875 voix de mon amante s'éteignit peu-à-peu.
226 874 1025 920 Ses mains que je ſerrois, d'abord devin-
226 919 1001 966 rent froides & mortes dans les miennes;
228 963 1000 1010 & ſes yeux me diſoient qu'elle ne ſentoit
227 1007 999 1054 plus ma douce étreinte. Je remontai plus
224 1053 1000 1099 haut, & ſerrai le bras, que le froid &
226 1096 997 1145 l'inſenſibilité gagnerent bien vîte; enfin la
227 1143 998 1189 vie ne parut plus exiſter que dans ſes yeux.
230 1187 998 1235 Elle regarda ſa fille, & ſembla me la re-
231 1232 997 1278 commander. Elle éleva ſes yeux au ciel,
228 1277 1000 1324 les fixa ſur moi, & s'éteignit. Ainſi paſſa
230 1323 999 1358 cette belle ame. Ma bouche chercha à la
229 1368 1000 1411 recueillir; je reſtai un moment mes levres
231 1410 999 1459 collées ſur les levres de ma Ninon, auſſi
230 1455 999 1503 mort qu'elle. Enfin je revins à moi; je ſentis
230 1501 996 1549 qu'il falloit de la réſolution, & non des
226 1544 997 1593 larmes. Je me levai déterminé, je défendis,
