1116 1854
704 1598 778 1642 LL
125 149 946 205 à qui que ce fût, de dire que la reine étoit
127 202 916 251 morte. J'avois fait déguiſer au public, au-
127 249 916 296 tant que j'avois pu, l'état de ſa maladie.
124 292 914 340 J'ordonnai ſur le champ, que mon régi-
127 337 915 385 ment des gardes ſe tînt prêt pour faire
123 382 914 429 l'exercice dès l'après-midi ſous mon com-
128 428 913 475 mandement. Je me promenai à cheval dans
129 473 913 519 toute la ville: ma contenance étoit fiere,
129 516 914 563 & je ſentis qu'elle en impoſoit à tout le
131 562 914 610 monde. Le peuple me parut tranquille.
131 604 914 654 J'ordonnai que les états-généraux & tous
129 649 916 699 les corps fuſſent aſſemblés le lendemain. Je
131 696 917 745 commandai l'exercice avec fermeté; mais
134 743 916 790 quel déchirement intérieur je reſſentois!
134 784 916 836 J'ignore ſi le jeune Lacédémonien, qui ſe
135 830 917 878 laiſſa dévorer le ventre par un renard, dut
135 877 533 924 ſouffrir plus que moi.
187 920 919 970 Je me rendis le lendemain à l'aſſem-
137 965 916 1012 blée des états-généraux; j'y fis porter ma
138 1011 917 1060 fille, je montai ſur le trône, avec ma cou-
139 1055 915 1103 ronne ſur la tête. „Meſſieurs, dis-je en
140 1101 915 1150 “l'ôtant, la reine eſt morte, je ne vous
142 1147 947 1193 “dois plus rien. Je vous rends votre cou-
142 1191 957 1238 “ronne & vos ſerments; voilà votre nou-
143 1234 913 1283 velle ſouveraine. Vive la reine! Les portes
145 1279 917 1326 étoient ouvertes; le peuple, qui étoit en
147 1324 918 1370 dehors, cria: Vive la reine! Le cri ſe com-
148 1372 917 1417 muniqua de proche en proche; & tout le
148 1416 457 1451 monde fit chorus.
196 1460 917 1508 Je mis à ma fille la couronne ſur la tête.
152 1503 915 1554 Je me créai régent ſous elle, pour le temps
151 1549 916 1608 que je ſerois dans le pays. J'ordonnai à
846 114 914 147 a
