1116 1854
123 149 966 210 & je dis à ces ambitieux: „Meſſieurs, la
124 205 966 254 “nouvelle reine eſt établie paiſiblement ſur
124 250 966 301 “le trône; les conſtitutions de votre état
124 295 966 345 “ſont rétablies; mais je vois ici des ſemen-
124 340 966 390 “ces de diviſions. Ce royaume ne fait que
124 382 966 436 “de naître; & vous avez ſoutenu déja une
124 431 966 480 “guerre civile à l'occaſion de mon avé-
124 476 966 526 “nement. Il en peut renaître un autre; le
124 523 966 571 “trouble vient de ce que vous n'avez pas
124 566 966 616 “de légiſlation: il en faut faire une pour
124 611 967 661 “affermir le ſort de votre empire. Vous en
125 655 967 706 “êtes les chefs, c'eſt à vous d'y travailler.
125 702 967 752 “Les cardinaux s'enferment à Rome pour
125 747 967 798 “élire un pape. L'objet de donner des loix
125 790 967 842 “à une grande nation, n'eſt pas moins im-
125 837 967 886 “portant. Suivons les mêmes moyens. Son-
125 878 967 935 “gez, Meſſieurs, que vous êtes dans un
125 926 967 981 “conclave, & que vous n'en ſortirez pas,
125 972 967 1025 “qu'il n'y ait un code ſage & lumineux,
125 1013 967 1067 “dreſſé par vos ſoins, & honoré de la ſanc-
125 1057 968 1112 “tion publique, par le conſentement de la
126 1108 968 1156 “nation.“ Quelques mutins voulurent ſe
126 1149 968 1202 récrier. Je leur dis: „Meſſieurs, que ceux
126 1196 968 1248 “qui ne veulent pas ſe regarder comme
126 1240 968 1295 “conclaviſtes, ſe regardent comme pri-
126 1286 968 1339 “ſonniers d'état.“ A ces mots je me levai;
126 1332 968 1383 je les fis conduire & enfermer chacun dans
126 1378 968 1427 un appartement; là ils n'eurent plus la li-
126 1423 968 1480 berté de parler à perſonne, & je leur fai-
126 1466 759 1516 fois donner à manger par un trou.
126 1502 968 1561 Au ſortir du conſeil, je me rendis aux
126 1556 969 1611 états-généraux; je dis à cette aſſemblée;
862 110 928 150 at
698 1605 787 1643 Lé
