1116 1854
830 128 899 166 a
120 174 907 223 ple; & j'eus le plaiſir d'appercevoir que
120 218 903 267 j'étois regretté. J'allai embraſſer ma ten-
123 264 904 311 dre enfant dans ſon berceau. Il me ſembla
124 310 905 357 qu'on m'arracha le cœur, quand je me
121 355 903 402 ſéparai d'elle. On lui avoit mis à la main
124 399 900 447 ſon portrait, avec celui de ſa mere, qu'elle
123 444 903 491 me préſenta d'un air enfantin: je les baiſai
122 490 902 535 l'un après l'autre, & les mis dans mon
123 534 901 581 ſein. Je mariai & je dotai toutes les pau-
124 577 905 626 vres filles de la capitale. On célébra ce
125 621 907 671 jour-là dix mille noces, où je fus béni. Je
125 669 900 716 répandis enfin mes bienfaits ſur toutes les
127 715 909 762 claſſes, & je jouis de l'attendriſſement que
125 759 360 806 ry fis naître.
178 804 909 849 Cette derniere journée avoit été très-
128 849 906 896 fatigante pour moi. Je me ſentois harafſé
128 895 906 942 & fort altéré; je me fis donner un verre
127 938 904 987 d'orgeat. Malgré la précipitation avec la-
128 984 907 1031 quelle je l'avalai, je le trouvai d'un goûr
129 1030 906 1076 amer & très-ſingulier. Celui qui me l'avoit
130 1072 905 1120 préſenté, me regarda d'un air ſiniſtre,
129 1119 905 1167 & me donna quelque ſoupcon. Grand
131 1163 895 1208 “Dieu, me dis-je, ſerois-je empoiſonné?“
129 1209 909 1256 J'envoyai ſur le champ chercher mon pre-
130 1254 901 1302 mier médecin, qu'on ne put trouver; j'en
129 1298 906 1346 fis appeller, ſans fruit, un ſecond & un
130 1344 904 1391 troiſieme. Je fus une heure avant de pou-
130 1389 899 1437 voir être ſecouru. Je me ſentis bientôt dans
130 1433 903 1480 le corps un feu épouvantable. On me donna
130 1479 905 1526 du contre-poiſon qui me fit encore plus
131 1523 903 1571 ſouffrir que le poiſon. Mon mal-aiſe aug-
131 1569 906 1613 mentoit ſans ceſſe; une fievre terrible me
