<PcGts xmlns="http://schema.primaresearch.org/PAGE/gts/pagecontent/2017-07-15" xmlns:xsi="http://www.w3.org/2001/XMLSchema-instance" xsi:schemaLocation="http://schema.primaresearch.org/PAGE/gts/pagecontent/2017-07-15 http://schema.primaresearch.org/PAGE/gts/pagecontent/2017-07-15/pagecontent.xsd"><Metadata><Creator/><Created>2020-09-22T09:59:33</Created><LastChange>1970-01-01T00:00:00</LastChange><Comments/></Metadata><Page imageFilename="0265.png" imageHeight="1854" imageWidth="1116"><ReadingOrder><OrderedGroup id="g1"><RegionRefIndexed index="0" regionRef="r1"/><RegionRefIndexed index="1" regionRef="r2"/></OrderedGroup></ReadingOrder><TextRegion id="r1" type="page-number" orientation="-0.0"><Coords points="843,103 842,104 840,104 838,105 813,105 809,108 809,110 808,111 808,112 807,113 807,123 808,125 808,133 809,134 809,135 831,135 833,136 833,144 834,146 871,146 873,143 874,143 876,142 893,142 894,141 895,141 898,139 899,139 902,135 902,134 904,132 907,132 907,130 909,128 909,112 907,110 907,107 901,107 900,106 884,106 882,105 882,104 880,104 879,103"/><TextEquiv><Unicode/></TextEquiv><TextLine id="r1_l001"><Coords points="824,108 893,108 893,143 824,143"/><TextEquiv index="1"><Unicode>L</Unicode></TextEquiv></TextLine></TextRegion><TextRegion id="r2" type="paragraph" orientation="-0.0"><Coords points="111,149 110,150 108,150 107,151 107,158 106,159 86,159 84,161 83,161 81,163 81,172 88,179 88,180 89,181 89,185 90,186 90,187 91,188 91,189 92,190 92,191 93,192 135,192 136,193 136,194 135,195 107,195 107,206 106,207 82,207 81,206 81,199 46,199 46,208 80,208 81,209 81,220 82,221 83,221 85,223 85,227 86,228 87,228 88,229 88,231 89,232 89,236 126,236 127,235 136,235 137,236 136,237 136,238 135,239 135,240 134,241 130,241 129,240 129,239 95,239 93,241 91,241 90,242 89,242 88,243 85,243 82,246 82,247 81,248 81,251 80,252 79,252 79,253 78,254 78,264 79,265 79,271 80,271 81,272 81,273 82,274 82,275 83,276 84,276 85,277 85,278 86,279 88,279 89,280 90,280 91,281 135,281 136,280 151,280 152,281 184,281 185,282 221,282 222,281 238,281 239,280 240,280 241,279 242,280 242,281 243,282 242,283 230,283 228,285 198,285 197,286 195,286 194,287 183,287 182,286 180,286 179,285 144,285 143,286 142,286 141,287 141,294 140,295 92,295 91,296 83,296 82,297 79,297 79,298 78,299 78,309 79,310 79,311 80,311 81,312 79,314 78,314 78,323 79,324 79,325 80,326 81,326 82,327 81,328 81,338 82,339 82,340 83,341 82,342 82,343 81,344 81,355 82,356 82,358 81,359 81,368 84,371 221,371 223,373 223,382 224,383 256,383 257,384 257,387 256,388 246,388 245,389 242,389 241,388 239,388 238,387 222,387 221,386 221,377 220,376 220,375 219,374 184,374 183,375 180,375 180,377 179,378 179,387 178,388 176,388 175,387 157,387 156,386 156,385 85,385 81,389 81,391 80,392 79,392 79,393 78,394 78,409 79,410 79,412 81,412 84,415 87,415 89,417 89,427 133,427 134,426 135,426 136,425 136,418 137,417 138,417 139,418 175,418 176,417 177,417 177,416 178,415 180,417 180,420 179,421 158,421 157,422 154,422 154,429 152,431 142,431 141,430 141,429 107,429 105,431 78,431 78,440 79,441 79,444 80,444 82,446 82,457 83,458 83,459 84,460 96,460 97,461 124,461 125,462 124,463 92,463 91,464 90,464 89,465 86,465 85,466 85,467 84,468 84,469 83,470 83,471 82,472 82,476 81,477 80,477 79,478 78,478 77,479 77,488 79,490 79,492 78,493 78,494 77,495 52,495 52,506 90,506 91,507 90,508 89,508 88,509 85,509 84,510 84,512 82,514 82,515 81,516 81,520 80,521 79,521 78,522 75,522 75,532 76,533 77,533 78,534 78,536 77,537 76,537 76,550 97,550 98,551 132,551 133,552 146,552 147,553 193,553 195,555 205,555 206,556 205,557 184,557 184,558 183,559 183,570 185,570 186,571 186,581 185,582 166,582 165,581 165,568 93,568 93,640 149,640 150,641 164,641 166,643 173,643 174,644 175,644 181,650 182,650 187,655 188,655 190,657 189,658 159,658 158,659 156,659 152,655 79,655 79,658 78,659 78,668 79,669 81,669 82,670 82,672 81,673 69,673 68,674 68,683 69,684 83,684 84,685 95,685 97,687 147,687 148,688 148,699 191,699 192,698 192,690 193,689 228,689 232,693 233,693 238,698 239,698 243,702 242,703 235,703 234,704 178,704 177,703 142,703 141,702 82,702 82,703 81,704 79,704 77,706 77,716 79,718 78,719 77,719 77,730 79,732 139,732 140,733 161,733 162,734 180,734 181,735 214,735 215,736 213,738 183,738 182,739 181,739 181,747 180,748 176,748 174,746 174,739 173,738 173,736 137,736 134,739 133,739 133,746 132,747 122,747 121,746 121,745 84,745 82,747 82,749 81,750 81,761 82,762 82,774 83,775 83,776 96,776 97,777 136,777 137,778 171,778 172,779 229,779 230,780 259,780 261,782 260,783 259,783 259,791 258,792 230,792 229,791 229,785 227,783 191,783 190,784 188,784 188,789 187,790 174,790 173,789 173,785 171,783 134,783 133,784 133,785 132,786 131,785 130,785 129,784 129,782 128,781 128,780 127,780 126,779 85,779 83,781 83,782 82,783 82,794 79,797 79,799 78,800 78,807 77,808 74,808 74,818 75,819 81,819 82,820 83,820 84,821 85,821 86,822 89,822 90,823 126,823 127,822 128,822 129,821 131,821 132,822 132,831 161,831 163,833 163,836 162,837 161,836 82,836 81,837 78,837 78,847 79,848 79,849 80,850 81,850 82,851 82,853 79,856 77,856 76,857 76,870 78,872 78,876 79,877 82,877 83,878 83,881 84,882 86,882 88,884 88,889 86,891 77,891 77,892 76,893 76,901 74,903 74,913 111,913 111,912 112,911 171,911 173,913 334,913 336,911 349,911 351,913 355,913 356,914 356,915 355,916 349,916 348,917 347,917 347,925 345,927 344,927 343,928 342,928 341,927 341,918 338,915 301,915 300,916 298,916 297,917 296,917 295,918 294,918 294,920 293,921 293,922 292,923 292,927 291,928 288,928 287,927 274,927 273,926 273,921 272,920 271,920 268,917 267,917 266,916 231,916 230,917 229,917 228,918 227,918 225,920 225,927 224,928 221,928 220,929 201,929 200,928 143,928 142,927 125,927 123,925 123,924 86,924 85,925 84,925 84,927 83,928 83,929 82,930 82,938 81,939 79,939 79,949 80,949 81,950 83,950 84,951 84,953 86,955 91,955 93,957 135,957 136,958 149,958 150,959 150,960 149,961 130,961 130,968 129,969 91,969 89,971 88,971 87,972 84,972 83,973 83,974 82,975 82,979 81,980 80,980 79,981 77,981 77,993 78,994 80,994 81,995 82,995 83,996 84,996 88,1000 90,1000 91,1001 91,1010 94,1010 95,1011 136,1011 137,1010 137,1003 139,1001 150,1001 151,1002 151,1010 180,1010 181,1011 181,1016 180,1017 149,1017 148,1016 82,1016 81,1017 81,1018 80,1019 79,1019 79,1028 77,1030 76,1030 75,1031 75,1040 77,1040 79,1042 79,1054 80,1054 81,1055 82,1055 84,1057 120,1057 121,1056 126,1056 126,1055 127,1054 127,1047 128,1046 183,1046 184,1047 202,1047 203,1048 244,1048 245,1047 374,1047 375,1048 375,1053 374,1054 374,1060 373,1061 370,1061 369,1062 368,1062 367,1061 342,1061 341,1060 341,1052 340,1051 340,1050 339,1049 289,1049 288,1050 267,1050 266,1051 266,1060 265,1061 250,1061 249,1062 248,1062 247,1063 221,1063 220,1064 215,1064 214,1065 214,1066 213,1067 210,1064 209,1064 208,1063 181,1063 180,1062 180,1053 179,1052 133,1052 133,1053 132,1054 132,1063 133,1063 134,1064 134,1065 135,1066 135,1068 134,1069 134,1077 133,1078 132,1078 131,1079 130,1079 130,1090 131,1090 132,1091 139,1091 140,1092 148,1092 149,1093 206,1093 207,1092 209,1092 209,1091 210,1090 211,1090 212,1089 212,1082 214,1080 214,1079 216,1077 217,1078 217,1088 218,1088 219,1089 219,1091 218,1092 216,1092 216,1103 215,1104 187,1104 185,1106 184,1106 183,1107 178,1107 177,1106 177,1101 176,1100 176,1096 143,1096 142,1095 135,1095 134,1094 134,1093 91,1093 89,1095 89,1096 88,1097 88,1098 87,1099 86,1099 85,1100 85,1101 84,1102 84,1103 83,1104 83,1105 82,1106 82,1117 83,1118 81,1120 80,1120 79,1121 79,1130 80,1130 82,1132 82,1133 83,1134 84,1134 85,1135 121,1135 122,1136 163,1136 164,1137 163,1138 163,1139 162,1140 162,1143 161,1144 161,1147 160,1148 159,1148 159,1149 158,1150 126,1150 125,1149 85,1149 84,1150 83,1150 81,1152 81,1156 80,1157 79,1157 79,1166 78,1167 78,1177 79,1178 80,1178 81,1179 82,1179 83,1180 83,1181 99,1181 101,1183 101,1190 103,1190 104,1191 132,1191 133,1192 133,1193 132,1194 128,1194 127,1193 92,1193 91,1194 88,1194 87,1195 85,1195 84,1196 84,1198 83,1199 83,1203 82,1204 82,1208 81,1209 79,1209 79,1220 82,1220 83,1221 86,1221 87,1222 88,1222 89,1223 90,1223 91,1224 94,1224 95,1225 93,1227 89,1227 88,1228 83,1228 82,1229 82,1242 83,1242 84,1243 83,1244 83,1246 82,1247 82,1269 84,1271 169,1271 170,1272 195,1272 196,1273 234,1273 235,1272 259,1272 260,1271 270,1271 271,1272 285,1272 286,1273 285,1274 258,1274 257,1275 254,1275 253,1276 252,1276 252,1285 251,1286 221,1286 220,1287 200,1287 199,1286 181,1286 180,1285 128,1285 127,1284 127,1283 84,1283 82,1285 82,1286 81,1287 81,1309 82,1310 82,1315 133,1315 134,1316 184,1316 185,1317 202,1317 203,1318 238,1318 239,1317 328,1317 329,1316 330,1317 330,1318 329,1319 329,1324 328,1325 327,1325 327,1330 325,1332 312,1332 311,1331 311,1324 310,1323 307,1323 304,1320 295,1320 294,1319 259,1319 258,1320 258,1321 257,1322 252,1322 252,1331 251,1332 221,1332 220,1331 176,1331 175,1332 174,1332 172,1330 159,1330 158,1329 158,1319 127,1319 126,1318 83,1318 83,1330 84,1331 87,1331 88,1332 87,1333 86,1333 86,1337 85,1338 85,1345 84,1346 82,1346 82,1359 83,1360 122,1360 123,1359 141,1359 142,1360 143,1360 144,1361 197,1361 198,1362 199,1362 200,1363 244,1363 245,1362 268,1362 269,1363 298,1363 300,1365 299,1366 297,1366 296,1367 265,1367 264,1368 264,1374 263,1375 247,1375 247,1376 246,1377 228,1377 227,1376 226,1376 225,1375 177,1375 176,1376 141,1376 140,1375 127,1375 126,1374 126,1370 125,1370 122,1367 122,1363 84,1363 82,1365 79,1365 78,1366 78,1375 79,1376 79,1377 82,1380 82,1389 81,1390 75,1390 75,1400 79,1400 81,1402 81,1403 82,1404 83,1404 84,1405 156,1405 157,1406 207,1406 208,1407 219,1407 221,1409 221,1417 242,1417 243,1418 243,1419 241,1421 208,1421 207,1420 201,1420 199,1418 192,1418 191,1417 191,1411 154,1411 153,1412 152,1412 152,1413 151,1414 151,1420 150,1421 140,1421 138,1419 137,1419 136,1418 136,1409 135,1408 135,1407 99,1407 97,1409 95,1409 94,1410 93,1410 92,1411 92,1412 91,1413 82,1413 82,1422 84,1424 83,1425 83,1431 82,1432 82,1441 84,1443 84,1444 85,1444 90,1449 114,1449 115,1450 151,1450 152,1451 188,1451 190,1453 225,1453 227,1451 252,1451 254,1453 289,1453 289,1452 290,1451 430,1451 432,1453 432,1458 448,1458 450,1460 449,1461 449,1464 448,1465 385,1465 384,1466 382,1466 380,1468 362,1468 361,1467 361,1466 360,1466 359,1465 309,1465 308,1464 308,1455 250,1455 249,1456 248,1456 247,1457 246,1457 245,1458 244,1458 243,1459 243,1462 242,1463 242,1465 241,1466 225,1466 224,1465 172,1465 171,1464 171,1455 170,1454 133,1454 132,1455 132,1463 131,1464 128,1464 127,1463 92,1463 91,1464 86,1464 85,1465 84,1465 83,1466 83,1467 82,1468 82,1486 83,1487 83,1491 85,1493 90,1493 91,1494 92,1494 93,1495 93,1504 94,1504 95,1505 95,1508 94,1509 90,1509 87,1512 86,1512 85,1513 85,1515 84,1516 84,1531 85,1532 85,1533 86,1534 86,1535 87,1536 88,1536 90,1538 92,1538 93,1539 147,1539 149,1541 149,1548 151,1550 180,1550 181,1551 181,1556 183,1556 184,1557 184,1565 183,1566 177,1566 176,1565 176,1556 175,1555 173,1555 172,1554 172,1553 83,1553 83,1566 84,1566 85,1567 87,1567 88,1568 88,1571 89,1572 89,1576 90,1577 90,1582 91,1583 91,1584 92,1585 116,1585 117,1586 205,1586 206,1587 234,1587 235,1588 235,1594 237,1596 238,1596 239,1597 244,1597 245,1598 288,1598 289,1597 289,1588 288,1587 289,1586 366,1586 367,1587 372,1587 373,1588 408,1588 409,1587 416,1587 417,1588 417,1595 418,1596 456,1596 457,1595 460,1595 460,1588 461,1587 556,1587 557,1588 586,1588 587,1589 621,1589 622,1588 697,1588 698,1587 710,1587 711,1588 745,1588 747,1586 768,1586 769,1587 769,1593 770,1593 771,1594 806,1594 807,1593 812,1593 812,1590 813,1589 813,1588 814,1587 848,1587 849,1586 881,1586 882,1585 882,1584 885,1581 888,1581 889,1580 890,1580 891,1579 893,1579 894,1578 894,1568 893,1567 892,1567 891,1566 891,1563 889,1561 889,1560 867,1560 866,1559 866,1557 867,1556 867,1546 866,1545 866,1544 829,1544 828,1545 828,1552 827,1553 809,1553 807,1555 805,1555 804,1556 804,1565 805,1566 804,1567 794,1567 793,1566 793,1557 792,1556 790,1556 787,1553 748,1553 747,1552 747,1543 746,1542 746,1540 747,1539 869,1539 870,1538 870,1536 871,1535 890,1535 891,1534 892,1534 892,1532 893,1531 893,1522 891,1520 890,1520 889,1519 889,1517 869,1517 867,1515 867,1509 800,1509 799,1508 799,1500 798,1500 797,1499 762,1499 761,1500 758,1500 757,1501 731,1501 730,1502 730,1504 729,1505 728,1505 728,1508 727,1509 698,1509 696,1511 682,1511 681,1510 681,1509 647,1509 645,1511 592,1511 591,1512 589,1512 588,1513 587,1513 586,1514 586,1523 585,1524 584,1523 584,1517 583,1516 582,1516 581,1515 581,1514 580,1513 579,1513 578,1512 563,1512 561,1510 561,1501 560,1500 513,1500 511,1502 508,1502 508,1511 507,1512 497,1512 496,1511 478,1511 477,1510 477,1509 441,1509 439,1511 367,1511 366,1512 362,1512 361,1511 311,1511 309,1509 309,1508 308,1507 308,1500 307,1500 306,1499 272,1499 271,1500 268,1500 267,1501 266,1501 266,1502 265,1503 265,1509 263,1511 249,1511 247,1509 247,1502 246,1501 214,1501 213,1500 213,1499 176,1499 175,1500 174,1500 173,1501 172,1501 171,1502 141,1502 140,1501 140,1495 141,1494 170,1494 171,1495 207,1495 209,1497 244,1497 244,1496 245,1495 255,1495 257,1497 292,1497 292,1496 293,1495 339,1495 341,1497 341,1504 342,1505 379,1505 380,1504 381,1504 381,1503 382,1502 389,1502 389,1496 390,1495 407,1495 409,1497 446,1497 447,1498 447,1505 483,1505 484,1504 484,1503 485,1502 485,1501 487,1499 509,1499 511,1497 632,1497 632,1496 633,1495 761,1495 762,1494 769,1494 770,1495 848,1495 849,1496 849,1497 850,1498 888,1498 889,1497 891,1497 892,1496 892,1495 893,1494 893,1493 894,1492 894,1483 893,1482 893,1476 892,1475 892,1473 890,1471 889,1471 888,1470 888,1465 834,1465 833,1464 833,1463 831,1463 830,1462 830,1461 829,1460 829,1457 827,1457 826,1456 816,1456 814,1454 814,1453 780,1453 779,1454 778,1454 777,1455 775,1455 775,1464 774,1465 757,1465 756,1464 756,1454 755,1454 754,1453 726,1453 725,1452 725,1451 726,1450 752,1450 753,1449 774,1449 775,1450 841,1450 842,1449 844,1449 845,1450 845,1451 846,1451 848,1453 886,1453 886,1452 887,1451 892,1451 893,1450 894,1450 894,1441 893,1440 894,1439 896,1439 896,1428 895,1427 894,1427 892,1425 893,1424 895,1424 895,1414 869,1414 867,1412 867,1409 869,1407 886,1407 888,1405 890,1405 891,1404 892,1404 893,1403 893,1392 895,1390 895,1381 894,1380 894,1379 893,1378 893,1377 892,1376 889,1376 888,1375 886,1375 885,1374 798,1374 797,1373 763,1373 762,1374 761,1374 760,1375 740,1375 739,1374 739,1366 738,1365 692,1365 692,1366 691,1367 691,1375 690,1376 609,1376 608,1377 597,1377 596,1376 596,1367 595,1366 560,1366 559,1367 558,1367 558,1375 557,1376 464,1376 463,1375 424,1375 423,1376 422,1376 421,1375 421,1372 422,1371 456,1371 456,1370 457,1369 457,1362 458,1361 508,1361 509,1362 544,1362 545,1361 547,1361 548,1360 556,1360 557,1361 640,1361 641,1360 665,1360 666,1359 672,1359 673,1360 686,1360 687,1361 725,1361 726,1360 793,1360 794,1359 795,1359 796,1360 796,1368 825,1368 827,1370 862,1370 864,1368 864,1367 866,1365 866,1362 867,1361 887,1361 892,1356 892,1349 893,1348 893,1338 892,1337 892,1334 890,1332 889,1332 888,1331 887,1331 886,1330 872,1330 871,1329 871,1323 870,1322 870,1320 869,1319 831,1319 831,1320 830,1321 830,1330 829,1331 815,1331 814,1330 807,1330 806,1329 771,1329 770,1330 709,1330 707,1328 707,1318 670,1318 669,1319 668,1319 667,1320 667,1329 666,1330 625,1330 624,1331 619,1331 617,1329 617,1326 606,1326 602,1322 593,1322 592,1321 592,1319 551,1319 550,1320 550,1330 549,1331 546,1331 545,1332 527,1332 526,1331 508,1331 507,1330 507,1319 509,1317 545,1317 546,1316 591,1316 592,1315 596,1315 597,1316 633,1316 634,1315 726,1315 727,1314 763,1314 764,1315 800,1315 801,1314 836,1314 837,1315 839,1315 840,1316 888,1316 889,1315 891,1315 892,1314 892,1312 893,1311 893,1302 891,1300 888,1300 886,1298 886,1297 885,1296 885,1290 882,1287 881,1287 879,1285 878,1285 877,1284 877,1283 847,1283 845,1281 845,1274 844,1273 823,1273 822,1272 822,1270 823,1269 888,1269 888,1268 889,1267 889,1256 891,1254 899,1254 900,1253 900,1242 896,1242 895,1241 894,1241 893,1240 893,1239 785,1239 784,1238 770,1238 769,1237 769,1235 768,1234 768,1233 767,1232 767,1229 766,1228 730,1228 730,1229 729,1230 728,1230 728,1231 727,1232 727,1234 726,1235 726,1238 725,1239 691,1239 690,1238 690,1234 689,1233 689,1232 688,1231 677,1231 676,1230 676,1229 675,1228 643,1228 642,1227 642,1226 643,1225 703,1225 704,1224 749,1224 750,1225 788,1225 789,1224 820,1224 821,1223 828,1223 829,1224 849,1224 852,1227 852,1233 853,1234 891,1234 892,1233 892,1232 893,1231 894,1231 895,1230 895,1226 896,1225 900,1225 900,1216 899,1215 899,1212 898,1211 898,1201 897,1200 896,1200 895,1199 895,1198 894,1197 894,1196 872,1196 871,1195 853,1195 851,1193 816,1193 815,1194 811,1194 809,1192 809,1184 808,1183 808,1182 807,1181 790,1181 789,1180 790,1179 813,1179 814,1180 817,1180 818,1181 847,1181 849,1183 849,1187 852,1190 888,1190 892,1186 895,1186 895,1185 899,1181 899,1166 898,1166 897,1165 896,1165 895,1164 894,1164 892,1162 891,1162 887,1158 876,1158 874,1156 874,1150 873,1150 872,1149 863,1149 862,1148 862,1142 861,1141 826,1141 826,1148 825,1149 823,1149 822,1148 785,1148 784,1149 776,1149 775,1148 775,1144 774,1144 773,1143 772,1143 771,1142 771,1141 770,1141 769,1140 758,1140 757,1139 757,1137 742,1137 741,1136 743,1134 761,1134 763,1136 797,1136 798,1135 799,1136 833,1136 834,1135 848,1135 849,1136 851,1136 852,1137 886,1137 886,1136 887,1135 893,1135 894,1134 894,1133 895,1132 898,1132 898,1121 896,1119 896,1108 895,1107 893,1107 892,1106 892,1105 891,1104 840,1104 838,1102 838,1095 800,1095 799,1096 798,1096 797,1097 797,1103 796,1104 785,1104 784,1103 784,1092 785,1091 828,1091 829,1090 851,1090 852,1091 886,1091 887,1090 890,1090 891,1089 893,1089 894,1088 894,1086 895,1085 900,1085 900,1084 901,1083 901,1074 900,1073 900,1071 899,1070 899,1069 898,1068 898,1062 896,1062 895,1061 894,1061 893,1060 882,1060 881,1059 881,1053 880,1053 879,1052 879,1048 878,1047 877,1047 876,1046 840,1046 839,1047 837,1047 836,1048 835,1048 834,1049 833,1049 833,1050 831,1052 831,1053 830,1054 830,1055 829,1056 829,1059 828,1060 819,1060 818,1059 818,1050 817,1049 815,1049 814,1048 813,1048 812,1047 778,1047 777,1048 776,1048 775,1049 774,1049 773,1050 772,1050 772,1060 771,1061 769,1061 768,1060 756,1060 755,1059 755,1053 754,1053 753,1052 750,1052 749,1051 749,1050 748,1049 712,1049 711,1050 710,1050 710,1061 709,1062 708,1062 707,1063 706,1062 683,1062 682,1061 665,1061 664,1060 600,1060 599,1061 588,1061 587,1062 586,1062 584,1064 584,1067 583,1068 582,1068 581,1067 581,1061 556,1061 555,1060 556,1059 556,1049 555,1048 502,1048 501,1049 499,1049 498,1050 498,1052 497,1053 496,1053 495,1054 495,1055 494,1056 494,1057 493,1058 493,1059 492,1060 478,1060 477,1061 473,1061 472,1062 471,1061 471,1060 470,1059 470,1058 469,1057 464,1057 463,1056 463,1053 462,1053 461,1052 461,1050 460,1049 420,1049 420,1056 419,1057 417,1057 415,1055 415,1047 413,1045 397,1045 396,1044 396,1035 394,1033 393,1033 391,1031 387,1031 385,1029 385,1022 384,1021 384,1018 383,1017 365,1017 363,1015 365,1013 395,1013 396,1012 396,1003 395,1002 396,1001 413,1001 414,1002 414,1005 449,1005 449,1003 450,1002 497,1002 498,1003 498,1010 499,1011 499,1012 542,1012 544,1010 544,1002 545,1001 555,1001 556,1002 556,1009 557,1010 557,1011 558,1012 560,1012 561,1013 601,1013 602,1012 604,1012 606,1010 607,1010 609,1008 614,1008 615,1009 654,1009 657,1006 657,1005 658,1004 660,1004 661,1003 661,1001 662,1000 690,1000 691,1001 700,1001 701,1002 735,1002 736,1001 737,1001 738,1000 832,1000 833,1001 868,1001 869,1000 896,1000 898,998 898,982 897,981 896,981 895,980 895,975 894,974 894,973 892,971 892,970 891,969 852,969 851,968 851,965 852,964 888,964 888,963 889,962 891,962 893,960 894,960 899,955 900,955 900,946 899,945 899,944 898,943 898,940 896,940 895,939 894,939 893,938 891,938 890,937 878,937 877,936 877,933 876,932 876,931 874,929 874,925 873,925 872,924 837,924 836,925 743,925 741,927 731,927 730,926 730,916 729,915 724,915 723,914 723,910 724,909 727,909 728,910 840,910 841,911 891,911 892,910 898,910 899,909 899,897 900,896 901,896 901,885 900,884 900,882 898,882 897,881 877,881 876,880 876,871 875,870 874,870 873,869 873,868 874,867 894,867 896,865 900,865 900,864 901,863 902,863 902,853 901,852 899,852 898,851 897,851 896,850 892,850 891,849 888,849 887,848 887,838 886,837 885,837 884,836 882,836 881,835 850,835 849,834 849,833 848,832 848,823 814,823 813,822 814,821 824,821 825,820 826,821 894,821 895,820 896,820 898,818 898,812 899,811 899,810 900,809 900,800 898,800 897,799 896,799 895,798 895,783 894,782 895,781 895,780 896,779 896,778 897,777 898,777 900,775 900,772 901,771 901,761 900,760 898,760 895,757 881,757 880,756 880,748 879,747 877,747 873,743 860,743 858,741 858,735 857,734 821,734 819,736 819,739 818,740 818,742 817,743 816,743 816,745 815,746 797,746 796,747 785,747 784,746 784,742 783,742 782,741 784,739 785,739 786,738 786,736 787,735 787,734 789,732 803,732 804,731 873,731 874,730 877,730 877,729 878,728 878,726 879,725 896,725 897,724 898,724 899,723 899,713 898,712 898,710 897,709 880,709 879,708 879,702 876,702 874,700 874,699 849,699 848,698 848,694 847,693 847,692 845,692 844,691 835,691 834,690 834,689 797,689 796,690 795,690 794,691 793,691 792,692 791,692 790,691 753,691 753,694 752,695 752,702 751,703 748,703 748,712 747,713 742,713 741,712 741,709 740,708 740,707 739,706 739,705 738,704 733,704 732,703 658,703 657,702 657,695 658,694 677,694 680,691 680,690 681,689 681,688 682,687 714,687 716,685 848,685 850,687 887,687 887,686 888,685 894,685 895,684 896,684 897,683 898,683 899,682 899,681 900,680 900,659 898,657 896,657 895,656 895,655 840,655 838,653 838,648 837,647 837,645 836,644 801,644 800,645 799,645 799,654 798,655 797,654 797,645 783,645 782,644 782,642 783,641 805,641 806,640 862,640 863,641 897,641 898,640 899,640 900,639 900,638 901,637 901,628 900,627 900,625 902,623 903,623 904,622 904,612 901,612 900,611 899,611 897,609 896,609 895,608 886,608 885,607 885,601 884,600 883,600 882,599 814,599 813,600 811,600 811,601 810,602 809,602 809,609 808,610 789,610 788,611 777,611 776,610 741,610 740,611 704,611 703,612 695,612 694,611 694,608 695,607 718,607 719,606 719,605 721,603 721,602 722,601 723,601 724,600 724,597 725,596 744,596 745,595 755,595 756,596 865,596 866,595 894,595 899,590 899,587 900,586 902,586 902,575 899,575 898,574 898,567 897,566 896,566 895,565 882,565 881,564 881,555 880,554 880,553 844,553 842,555 842,563 841,564 840,564 838,562 838,553 840,551 881,551 882,550 882,548 884,546 899,546 900,545 900,544 901,543 902,543 902,531 901,530 881,530 880,529 880,511 879,510 879,509 877,509 876,508 876,507 877,506 895,506 896,505 897,505 898,504 899,504 899,502 900,501 900,493 901,492 903,492 903,483 902,483 901,482 901,481 900,480 900,479 898,477 896,477 895,476 880,476 879,475 879,469 878,468 878,466 877,465 841,465 840,466 840,475 839,476 838,476 837,475 837,471 836,470 836,468 835,467 835,466 834,465 763,465 762,466 762,475 761,476 753,476 752,475 752,463 753,462 756,462 757,461 808,461 809,462 811,462 812,463 850,463 851,462 852,462 853,461 900,461 900,448 898,446 898,438 896,436 896,434 895,433 895,432 894,431 879,431 878,430 878,421 877,420 840,420 839,421 836,421 835,422 834,421 834,420 833,420 832,419 809,419 808,418 809,417 813,417 813,416 814,415 894,415 898,411 898,399 899,398 902,398 902,388 898,388 897,387 894,387 893,386 893,385 882,385 881,384 881,381 882,380 892,380 892,379 893,378 894,378 898,374 898,372 899,371 900,371 900,369 901,368 903,368 904,367 904,358 903,357 903,355 877,355 876,354 876,349 874,347 874,345 872,343 872,342 871,341 822,341 821,340 821,331 820,330 786,330 785,331 784,331 783,332 782,332 781,333 780,333 780,340 779,341 728,341 727,342 713,342 711,344 698,344 697,343 697,339 698,338 726,338 727,337 732,337 732,328 733,327 890,327 891,326 902,326 902,323 903,322 904,322 906,320 906,308 904,306 904,305 902,305 901,304 901,300 902,299 902,298 903,297 903,288 901,286 902,285 902,281 903,280 903,279 904,278 908,278 908,266 906,264 906,253 905,252 882,252 881,251 881,244 880,243 880,241 844,241 842,243 842,251 841,252 680,252 679,251 666,251 665,250 665,243 664,242 662,242 661,241 626,241 626,242 625,243 625,250 624,251 622,251 621,250 621,243 619,241 597,241 596,240 596,239 572,239 571,238 572,237 712,237 713,236 734,236 735,237 773,237 774,236 805,236 806,237 901,237 904,234 907,234 908,233 908,232 909,231 909,221 895,221 894,220 894,209 893,209 892,208 891,208 890,207 887,207 886,206 850,206 849,207 848,207 847,206 847,202 844,199 844,196 843,195 807,195 807,196 806,197 806,199 805,200 805,202 804,203 804,205 803,206 775,206 774,207 773,207 772,208 771,207 758,207 757,206 757,198 756,197 756,195 719,195 718,196 717,196 714,199 714,206 713,207 703,207 702,206 702,204 703,203 703,194 679,194 678,193 679,192 811,192 812,191 824,191 825,192 858,192 859,191 862,191 863,192 900,192 901,191 903,191 904,190 906,190 906,189 907,188 908,188 909,187 909,178 910,177 910,165 906,165 905,164 904,164 903,163 899,163 898,162 886,162 885,161 885,149 823,149 822,150 821,150 820,151 816,151 816,152 815,153 815,156 814,157 814,159 813,160 813,162 812,163 811,163 810,164 808,164 806,162 805,162 804,161 792,161 791,160 791,159 750,159 748,161 739,161 738,162 731,162 730,163 729,163 728,164 726,164 726,165 725,166 724,165 724,164 723,163 722,163 721,162 704,162 703,161 703,154 702,153 702,151 701,150 699,150 698,149 665,149 664,150 660,150 659,151 658,151 657,152 654,152 653,151 597,151 596,152 596,162 595,163 553,163 552,162 552,152 550,150 502,150 501,151 478,151 477,152 477,154 476,155 476,161 475,162 462,162 461,163 422,163 421,162 421,159 406,159 405,158 405,156 404,155 404,150 403,149 369,149 368,150 367,150 366,151 362,151 362,162 361,163 346,163 345,162 346,161 346,160 348,158 348,149 296,149 295,150 293,150 293,151 292,152 292,159 290,161 261,161 260,162 257,162 255,164 254,164 252,166 252,169 251,170 251,172 250,173 239,173 238,172 238,163 237,162 237,161 234,161 232,159 232,158 195,158 194,159 194,160 193,161 166,161 165,160 165,155 151,155 150,154 150,153 149,152 149,151 148,151 147,150 146,150 145,149"/><TextEquiv><Unicode/></TextEquiv><TextLine id="r2_l001"><Coords points="451,200 450,199 449,199 447,198 447,189 447,188 403,188 402,189 399,189 398,188 299,188 298,187 241,187 240,188 240,189 239,190 239,191 237,193 236,193 235,194 234,194 233,195 231,195 229,194 229,189 229,188 180,188 179,187 155,187 154,188 154,191 154,191 153,191 152,191 152,188 152,187 133,187 132,188 110,188 108,187 108,186 107,185 107,184 106,183 106,182 104,180 104,177 103,176 103,175 96,168 99,165 102,165 103,164 106,164 107,165 123,165 123,165 123,157 126,154 127,154 128,153 129,154 130,154 131,155 132,155 133,157 133,159 134,159 148,159 148,160 148,164 149,164 158,164 159,165 210,165 213,162 215,162 216,164 216,165 217,165 220,165 220,166 220,167 222,169 222,178 223,178 267,178 267,178 267,175 268,174 268,172 270,170 270,169 272,167 273,167 274,166 277,166 278,165 307,165 307,165 307,158 308,157 308,156 310,154 312,154 313,153 331,153 331,154 331,167 332,167 378,167 378,167 378,157 379,156 382,156 384,154 385,154 386,153 388,156 388,163 389,163 404,163 404,164 404,167 405,167 478,167 479,166 492,166 492,166 492,160 493,159 493,157 494,156 514,156 515,155 518,155 519,154 533,154 535,157 535,159 536,160 536,167 537,167 612,167 612,167 612,158 614,156 675,156 677,154 680,154 681,153 682,154 684,154 686,157 686,166 687,166 754,166 755,165 766,165 767,164 774,164 775,165 819,165 819,165 819,151 820,150 820,151 820,165 821,165 830,165 830,165 830,162 831,161 831,159 832,158 832,157 833,156 834,156 835,155 837,155 838,154 839,154 840,153 868,153 868,154 868,166 869,166 881,166 882,167 887,167 889,169 895,169 895,170 894,171 894,172 892,174 892,183 891,184 890,184 889,185 888,185 886,187 884,187 883,188 662,188 661,189 590,189 589,188 522,188 521,189 461,189 460,190 460,191 459,192 459,193 458,194 458,198 457,199 453,199 452,200"/><TextEquiv index="1"><Unicode>vivant, celle des poiſſons. Enfin ma fille</Unicode></TextEquiv></TextLine><TextLine id="r2_l002"><Coords points="420,240 419,240 419,234 419,233 186,233 185,232 106,232 105,232 105,231 104,230 104,228 103,227 103,225 100,222 100,218 100,217 99,217 96,215 96,213 98,211 123,211 123,211 123,205 123,204 63,204 62,204 63,203 123,203 123,203 123,201 124,200 125,200 126,199 250,199 251,198 253,198 255,200 673,200 674,199 684,199 685,198 686,198 687,199 825,199 826,200 827,200 828,202 828,204 829,205 829,207 830,208 830,210 831,210 869,210 870,211 873,211 874,212 875,212 876,213 877,213 877,214 877,225 878,225 892,225 893,227 890,230 887,230 884,233 588,233 587,234 479,234 478,235 429,235 428,236 428,237 425,240"/><TextEquiv index="1"><Unicode>vivoit du moins, &amp; reſtoit ſur le trône.</Unicode></TextEquiv></TextLine><TextLine id="r2_l003"><Coords points="710,289 708,288 708,279 708,278 626,278 625,279 584,279 583,278 514,278 513,279 476,279 475,278 428,278 427,279 427,284 427,284 426,284 425,284 425,279 425,278 406,278 405,279 367,279 366,278 320,278 319,279 317,279 316,278 259,278 258,277 205,277 204,278 202,278 201,277 169,277 168,276 119,276 118,277 108,277 107,276 105,276 104,275 103,275 100,272 99,272 98,272 98,271 96,269 96,268 95,267 95,261 94,260 95,259 95,257 96,256 96,254 97,253 97,252 102,247 104,247 105,246 107,246 108,245 110,245 111,244 151,244 152,243 152,242 154,240 156,240 157,241 159,241 159,242 159,244 160,244 205,244 207,247 207,253 208,253 220,253 223,256 299,256 300,255 313,255 313,255 313,248 315,246 318,246 319,248 319,256 320,256 439,256 440,257 551,257 552,256 567,256 567,256 567,254 568,253 568,252 570,250 570,248 571,247 572,247 574,245 575,245 576,244 580,244 581,245 645,245 646,246 647,246 648,248 648,255 649,255 662,255 663,256 827,256 828,257 858,257 858,257 858,248 861,245 864,245 864,246 864,248 865,249 865,257 866,257 882,257 883,256 888,256 889,258 889,269 891,271 891,272 892,273 891,274 888,274 887,275 887,276 886,277 886,280 884,282 884,283 882,285 881,285 880,286 877,286 875,285 875,279 875,278 844,278 843,277 722,277 721,278 719,278 718,279 718,287 717,288 714,288 713,289"/><TextEquiv index="1"><Unicode>C'étoit vraiment une conſolation pour moi;</Unicode></TextEquiv></TextLine><TextLine id="r2_l004"><Coords points="587,336 586,336 586,324 586,323 546,323 545,324 544,324 543,325 541,325 540,324 488,324 487,325 485,325 484,324 446,324 445,325 445,330 443,332 443,333 443,333 442,333 440,335 435,335 434,336 430,336 426,333 426,332 425,331 425,324 425,323 391,323 390,324 389,323 355,323 324,323 323,324 276,324 274,326 274,336 274,336 272,336 271,336 271,325 271,324 266,324 265,323 197,323 196,322 156,322 155,323 155,325 155,325 154,325 154,324 154,323 152,323 151,322 97,322 95,321 95,320 94,319 94,305 95,304 95,303 97,301 99,301 100,300 108,300 109,299 126,299 127,300 157,300 157,300 157,292 159,290 160,290 161,289 163,289 164,290 165,290 166,291 211,291 212,290 213,290 214,289 245,289 246,288 252,288 253,289 254,289 255,290 292,290 293,291 323,291 324,293 324,300 325,300 362,300 363,301 418,301 419,302 479,302 481,305 481,317 482,317 507,317 507,317 507,316 510,313 514,313 514,313 514,295 517,292 523,292 523,292 523,291 524,290 525,291 526,291 527,292 528,292 528,293 528,302 529,302 569,302 571,300 573,300 574,301 603,301 604,302 666,302 667,301 678,301 678,301 678,294 681,291 684,291 684,292 684,294 685,294 714,294 714,295 714,301 715,301 774,301 774,301 774,295 775,294 775,293 776,292 777,292 778,291 779,291 780,290 783,290 783,291 783,301 784,301 819,301 820,300 820,299 822,297 822,295 823,294 823,293 824,292 825,292 827,290 828,290 830,288 833,288 834,289 835,289 836,291 836,301 837,301 874,301 874,301 874,293 876,291 878,291 880,289 882,289 884,291 886,291 887,293 887,310 888,311 888,312 889,313 889,316 888,317 888,318 888,318 887,318 886,319 886,322 886,322 874,322 873,323 815,323 814,324 813,324 812,323 718,323 716,325 716,332 715,333 710,333 709,334 708,334 706,333 706,324 706,323 674,323 673,322 645,322 635,322 634,323 592,323 591,324 591,336 591,336"/><TextEquiv index="1"><Unicode>mais il falloit manger. Je trouvai par haſard</Unicode></TextEquiv></TextLine><TextLine id="r2_l005"><Coords points="197,381 196,381 196,369 196,368 183,368 182,367 125,367 117,367 116,368 101,368 96,364 96,334 98,332 103,332 104,334 104,336 106,338 106,339 107,340 107,341 108,342 108,345 111,347 143,347 144,346 165,346 166,345 167,345 168,346 170,346 171,347 205,347 206,346 207,347 211,347 212,348 242,348 243,347 250,347 251,346 268,346 268,346 268,337 269,336 275,336 276,338 276,347 277,347 310,347 310,347 310,338 311,337 313,337 314,336 317,336 317,337 317,338 319,339 320,339 321,340 322,340 322,341 322,348 323,348 356,348 357,347 372,347 373,346 394,346 395,347 413,347 414,348 416,348 417,349 446,349 447,348 469,348 469,348 469,338 471,336 525,336 526,335 528,335 529,337 529,348 530,348 548,348 549,349 579,349 581,347 583,347 583,347 583,345 584,344 584,342 586,340 586,337 587,336 591,336 592,337 620,337 621,336 624,336 624,337 624,338 625,339 625,345 626,345 641,345 642,346 672,346 672,346 672,338 673,337 676,337 679,334 680,334 680,335 680,348 681,348 729,348 730,347 744,347 745,346 764,346 765,345 767,345 768,346 769,346 770,347 796,347 796,347 796,338 797,337 798,337 799,336 800,336 801,335 802,335 803,334 804,336 804,346 805,346 855,346 858,350 858,354 859,355 859,359 860,359 887,359 887,360 887,362 888,363 887,364 884,364 883,365 883,367 881,369 881,370 880,371 880,372 878,374 877,374 876,375 872,375 870,374 870,368 870,367 814,367 813,368 812,367 735,367 734,368 731,368 730,367 699,367 698,368 696,368 695,369 673,369 672,370 672,371 671,372 671,374 670,375 670,376 667,379 662,379 661,380 660,379 655,379 652,377 652,371 652,370 636,370 635,369 632,369 631,368 606,368 605,369 605,377 604,378 604,379 604,379 601,379 600,380 596,380 593,378 593,370 593,369 584,369 583,368 581,368 578,365 550,365 549,366 549,367 549,367 548,367 546,369 470,369 469,370 469,371 469,371 468,371 468,370 467,368 455,368 454,368 454,366 453,365 453,364 452,363 452,362 451,361 451,360 450,359 450,356 449,355 449,354 447,351 421,351 420,352 420,355 419,356 419,365 418,366 417,366 415,368 414,368 413,369 409,369 408,368 371,368 370,367 362,367 361,366 333,366 331,368 330,368 329,369 292,369 291,370 290,370 289,369 288,369 287,368 252,368 251,369 251,378 251,378 250,378 249,379 241,379 239,378 239,365 239,364 213,364 211,366 210,366 209,367 207,367 206,368 204,368 203,369 203,381 203,381"/><TextEquiv index="1"><Unicode>à mes pieds une vieille épingle crochue,</Unicode></TextEquiv></TextLine><TextLine id="r2_l006"><Coords points="621,426 620,426 620,416 620,415 204,415 201,418 201,419 200,420 120,420 118,422 117,422 116,423 106,423 104,422 104,413 104,412 103,412 102,411 101,411 100,410 99,410 97,408 96,408 95,408 95,406 94,405 94,400 95,399 95,398 96,397 96,394 97,393 98,393 100,391 101,391 102,390 105,390 106,389 195,389 195,389 195,383 197,381 556,381 557,380 558,380 559,379 856,379 857,378 864,378 865,380 865,390 866,390 877,390 878,391 880,391 881,392 885,392 885,393 885,402 886,403 886,404 886,404 882,404 881,405 881,407 880,408 880,409 877,412 797,412 796,413 792,413 791,414 790,414 789,415 700,415 699,416 699,419 696,422 696,423 696,423 694,423 692,425 623,425 622,426"/><TextEquiv index="1"><Unicode>que je courbai encore davantage. J'en fis</Unicode></TextEquiv></TextLine><TextLine id="r2_l007"><Coords points="397,469 394,467 394,466 394,465 348,465 347,464 289,464 287,463 287,460 287,459 212,459 211,458 141,458 140,457 114,457 113,456 101,456 99,455 99,454 98,453 98,451 97,450 97,441 97,440 96,440 95,440 95,437 94,436 95,435 123,435 124,434 169,434 169,434 169,428 170,427 173,427 174,426 175,426 176,425 177,425 179,427 577,427 578,426 579,426 580,425 812,425 813,424 814,424 815,423 816,424 860,424 861,426 861,435 862,435 877,435 878,436 879,436 879,437 879,438 880,439 880,442 881,443 881,451 883,453 883,455 884,456 883,457 836,457 835,458 834,458 833,459 477,459 476,460 476,461 475,462 475,463 474,464 474,465 472,467 472,468 472,468 404,468 403,469"/><TextEquiv index="1"><Unicode>un hamecon, que j'attachai au bout de la</Unicode></TextEquiv></TextLine><TextLine id="r2_l008"><Coords points="336,515 335,515 335,504 335,503 204,503 203,504 196,504 195,503 147,503 146,502 68,502 67,502 67,501 68,500 93,500 93,500 93,484 95,482 96,482 98,480 98,477 99,476 99,475 100,474 100,473 103,470 104,470 105,469 106,469 107,468 108,468 109,467 114,467 115,468 116,468 117,469 118,469 118,470 118,480 119,480 160,480 160,480 160,474 162,472 164,472 166,470 180,470 181,469 182,469 183,471 183,482 184,482 242,482 242,482 242,473 245,470 248,470 249,469 252,469 253,471 253,475 254,476 254,481 255,481 310,481 311,480 312,480 314,482 339,482 339,482 339,477 340,476 340,474 341,473 342,473 343,472 357,472 358,473 361,473 361,474 361,481 362,481 422,481 422,481 422,475 423,474 423,472 424,471 427,471 428,473 428,474 429,475 429,481 430,481 490,481 491,480 524,480 524,480 524,472 525,471 526,471 527,470 528,470 529,469 532,469 532,470 532,471 533,472 533,481 534,481 606,481 607,480 609,480 610,481 637,481 637,481 637,475 638,474 638,472 639,471 642,471 643,473 643,474 644,475 644,482 645,482 676,482 677,481 695,481 695,481 695,472 696,471 697,471 698,470 700,470 701,469 730,469 730,469 730,468 731,467 735,467 735,468 735,480 736,480 765,480 766,481 767,481 768,483 768,485 769,485 778,485 778,485 778,471 779,470 809,470 810,469 817,469 819,471 856,471 857,470 858,470 859,469 860,470 861,470 861,471 861,473 862,474 862,480 863,480 879,480 880,481 881,481 883,484 883,485 884,486 884,487 885,487 887,487 887,488 887,488 884,488 883,489 883,497 882,498 882,500 882,500 881,500 880,501 879,501 878,502 860,502 859,503 859,504 857,506 857,507 853,511 852,511 851,511 851,504 851,503 790,503 788,505 788,506 785,509 784,509 783,510 782,509 781,509 780,509 780,504 780,503 732,503 731,504 727,504 726,503 645,503 644,504 632,504 631,503 548,503 547,504 545,504 544,503 476,503 475,504 474,504 473,503 426,503 425,504 346,504 344,506 344,507 343,508 343,509 341,511 341,512 338,515"/><TextEquiv index="1"><Unicode>ficelle dont j'avois eu les mains liées, &amp; je</Unicode></TextEquiv></TextLine><TextLine id="r2_l009"><Coords points="273,561 272,560 271,560 269,559 269,557 269,556 233,556 231,555 231,551 231,550 212,550 211,549 163,549 162,548 149,548 148,547 115,547 114,546 93,546 91,545 91,527 92,526 95,526 96,525 96,522 97,521 97,520 100,517 100,516 102,514 103,514 104,513 105,513 106,512 107,512 108,511 110,511 111,512 113,512 115,514 117,514 117,515 117,516 118,516 216,516 216,517 216,518 217,519 217,525 218,525 675,525 675,525 675,524 677,522 677,520 684,513 799,513 800,514 863,514 864,516 864,534 865,534 884,534 886,537 885,538 885,539 885,539 884,539 883,540 883,541 882,542 867,542 866,543 866,546 864,548 864,559 864,559 698,559 697,560 696,559 685,559 684,558 283,558 282,559 282,560 282,560 279,560 278,561"/><TextEquiv index="1"><Unicode>formai, par ce moyen, une eſpece de li-</Unicode></TextEquiv></TextLine><TextLine id="r2_l010"><Coords points="106,607 105,607 105,604 105,603 102,603 101,602 99,602 98,602 98,601 95,598 95,577 96,576 96,574 98,572 99,572 100,571 101,571 103,569 105,569 106,568 198,568 198,568 198,565 199,564 199,563 201,561 222,561 223,560 225,560 226,561 229,561 229,562 229,568 231,569 485,569 486,568 548,568 549,567 549,566 550,565 550,564 555,559 556,559 557,558 563,558 564,559 613,559 614,560 816,560 817,559 865,559 865,560 865,569 866,569 878,569 879,570 880,570 881,572 881,579 882,579 885,579 886,581 885,582 883,582 882,583 882,586 881,587 881,588 880,589 879,589 877,591 849,591 848,592 708,592 707,593 707,596 705,598 705,599 701,603 699,602 699,601 699,600 661,600 659,599 659,595 659,594 596,594 595,593 385,593 384,594 370,594 369,595 356,595 355,596 355,604 355,604 351,604 350,605 346,605 345,605 345,604 344,603 344,596 344,595 118,595 117,596 117,598 116,599 116,600 116,600 115,600 113,602 113,605 111,607"/><TextEquiv index="1"><Unicode>gne. En coupant cette ficelle, je m'étois</Unicode></TextEquiv></TextLine><TextLine id="r2_l011"><Coords points="310,652 309,652 309,641 309,640 93,640 92,640 93,639 145,639 145,639 145,638 103,638 102,637 100,637 98,635 97,635 94,633 94,629 93,628 94,627 94,623 95,622 95,620 97,618 97,617 98,616 99,616 100,615 102,615 103,614 103,612 104,611 104,609 106,607 203,607 204,606 236,606 236,606 236,605 238,603 464,603 464,604 464,605 465,605 826,605 827,604 830,604 831,603 866,603 868,606 868,612 869,612 879,612 879,613 879,614 880,614 881,614 882,615 883,615 885,617 888,617 888,618 887,619 885,619 884,620 884,633 883,634 883,635 883,635 882,636 881,636 880,637 820,637 819,638 819,649 819,649 686,649 685,650 684,650 683,649 318,649 317,650 317,652 317,652"/><TextEquiv index="1"><Unicode>écorché la main tellement, qu'il en pendoit</Unicode></TextEquiv></TextLine><TextLine id="r2_l012"><Coords points="164,695 163,695 163,684 163,683 114,683 113,682 102,682 101,681 100,681 99,680 86,680 84,679 86,677 94,677 94,677 94,664 95,663 95,661 96,660 225,660 225,660 225,654 226,653 226,652 227,651 460,651 461,650 463,650 464,649 467,649 468,650 776,650 777,649 821,649 821,650 821,653 822,654 822,659 823,659 877,659 878,660 879,660 880,661 881,661 883,664 883,676 882,677 882,678 880,680 879,680 878,681 877,681 876,682 871,682 870,683 665,683 664,684 664,685 663,686 663,687 660,690 659,690 658,690 658,685 658,684 335,684 334,685 176,685 175,686 175,694 174,695"/><TextEquiv index="1"><Unicode>un petit morceau de chair: j'arrachai ce</Unicode></TextEquiv></TextLine><TextLine id="r2_l013"><Coords points="386,741 385,741 385,738 385,737 376,737 375,737 375,730 375,729 352,729 351,730 320,730 319,731 317,731 316,730 315,730 314,729 302,729 301,728 260,728 259,729 246,729 245,730 199,730 198,731 197,730 178,730 177,729 157,729 156,728 96,728 93,726 93,712 94,711 94,710 95,709 96,708 97,708 99,706 124,706 125,707 160,707 161,708 251,708 252,707 254,707 255,708 256,708 256,709 256,711 258,712 286,712 289,709 290,709 291,708 293,708 293,708 293,699 295,697 296,697 297,696 298,696 299,695 302,695 303,697 303,708 304,708 352,708 354,706 373,706 374,707 394,707 395,708 423,708 424,707 425,707 426,706 468,706 469,705 471,705 472,706 508,706 509,705 511,705 512,706 531,706 532,707 534,707 535,708 563,708 565,706 565,704 566,703 566,701 567,700 567,699 571,695 572,695 573,694 576,694 577,693 579,693 580,694 581,694 583,696 628,696 629,695 630,695 631,694 637,694 639,697 639,698 640,699 640,707 641,707 718,707 719,708 721,708 722,710 722,711 724,713 724,718 725,718 738,718 739,719 764,719 764,719 764,708 765,707 767,707 767,707 767,700 768,699 768,697 769,696 770,696 771,695 773,695 774,697 774,698 775,699 775,704 776,704 808,704 808,704 808,698 809,697 809,696 810,695 812,695 814,693 817,693 817,694 817,696 818,696 828,696 829,697 830,697 831,699 831,703 832,703 857,703 858,705 858,706 859,706 862,706 862,707 862,713 863,713 880,713 881,715 881,718 882,719 880,721 862,721 861,722 861,724 861,724 859,726 857,726 856,727 787,727 786,728 772,728 771,729 771,731 770,732 770,733 768,735 767,735 765,737 764,737 764,736 764,735 732,735 731,735 731,730 731,729 715,729 714,728 695,728 694,727 665,727 663,729 661,729 660,728 644,728 604,728 603,729 602,729 601,728 583,728 582,727 566,727 565,726 564,726 563,725 535,725 534,726 534,727 534,727 508,727 507,728 493,728 492,729 492,737 490,739 482,739 481,740 478,740 477,740 477,730 477,729 434,729 433,730 433,737 432,738 432,739 432,739 425,739 424,738 423,738 422,738 422,731 422,730 391,730 390,731 390,741 390,741"/><TextEquiv index="1"><Unicode>morceau de ma propre ſubſtance, je l'at-</Unicode></TextEquiv></TextLine><TextLine id="r2_l014"><Coords points="278,787 277,787 277,775 277,774 251,774 250,775 249,775 248,776 247,776 246,775 189,775 188,774 154,774 153,773 114,773 113,772 100,772 99,772 99,771 98,770 98,766 97,765 97,757 96,756 97,755 97,753 101,749 104,749 104,750 104,751 105,751 148,751 148,751 148,745 150,743 151,743 152,742 153,742 154,741 157,741 158,742 231,742 231,742 231,741 232,740 235,740 236,741 237,741 237,742 237,743 238,744 238,745 239,746 239,747 241,749 241,753 242,753 290,753 291,752 382,752 382,752 382,749 383,748 383,745 384,744 384,742 385,741 424,741 424,742 424,750 425,750 472,750 472,750 472,743 473,742 474,742 475,741 476,741 477,740 481,740 481,741 481,743 482,743 485,743 485,744 485,751 486,751 495,751 496,752 499,752 500,753 549,753 550,752 563,752 564,751 574,751 575,750 619,750 620,749 620,748 622,746 622,744 625,741 626,741 627,740 630,740 631,739 632,739 633,740 634,740 635,742 635,743 636,743 638,743 638,744 638,751 639,751 654,751 655,752 687,752 687,752 687,744 690,741 692,741 692,742 692,752 693,752 737,752 738,751 741,751 741,751 741,742 743,740 744,740 745,739 748,739 748,740 748,741 750,742 761,742 763,745 763,746 764,746 767,746 767,747 767,751 768,751 812,751 813,750 832,750 832,750 832,749 833,748 833,745 835,743 835,741 838,738 840,738 841,740 841,742 842,743 842,747 844,748 857,748 860,751 862,751 862,752 863,753 863,762 864,762 879,762 881,764 883,764 884,766 884,771 884,771 883,771 882,772 880,774 880,775 876,779 876,786 876,786 871,786 870,786 870,773 870,772 818,772 817,773 817,780 816,781 816,782 816,782 815,782 814,783 788,783 787,782 783,782 782,782 782,774 782,773 749,773 748,772 702,772 701,773 699,773 697,775 696,775 696,774 696,773 640,773 639,774 638,774 637,773 592,773 591,772 531,772 529,772 528,773 528,782 527,783 521,783 520,783 520,773 520,772 497,772 496,773 496,786 496,786 492,786 490,784 456,784 455,783 454,783 452,782 452,781 451,780 451,779 450,778 450,774 450,773 406,773 404,775 404,784 404,784 396,784 395,784 394,783 394,775 394,774 382,774 381,773 324,773 323,774 281,774 280,775 280,787 280,787"/><TextEquiv index="1"><Unicode>tachai à mon épingle pour ſervir d'appât,</Unicode></TextEquiv></TextLine><TextLine id="r2_l015"><Coords points="454,830 453,829 204,829 203,828 149,828 147,827 147,820 147,819 106,819 105,818 103,818 102,817 101,817 100,816 99,816 98,815 92,815 91,814 90,814 89,814 91,812 94,812 94,812 94,806 95,805 95,802 97,800 97,793 98,792 98,788 102,784 103,784 104,783 107,783 108,784 109,784 110,785 388,785 389,786 837,786 838,785 839,785 840,784 844,784 846,786 877,786 878,787 879,787 879,788 879,803 881,804 883,804 883,805 883,806 881,808 881,814 879,816 878,816 877,817 797,817 796,818 796,825 795,826 793,825 793,824 793,823 459,823 458,824 458,830 458,830"/><TextEquiv index="1"><Unicode>&amp; je jetai ma ligne à l'eau. Je ne tardai</Unicode></TextEquiv></TextLine><TextLine id="r2_l016"><Coords points="781,873 781,861 781,860 759,860 758,861 758,862 758,862 757,862 756,861 730,861 729,862 729,873 729,873 727,873 726,872 710,872 708,871 708,863 708,862 654,862 653,863 652,863 651,862 573,862 572,863 572,872 571,873 561,873 560,872 559,872 558,872 558,863 558,862 557,862 556,861 469,861 468,862 467,862 466,861 424,861 423,862 417,862 416,863 416,871 414,873 410,873 407,871 407,863 407,862 352,862 351,863 350,862 318,862 317,863 267,863 266,864 249,864 248,865 246,865 245,866 244,866 243,865 241,865 240,864 197,864 196,865 194,865 193,864 182,864 181,863 138,863 137,864 107,864 106,865 106,871 106,871 105,871 104,872 103,872 102,873 96,873 94,872 94,868 91,865 92,864 92,862 94,860 96,860 96,860 96,846 95,845 95,844 94,843 95,842 96,842 97,841 98,841 99,840 144,840 145,841 148,841 149,842 151,842 152,843 179,843 179,843 179,831 180,830 183,830 186,834 186,835 187,836 187,837 188,838 188,839 189,840 189,843 190,843 223,843 223,843 223,842 224,841 224,840 225,839 225,838 232,831 234,831 235,830 240,830 241,831 242,831 245,834 247,834 247,835 247,843 248,843 269,843 270,842 286,842 287,841 297,841 297,841 297,833 299,831 302,831 303,833 303,842 304,842 369,842 370,841 382,841 383,842 419,842 420,841 436,841 437,840 441,840 442,839 452,839 452,839 452,833 453,832 453,831 454,830 472,830 473,829 475,829 476,828 489,828 490,827 491,827 492,828 495,828 496,830 496,832 497,833 497,840 498,840 522,840 523,841 556,841 557,840 570,840 571,841 595,841 595,841 595,833 598,830 600,830 601,832 601,841 602,841 650,841 650,841 650,832 652,830 653,830 654,831 655,831 655,832 655,841 656,841 686,841 688,839 689,839 689,840 689,841 690,841 753,841 754,840 756,840 757,839 758,840 818,840 819,839 823,839 823,839 823,831 825,829 827,829 828,828 831,828 831,829 831,837 832,838 832,839 833,839 865,839 866,840 867,840 868,841 869,841 870,843 870,845 871,846 871,853 872,853 874,853 875,854 879,854 881,856 884,856 885,858 885,859 885,859 884,859 883,860 883,861 883,861 880,861 878,863 874,863 873,862 859,862 858,861 829,861 828,860 783,860 782,861 782,873 782,873"/><TextEquiv index="1"><Unicode>pas à ſentir un poiſſon qui vint y mordre.</Unicode></TextEquiv></TextLine><TextLine id="r2_l017"><Coords points="388,919 387,918 374,918 372,917 372,910 372,909 368,909 367,908 318,908 317,909 190,909 189,908 162,908 161,907 95,907 93,909 90,909 89,909 92,906 92,898 93,897 93,896 94,895 99,895 99,895 99,877 101,875 115,875 116,877 116,886 117,886 160,886 160,886 160,877 161,876 162,876 163,875 165,875 166,874 169,874 169,875 169,876 170,877 170,878 171,878 180,878 181,879 182,879 184,882 184,884 185,884 186,884 186,885 186,887 187,887 230,887 230,887 230,879 231,878 232,878 233,877 234,877 235,876 237,876 238,877 239,877 239,878 239,887 240,887 310,887 310,887 310,879 313,876 314,876 316,879 316,887 317,887 341,887 342,886 377,886 378,885 398,885 398,885 398,877 400,875 422,875 423,874 426,874 427,876 427,885 428,885 472,885 473,884 475,884 476,885 530,885 530,885 530,884 531,883 533,883 534,885 534,887 535,887 578,887 579,886 619,886 620,885 621,885 622,884 662,884 663,885 725,885 725,885 725,874 726,873 857,873 859,876 859,885 860,885 877,885 878,886 880,886 881,887 883,887 883,888 883,889 884,890 884,891 885,892 884,893 883,893 882,894 882,905 881,906 875,906 874,907 791,907 790,906 707,906 706,907 706,915 705,916 705,917 705,917 695,917 693,916 693,908 693,907 592,907 591,908 556,908 554,910 554,911 551,914 550,914 549,915 548,915 546,914 546,908 546,907 395,907 394,908 394,909 392,911 392,919 392,919"/><TextEquiv index="1"><Unicode>Je l'enlevai rapidement, avant qu'il eût le</Unicode></TextEquiv></TextLine><TextLine id="r2_l018"><Coords points="148,966 147,966 147,954 147,953 110,953 109,952 104,952 100,949 100,947 100,946 98,946 97,945 96,945 95,945 97,943 98,943 98,943 98,935 99,934 99,933 100,932 100,931 103,928 241,928 241,928 241,925 242,924 242,923 243,922 245,922 246,921 247,921 248,920 317,920 318,919 501,919 502,918 518,918 519,919 712,919 713,921 713,928 714,928 855,928 856,929 857,929 858,931 858,935 859,936 859,938 860,939 860,941 861,941 873,941 874,942 876,942 877,943 878,943 879,944 881,944 881,945 881,948 882,949 882,950 883,951 878,956 876,956 874,958 873,958 872,959 836,959 835,960 835,965 835,965 834,964 507,964 506,964 506,955 506,954 182,954 181,955 181,963 180,964 179,964 178,965 153,965 152,966"/><TextEquiv index="1"><Unicode>temps de ſe débarraſſer de mon hamecon,</Unicode></TextEquiv></TextLine><TextLine id="r2_l019"><Coords points="578,1009 577,1008 575,1008 573,1007 573,1006 572,1005 572,1003 571,1002 571,998 571,997 563,997 562,996 529,996 527,998 527,1006 525,1008 516,1008 515,1008 515,1007 514,1006 514,999 514,998 503,998 502,997 470,997 469,998 434,998 433,999 433,1001 433,1001 431,1001 430,1001 430,998 430,997 380,997 379,998 379,1008 378,1009 375,1009 374,1008 367,1008 364,1006 364,998 364,997 363,997 362,996 332,996 331,997 301,997 300,998 260,998 259,999 256,999 255,998 210,998 208,1000 177,1000 175,1002 175,1003 175,1003 174,1003 172,1005 171,1005 170,1006 168,1006 167,1006 167,1004 166,1003 166,998 166,997 122,997 121,998 121,1005 119,1007 111,1007 110,1006 108,1006 107,1006 107,997 107,996 105,996 101,992 100,992 99,991 97,991 96,990 95,990 94,989 93,989 92,989 93,988 93,986 94,985 96,985 97,984 97,981 99,979 99,978 101,976 103,976 104,975 107,975 108,974 119,974 120,975 128,975 129,976 146,976 146,976 146,967 147,966 153,966 153,967 153,983 156,986 156,989 157,989 174,989 175,990 176,990 177,992 177,993 178,994 178,995 179,995 207,995 207,995 207,981 209,979 210,979 211,978 233,978 233,978 233,972 234,971 234,970 235,969 236,969 237,968 258,968 259,967 259,964 261,962 265,962 266,964 266,974 267,974 275,974 277,976 327,976 328,975 330,975 331,976 364,976 365,975 401,975 401,975 401,967 402,966 403,966 404,965 407,965 408,966 409,966 410,968 410,971 411,972 411,975 412,975 466,975 468,973 469,973 469,974 469,976 470,976 501,976 502,975 504,975 504,975 504,971 505,970 505,967 506,966 506,965 507,964 545,964 546,966 546,975 547,975 582,975 583,974 593,974 593,974 593,968 595,966 598,966 601,963 602,963 603,965 603,976 604,976 619,976 620,977 621,977 623,980 623,981 625,983 625,988 626,988 637,988 638,989 639,989 640,990 641,990 642,991 671,991 671,991 671,978 673,976 674,976 675,975 682,975 683,974 693,974 693,974 693,970 694,969 694,968 696,966 697,966 698,965 700,965 701,966 702,966 702,967 702,970 703,971 703,974 704,974 767,974 767,974 767,965 768,964 773,964 773,965 773,973 774,973 785,973 786,974 829,974 829,974 829,965 830,964 834,964 834,965 834,973 835,973 872,973 873,974 874,974 874,975 877,978 877,979 879,980 880,980 880,981 880,986 881,987 881,994 880,995 876,995 875,996 851,996 850,997 849,996 721,996 720,997 719,997 718,998 717,997 708,997 707,996 646,996 645,997 645,998 643,1000 641,1000 640,1001 640,1002 637,1005 632,1005 630,1004 630,999 630,998 597,998 596,999 596,1003 595,1004 592,1004 588,1008 586,1008 585,1009"/><TextEquiv index="1"><Unicode>qui, n'étant qu'une épingle, n'avoit rien</Unicode></TextEquiv></TextLine><TextLine id="r2_l020"><Coords points="92,1011 380,1011 380,1054 92,1054"/><TextEquiv index="1"><Unicode>pour le retenir.</Unicode></TextEquiv></TextLine><TextLine id="r2_l021"><Coords points="233,1100 232,1100 232,1099 231,1098 231,1090 231,1089 166,1089 165,1088 156,1088 155,1087 148,1087 146,1086 146,1085 147,1084 147,1059 148,1058 148,1057 149,1056 283,1056 284,1055 304,1055 305,1054 391,1054 391,1054 391,1053 392,1052 392,1051 394,1049 397,1049 400,1052 537,1052 539,1054 790,1054 791,1053 792,1053 793,1052 794,1052 795,1051 855,1051 856,1050 859,1050 860,1051 861,1051 862,1053 862,1057 863,1057 865,1057 865,1058 865,1064 866,1064 876,1064 877,1065 878,1065 879,1066 881,1066 881,1067 881,1073 882,1074 882,1076 883,1077 883,1078 884,1079 883,1080 883,1081 883,1081 879,1081 877,1083 877,1084 876,1085 874,1085 873,1086 870,1086 869,1087 747,1087 746,1088 732,1088 731,1089 731,1090 730,1091 730,1092 726,1096 727,1096 767,1096 767,1097 767,1098 767,1098 723,1098 722,1099 721,1099 720,1098 602,1098 599,1096 599,1095 598,1094 598,1089 598,1088 270,1088 269,1089 247,1089 246,1090 246,1099 246,1099 245,1099 244,1100"/><TextEquiv index="1"><Unicode>Le poiſſon étoit aſſez gros; je le ſis</Unicode></TextEquiv></TextLine><TextLine id="r2_l022"><Coords points="406,1145 405,1145 405,1136 405,1135 403,1137 402,1137 401,1138 400,1138 399,1139 398,1139 397,1140 395,1139 395,1134 395,1133 253,1133 252,1134 236,1134 235,1133 234,1133 233,1132 204,1132 203,1133 189,1133 188,1134 183,1134 182,1133 172,1133 171,1132 139,1132 138,1131 102,1131 101,1130 100,1130 98,1129 98,1127 98,1126 96,1126 95,1126 98,1123 98,1111 99,1110 99,1109 101,1107 101,1106 102,1105 102,1104 103,1103 103,1102 106,1099 107,1099 108,1098 110,1098 111,1097 116,1097 117,1098 118,1098 119,1099 126,1099 127,1100 159,1100 159,1101 159,1106 160,1107 160,1111 161,1111 200,1111 201,1110 202,1110 204,1108 210,1108 210,1109 210,1110 211,1110 213,1110 214,1111 216,1111 217,1112 258,1112 259,1111 300,1111 301,1110 301,1107 302,1106 302,1105 308,1099 309,1099 310,1098 316,1098 318,1100 365,1100 366,1099 378,1099 379,1098 382,1098 382,1099 382,1101 383,1102 383,1123 384,1123 426,1123 426,1123 426,1118 427,1117 427,1116 428,1115 428,1104 429,1103 429,1102 431,1100 432,1100 434,1098 438,1098 439,1099 442,1099 443,1101 443,1103 444,1104 444,1108 445,1108 457,1108 459,1110 483,1110 483,1110 483,1102 485,1100 487,1100 488,1099 489,1099 490,1101 490,1102 491,1103 491,1111 492,1111 530,1111 530,1111 530,1101 531,1100 533,1100 535,1098 538,1098 538,1099 538,1101 539,1102 539,1110 540,1110 554,1110 555,1111 587,1111 588,1110 589,1111 622,1111 623,1110 639,1110 640,1109 718,1109 718,1109 718,1101 720,1099 724,1099 724,1100 724,1101 725,1102 725,1110 726,1110 756,1110 757,1109 758,1109 758,1109 758,1100 759,1099 760,1099 761,1098 767,1098 767,1099 767,1104 768,1105 768,1108 769,1108 783,1108 784,1109 786,1109 788,1111 812,1111 812,1111 812,1102 813,1101 814,1101 815,1100 816,1100 817,1099 822,1099 822,1100 822,1108 823,1108 874,1108 875,1110 875,1111 877,1112 879,1112 880,1114 880,1125 881,1126 881,1128 881,1128 878,1128 877,1129 877,1130 876,1131 870,1131 869,1132 869,1133 869,1133 868,1132 866,1132 865,1131 817,1131 816,1132 815,1131 781,1131 780,1132 779,1131 769,1131 768,1130 727,1130 726,1131 725,1131 724,1132 691,1132 689,1134 679,1134 678,1135 678,1136 677,1137 677,1139 673,1143 669,1143 668,1144 665,1144 664,1143 661,1143 658,1141 658,1140 657,1139 657,1134 657,1133 632,1133 631,1132 600,1132 599,1133 585,1133 584,1132 551,1132 550,1131 508,1131 507,1132 506,1132 505,1133 488,1133 486,1135 486,1136 484,1138 484,1139 481,1142 480,1142 480,1132 480,1131 444,1131 443,1132 412,1132 411,1133 411,1145 411,1145"/><TextEquiv index="1"><Unicode>ſéchen au ſoleil, &amp; je le mangeai de bon</Unicode></TextEquiv></TextLine><TextLine id="r2_l023"><Coords points="365,1188 363,1187 363,1177 363,1176 337,1176 336,1177 313,1177 312,1178 310,1178 309,1179 308,1179 307,1178 304,1178 303,1177 275,1177 274,1178 272,1178 271,1179 270,1179 269,1178 267,1178 266,1177 238,1177 236,1179 232,1179 231,1178 155,1178 154,1179 154,1186 153,1187 121,1187 119,1185 118,1185 117,1185 117,1179 117,1178 100,1178 99,1178 99,1177 98,1175 97,1175 94,1173 95,1172 95,1162 96,1161 96,1158 100,1154 101,1154 102,1153 108,1153 109,1154 175,1154 175,1154 175,1153 176,1152 176,1150 177,1149 177,1148 178,1147 178,1144 180,1142 184,1142 184,1143 184,1146 185,1146 207,1146 208,1147 209,1147 209,1148 209,1149 210,1150 210,1155 211,1155 223,1155 223,1156 223,1158 224,1158 227,1158 227,1159 227,1161 228,1162 228,1172 229,1172 263,1172 263,1172 263,1170 265,1168 266,1168 266,1168 266,1151 269,1148 269,1147 270,1146 284,1146 285,1147 293,1147 294,1148 295,1148 296,1150 296,1154 297,1155 297,1156 298,1156 327,1156 328,1155 330,1155 331,1156 332,1156 333,1157 334,1157 335,1158 363,1158 364,1157 365,1157 366,1156 367,1156 368,1155 404,1155 404,1155 404,1148 405,1147 405,1146 406,1145 411,1145 412,1147 412,1155 413,1155 451,1155 452,1154 452,1152 453,1151 453,1150 454,1149 454,1148 459,1143 460,1143 461,1142 466,1142 470,1146 471,1146 472,1148 472,1155 473,1155 496,1155 497,1156 526,1156 527,1155 544,1155 544,1155 544,1154 545,1153 545,1152 546,1151 546,1150 547,1149 547,1148 550,1145 551,1145 552,1144 553,1144 554,1143 570,1143 572,1146 572,1147 573,1148 573,1155 574,1155 595,1155 596,1156 638,1156 639,1155 640,1156 673,1156 674,1155 682,1155 683,1154 699,1154 700,1155 728,1155 729,1154 731,1154 731,1154 731,1145 732,1144 734,1144 735,1143 737,1143 738,1142 741,1142 741,1143 741,1144 742,1144 752,1144 753,1145 754,1145 755,1147 755,1148 756,1148 757,1148 758,1150 758,1153 759,1153 801,1153 802,1152 805,1152 806,1153 842,1153 842,1153 842,1146 843,1145 844,1145 845,1147 845,1153 846,1153 855,1153 856,1154 857,1154 858,1156 858,1162 859,1162 870,1162 874,1166 875,1166 877,1168 878,1168 880,1170 882,1170 882,1171 882,1177 881,1178 881,1179 878,1182 875,1182 872,1185 869,1185 868,1184 867,1184 865,1183 865,1177 865,1176 838,1176 837,1177 834,1177 833,1176 831,1176 830,1175 773,1175 772,1176 742,1176 741,1175 702,1175 701,1176 665,1176 664,1177 663,1177 662,1178 660,1178 659,1177 645,1177 615,1177 614,1178 600,1178 599,1177 585,1177 584,1176 547,1176 546,1177 517,1177 516,1178 515,1178 514,1179 511,1179 510,1178 508,1178 507,1177 452,1177 451,1176 397,1176 396,1177 375,1177 374,1178 374,1188 374,1188"/><TextEquiv index="1"><Unicode>appétit. J'en pris ſucceſſivement d'autres,</Unicode></TextEquiv></TextLine><TextLine id="r2_l024"><Coords points="98,1234 97,1234 97,1217 95,1215 97,1213 98,1213 98,1213 98,1210 99,1209 99,1204 100,1203 100,1202 103,1199 104,1199 105,1198 108,1198 109,1197 110,1197 111,1198 120,1198 121,1199 148,1199 148,1199 148,1191 150,1189 154,1189 155,1191 155,1201 156,1201 191,1201 192,1200 193,1201 205,1201 206,1202 247,1202 248,1201 250,1201 251,1200 251,1196 252,1195 252,1194 256,1190 258,1190 259,1189 266,1189 267,1191 267,1192 268,1193 268,1201 269,1201 295,1201 296,1200 343,1200 343,1200 343,1191 345,1189 348,1189 350,1191 352,1191 352,1192 352,1201 353,1201 379,1201 380,1200 399,1200 400,1199 414,1199 415,1198 418,1198 418,1199 418,1200 419,1200 452,1200 453,1199 474,1199 475,1200 495,1200 496,1201 539,1201 540,1200 590,1200 591,1201 610,1201 610,1201 610,1192 613,1189 614,1189 616,1192 616,1199 617,1199 661,1199 662,1200 706,1200 708,1198 708,1196 709,1195 709,1193 711,1191 711,1190 713,1188 714,1188 715,1187 716,1187 717,1186 722,1186 723,1187 754,1187 755,1186 756,1186 757,1187 786,1187 787,1186 791,1186 793,1189 793,1198 794,1198 832,1198 833,1197 834,1197 836,1199 853,1199 854,1200 855,1200 856,1201 878,1201 878,1202 878,1203 881,1206 881,1216 882,1217 882,1220 883,1221 883,1221 880,1221 879,1222 879,1225 877,1227 876,1227 874,1229 873,1229 872,1230 870,1230 869,1230 869,1229 868,1228 868,1223 868,1222 867,1222 866,1221 850,1221 849,1220 846,1220 845,1219 804,1219 803,1220 772,1220 771,1221 767,1221 766,1220 687,1220 686,1221 684,1221 683,1222 679,1222 678,1221 659,1221 658,1222 658,1233 658,1233 657,1233 656,1233 656,1222 656,1221 629,1221 628,1222 625,1222 624,1223 623,1222 595,1222 594,1221 545,1221 544,1222 511,1222 510,1221 472,1221 457,1221 456,1222 455,1221 419,1221 418,1222 417,1221 414,1221 384,1221 383,1222 381,1222 380,1223 377,1223 376,1222 333,1222 332,1223 219,1223 218,1222 182,1222 181,1223 180,1222 178,1222 177,1221 153,1221 152,1220 126,1220 125,1221 125,1230 125,1230 124,1230 123,1231 114,1231 113,1230 112,1230 110,1229 110,1221 110,1220 109,1220 108,1221 108,1234 108,1234"/><TextEquiv index="1"><Unicode>qui me fournirent une nourriture ſuffiſante;</Unicode></TextEquiv></TextLine><TextLine id="r2_l025"><Coords points="344,1279 343,1279 343,1270 343,1269 213,1269 212,1268 187,1268 186,1267 101,1267 100,1266 99,1266 97,1265 97,1235 98,1234 540,1234 541,1233 542,1233 543,1232 749,1232 750,1234 750,1238 752,1240 752,1242 753,1242 767,1242 768,1243 876,1243 878,1245 879,1245 880,1246 883,1246 883,1247 883,1249 882,1250 876,1250 875,1251 874,1251 873,1252 873,1263 872,1264 872,1265 872,1265 870,1265 869,1266 829,1266 828,1267 828,1278 828,1278 575,1278 574,1279"/><TextEquiv index="1"><Unicode>la chair des premiers ſervit d'appât pour</Unicode></TextEquiv></TextLine><TextLine id="r2_l026"><Coords points="392,1324 391,1324 391,1313 391,1312 390,1312 389,1311 363,1311 362,1312 351,1312 350,1313 350,1324 350,1324 346,1324 345,1324 345,1313 345,1312 343,1312 342,1311 312,1311 311,1312 311,1313 311,1313 269,1313 268,1312 243,1312 242,1313 222,1313 221,1314 220,1314 219,1313 202,1313 201,1312 151,1312 150,1311 99,1311 97,1310 97,1306 96,1305 96,1292 99,1289 100,1289 101,1288 104,1288 105,1287 107,1287 108,1288 110,1288 111,1289 164,1289 165,1290 182,1290 183,1291 190,1291 191,1292 221,1292 222,1291 237,1291 238,1290 240,1290 241,1291 268,1291 268,1291 268,1282 269,1281 270,1281 271,1280 272,1280 273,1279 274,1279 275,1278 276,1278 277,1280 277,1291 278,1291 308,1291 309,1292 333,1292 334,1291 335,1291 335,1291 335,1290 336,1289 336,1287 338,1285 338,1284 339,1283 339,1282 342,1279 374,1279 375,1280 376,1280 376,1281 376,1290 377,1290 409,1290 410,1289 449,1289 450,1288 451,1288 453,1290 466,1290 467,1291 468,1291 469,1292 486,1292 487,1293 488,1293 489,1294 514,1294 515,1293 517,1293 518,1292 519,1292 520,1291 525,1291 526,1290 556,1290 557,1289 569,1289 569,1289 569,1280 570,1279 575,1279 575,1280 575,1282 576,1283 576,1290 577,1290 589,1290 590,1291 613,1291 613,1291 613,1281 615,1279 627,1279 629,1277 630,1278 631,1278 631,1279 631,1306 632,1306 656,1306 656,1306 656,1291 657,1290 659,1290 660,1289 660,1288 661,1287 661,1286 662,1285 662,1284 664,1282 664,1280 665,1279 666,1279 667,1278 693,1278 694,1277 708,1277 709,1279 709,1289 710,1289 735,1289 735,1289 735,1279 736,1278 741,1278 741,1279 741,1287 742,1287 752,1287 752,1288 752,1289 754,1290 777,1290 777,1290 777,1281 780,1278 782,1278 783,1277 786,1277 786,1278 786,1288 787,1288 822,1288 822,1288 822,1282 823,1281 823,1279 824,1278 829,1278 829,1279 829,1289 830,1289 858,1289 859,1288 860,1288 861,1289 863,1289 867,1294 867,1295 868,1296 868,1302 869,1302 870,1302 872,1304 874,1304 876,1307 876,1309 874,1311 873,1311 872,1312 857,1312 856,1311 855,1311 854,1310 784,1310 783,1311 782,1311 781,1310 710,1310 709,1311 659,1311 658,1310 634,1310 633,1311 617,1311 616,1312 614,1312 612,1310 589,1310 588,1310 587,1311 575,1311 574,1312 529,1312 528,1313 517,1313 516,1312 492,1312 491,1313 491,1314 489,1316 489,1317 486,1320 485,1320 484,1321 482,1321 480,1320 480,1312 480,1311 451,1311 450,1312 445,1312 444,1311 420,1311 419,1312 418,1312 417,1311 395,1311 394,1312 394,1324 394,1324"/><TextEquiv index="1"><Unicode>amorcer les ſuivants; mais il falloit boire</Unicode></TextEquiv></TextLine><TextLine id="r2_l027"><Coords points="438,1368 437,1367 432,1367 431,1366 429,1366 428,1366 428,1358 428,1357 378,1357 377,1358 342,1358 341,1357 340,1357 339,1356 308,1356 307,1357 306,1357 305,1358 301,1358 300,1359 286,1359 285,1358 242,1358 229,1358 228,1359 216,1359 215,1358 214,1358 213,1357 161,1357 160,1356 159,1356 158,1355 107,1355 106,1356 100,1356 97,1354 98,1353 98,1351 99,1350 99,1323 100,1322 109,1322 110,1323 139,1323 140,1324 142,1324 142,1325 142,1334 143,1334 155,1334 156,1335 157,1335 158,1336 192,1336 193,1335 203,1335 204,1336 268,1336 268,1336 268,1327 269,1326 273,1326 275,1324 277,1324 278,1325 288,1325 290,1327 293,1327 294,1329 294,1336 295,1336 306,1336 307,1337 339,1337 340,1336 342,1336 343,1335 343,1330 344,1329 344,1325 345,1324 351,1324 351,1325 351,1334 352,1334 361,1334 362,1335 389,1335 389,1335 389,1325 390,1324 395,1324 395,1325 395,1326 396,1327 396,1334 397,1334 451,1334 451,1334 451,1327 453,1325 455,1325 457,1323 460,1323 461,1324 487,1324 488,1325 490,1325 490,1326 490,1335 491,1335 509,1335 510,1336 562,1336 563,1335 566,1335 566,1335 566,1326 568,1324 569,1324 570,1323 575,1323 575,1324 575,1326 576,1326 586,1326 588,1329 588,1330 589,1330 601,1330 601,1331 601,1334 603,1335 641,1335 642,1334 647,1334 648,1335 679,1335 680,1334 682,1334 682,1334 682,1326 685,1323 687,1323 688,1322 691,1322 691,1323 691,1334 692,1334 707,1334 708,1335 740,1335 741,1334 754,1334 755,1333 756,1334 787,1334 788,1333 790,1333 791,1334 798,1334 799,1335 846,1335 846,1335 846,1327 847,1326 847,1325 848,1324 852,1324 853,1326 853,1327 854,1328 854,1334 855,1334 869,1334 870,1335 871,1335 875,1340 875,1342 876,1343 876,1344 875,1345 875,1352 874,1353 874,1354 872,1356 871,1356 870,1357 851,1357 850,1358 850,1360 847,1363 847,1364 845,1366 844,1366 842,1364 812,1364 811,1364 811,1356 811,1355 778,1355 777,1356 770,1356 769,1357 768,1356 764,1356 709,1356 708,1357 704,1357 703,1356 690,1356 689,1355 649,1355 648,1356 625,1356 624,1357 574,1357 573,1356 531,1356 530,1357 528,1357 527,1358 526,1358 525,1357 471,1357 470,1356 441,1356 440,1357 440,1366 439,1367 439,1368 439,1368"/><TextEquiv index="1"><Unicode>Ma nacelle étoit pleine d'eau de mer; je</Unicode></TextEquiv></TextLine><TextLine id="r2_l028"><Coords points="596,1415 595,1415 595,1403 595,1402 579,1402 578,1403 578,1404 577,1405 577,1406 576,1407 576,1408 575,1409 575,1410 575,1410 572,1410 571,1410 571,1404 571,1403 548,1403 547,1402 514,1402 513,1403 513,1413 512,1414 503,1414 500,1412 500,1404 499,1402 457,1402 456,1403 454,1403 453,1402 452,1402 451,1401 423,1401 422,1402 421,1402 420,1403 372,1403 371,1402 351,1402 336,1402 335,1403 331,1403 330,1402 299,1402 298,1403 284,1403 283,1404 283,1414 283,1414 282,1414 282,1404 282,1403 250,1403 248,1405 248,1407 247,1408 247,1409 246,1410 246,1411 245,1412 244,1412 243,1413 238,1413 236,1412 236,1404 236,1403 225,1403 224,1402 174,1402 173,1401 101,1401 100,1400 99,1400 96,1398 96,1397 96,1396 91,1396 90,1396 92,1394 94,1394 94,1394 94,1371 96,1369 100,1369 101,1368 102,1368 103,1367 106,1367 106,1368 106,1372 107,1373 107,1374 108,1374 110,1374 110,1375 110,1379 111,1379 123,1379 124,1380 193,1380 194,1379 209,1379 211,1381 263,1381 263,1381 263,1380 264,1379 280,1379 280,1379 280,1373 282,1371 313,1371 314,1370 315,1370 316,1369 317,1369 318,1368 319,1368 320,1370 320,1378 321,1379 321,1381 322,1381 338,1381 339,1382 367,1382 368,1381 373,1381 374,1380 399,1380 399,1380 399,1374 400,1373 400,1371 401,1370 402,1370 403,1369 404,1369 405,1371 405,1380 406,1380 440,1380 441,1379 446,1379 447,1380 574,1380 574,1380 574,1372 575,1371 576,1371 577,1370 578,1370 579,1371 580,1371 580,1372 580,1381 581,1381 625,1381 626,1380 677,1380 679,1383 679,1394 681,1395 707,1395 707,1395 707,1372 708,1371 708,1370 709,1369 721,1369 722,1371 722,1379 723,1379 745,1379 746,1380 777,1380 777,1380 777,1379 778,1378 779,1378 780,1377 781,1378 798,1378 799,1379 827,1379 828,1378 868,1378 869,1379 872,1379 873,1380 875,1380 876,1382 876,1384 878,1385 879,1385 879,1386 879,1386 878,1386 876,1388 876,1399 875,1400 874,1400 873,1401 872,1401 871,1402 870,1402 869,1403 852,1403 851,1404 851,1411 851,1411 840,1411 839,1411 839,1403 839,1402 828,1402 827,1401 799,1401 798,1400 750,1400 749,1401 748,1401 747,1402 746,1402 745,1401 699,1401 687,1401 686,1402 634,1402 633,1403 633,1411 632,1412 632,1413 632,1413 623,1413 621,1412 621,1403 621,1402 601,1402 600,1403 600,1415 600,1415"/><TextEquiv index="1"><Unicode>la nettoyai le mieux que je pus. Le temps</Unicode></TextEquiv></TextLine><TextLine id="r2_l029"><Coords points="467,1461 466,1461 466,1449 466,1448 462,1448 461,1449 457,1449 456,1450 456,1451 453,1454 451,1454 450,1455 449,1454 448,1454 447,1454 447,1448 447,1447 343,1447 342,1446 315,1446 314,1447 309,1447 308,1448 307,1447 274,1447 273,1448 271,1448 270,1447 242,1447 210,1447 209,1448 206,1448 205,1447 204,1447 203,1446 176,1446 175,1447 169,1447 168,1446 132,1446 131,1445 107,1445 106,1444 105,1444 100,1440 100,1439 98,1437 98,1420 97,1419 99,1417 108,1417 108,1417 108,1416 111,1413 115,1413 116,1412 119,1412 119,1413 119,1414 120,1415 120,1424 121,1424 122,1424 123,1425 167,1425 167,1425 167,1419 168,1418 168,1417 170,1415 174,1415 174,1416 174,1422 175,1422 182,1422 184,1424 190,1424 191,1425 208,1425 208,1426 208,1427 209,1427 239,1427 240,1426 241,1426 242,1425 258,1425 259,1424 259,1423 260,1422 260,1421 262,1419 262,1418 265,1415 267,1415 268,1414 286,1414 289,1418 289,1425 290,1425 313,1425 315,1427 342,1427 343,1426 362,1426 363,1425 373,1425 373,1425 373,1417 375,1415 376,1415 377,1414 381,1414 381,1415 381,1416 382,1417 382,1421 383,1422 383,1425 384,1425 432,1425 433,1426 434,1426 435,1427 436,1427 438,1430 438,1438 439,1438 474,1438 474,1438 474,1431 475,1430 475,1429 476,1428 477,1428 478,1427 480,1427 481,1426 530,1426 530,1426 530,1420 531,1419 531,1417 533,1415 537,1415 537,1416 537,1426 538,1426 572,1426 573,1425 592,1425 592,1425 592,1417 594,1415 600,1415 600,1416 600,1420 601,1421 601,1425 602,1425 651,1425 651,1425 651,1416 653,1414 656,1414 656,1415 656,1417 657,1418 657,1425 658,1425 722,1425 723,1426 758,1426 759,1425 763,1425 764,1424 774,1424 774,1424 774,1417 776,1415 780,1415 781,1416 808,1416 810,1414 811,1414 812,1413 817,1413 818,1414 821,1414 821,1415 821,1421 822,1422 822,1424 823,1424 852,1424 853,1425 871,1425 872,1426 873,1426 875,1429 875,1430 877,1431 878,1431 878,1431 878,1419 879,1418 879,1419 879,1433 880,1434 880,1435 880,1435 878,1435 877,1436 877,1446 877,1446 876,1446 875,1447 871,1447 870,1448 864,1448 863,1447 862,1447 861,1446 791,1446 790,1445 736,1445 735,1446 709,1446 708,1447 651,1447 650,1446 648,1446 617,1446 616,1447 615,1447 614,1446 583,1446 582,1447 581,1447 580,1448 580,1456 579,1457 575,1457 574,1458 571,1458 570,1457 569,1457 568,1457 568,1448 568,1447 537,1447 536,1448 473,1448 472,1449 472,1461 472,1461"/><TextEquiv index="1"><Unicode>devint aſſez calme, mais pluvieux: c'eſt ce</Unicode></TextEquiv></TextLine><TextLine id="r2_l030"><Coords points="464,1501 462,1500 462,1492 462,1491 433,1491 432,1492 430,1492 429,1493 426,1493 425,1492 401,1492 400,1491 398,1491 397,1490 373,1490 372,1491 372,1499 372,1499 363,1499 361,1501 359,1501 357,1500 357,1493 357,1492 335,1492 334,1491 285,1491 284,1492 275,1492 274,1493 273,1492 243,1492 228,1492 227,1493 226,1492 200,1492 199,1491 187,1491 186,1490 124,1490 123,1491 123,1498 122,1499 122,1500 122,1500 111,1500 109,1499 109,1491 109,1490 108,1490 107,1489 102,1489 99,1487 99,1484 98,1483 98,1473 102,1469 103,1469 104,1468 108,1468 109,1467 110,1467 111,1468 121,1468 122,1469 147,1469 147,1469 147,1460 149,1458 153,1458 154,1460 154,1472 155,1472 183,1472 184,1471 185,1471 186,1470 208,1470 209,1471 257,1471 257,1471 257,1470 258,1469 258,1468 259,1467 259,1465 263,1461 265,1461 267,1459 291,1459 291,1460 291,1469 292,1469 304,1469 305,1470 342,1470 343,1471 344,1471 345,1472 365,1472 366,1473 395,1473 396,1472 397,1472 398,1471 401,1471 402,1470 465,1470 465,1470 465,1466 466,1465 466,1462 467,1461 473,1461 473,1462 473,1463 475,1465 475,1471 476,1471 489,1471 490,1472 520,1472 521,1471 573,1471 574,1470 612,1470 612,1470 612,1463 613,1462 613,1461 614,1460 615,1460 616,1459 627,1459 628,1458 641,1458 642,1459 652,1459 653,1460 654,1460 654,1461 654,1470 655,1470 709,1470 710,1469 711,1469 711,1469 711,1467 712,1466 712,1465 713,1464 713,1463 715,1461 715,1460 716,1459 718,1459 719,1458 720,1458 721,1457 737,1457 738,1458 739,1458 739,1459 739,1460 740,1461 740,1469 741,1469 790,1469 790,1469 790,1460 791,1459 794,1459 795,1458 796,1458 797,1457 798,1457 798,1458 798,1459 800,1460 809,1460 810,1461 812,1461 812,1462 812,1464 814,1466 814,1467 815,1467 816,1467 816,1468 816,1469 817,1469 872,1469 872,1470 872,1475 873,1476 873,1477 875,1479 875,1480 876,1481 876,1487 877,1488 876,1489 876,1490 874,1492 874,1493 874,1493 872,1493 871,1494 867,1494 866,1493 865,1493 864,1492 820,1492 819,1491 788,1491 787,1492 786,1492 785,1492 785,1491 785,1490 745,1490 744,1491 706,1491 705,1492 616,1492 615,1493 521,1493 520,1492 519,1492 518,1491 494,1491 493,1492 493,1495 493,1495 471,1495 467,1499 467,1500 466,1501"/><TextEquiv index="1"><Unicode>qui me ſauva; car je recueillis aſſez d'eau</Unicode></TextEquiv></TextLine><TextLine id="r2_l031"><Coords points="556,1550 555,1550 555,1539 555,1538 516,1538 515,1537 426,1537 425,1538 420,1538 419,1537 387,1537 385,1539 382,1536 280,1536 279,1535 251,1535 250,1536 248,1536 247,1537 220,1537 218,1535 179,1535 178,1536 178,1545 177,1546 168,1546 165,1544 165,1535 165,1534 139,1534 138,1535 110,1535 109,1534 107,1534 106,1533 105,1533 102,1531 102,1530 101,1529 101,1528 100,1527 100,1521 101,1520 101,1518 104,1515 105,1515 106,1514 107,1514 108,1513 110,1513 110,1513 110,1504 111,1503 116,1503 117,1502 118,1503 120,1503 120,1504 120,1505 122,1506 124,1506 125,1507 153,1507 154,1506 156,1506 156,1507 156,1515 157,1515 169,1515 170,1514 188,1514 188,1514 188,1506 189,1505 190,1505 191,1504 192,1504 193,1503 196,1503 196,1504 196,1505 197,1506 197,1515 198,1515 225,1515 225,1515 225,1507 227,1505 230,1505 230,1506 230,1507 231,1508 231,1515 232,1515 246,1515 247,1516 278,1516 279,1515 280,1515 280,1515 280,1509 281,1508 282,1508 282,1508 282,1506 283,1505 284,1505 285,1504 288,1504 289,1503 290,1504 291,1504 291,1505 291,1512 295,1515 345,1515 346,1516 383,1516 384,1515 416,1515 417,1516 448,1516 449,1515 456,1515 457,1514 460,1514 461,1515 524,1515 524,1515 524,1508 526,1506 528,1506 530,1504 544,1504 545,1506 545,1516 546,1516 561,1516 562,1517 563,1517 564,1518 565,1518 565,1519 565,1521 567,1523 567,1528 568,1528 602,1528 602,1528 602,1519 604,1517 605,1517 606,1516 607,1516 608,1515 663,1515 664,1514 665,1514 666,1515 714,1515 715,1514 744,1514 744,1514 744,1510 745,1509 745,1507 746,1506 747,1506 748,1505 774,1505 775,1504 778,1504 779,1503 780,1503 781,1504 782,1504 782,1505 782,1514 783,1514 836,1514 837,1513 850,1513 851,1515 851,1521 852,1521 870,1521 871,1522 873,1522 873,1523 873,1524 876,1527 876,1528 875,1529 875,1530 875,1530 874,1530 873,1531 854,1531 853,1532 853,1534 852,1535 850,1535 849,1536 849,1549 849,1549 846,1549 845,1549 845,1536 845,1535 824,1535 823,1536 820,1536 819,1535 787,1535 786,1536 769,1536 768,1535 736,1535 735,1536 725,1536 724,1537 722,1537 721,1536 710,1536 709,1535 669,1535 667,1537 666,1536 620,1536 619,1537 619,1548 619,1548 618,1548 617,1547 605,1547 604,1547 604,1546 604,1545 575,1545 572,1543 572,1539 572,1538 562,1538 561,1539 561,1550 561,1550"/><TextEquiv index="1"><Unicode>de pluie dans ma nacelle, pour m'abreu-</Unicode></TextEquiv></TextLine><TextLine id="r2_l032"><Coords points="261,1594 260,1593 256,1593 255,1592 254,1592 251,1590 251,1584 251,1583 222,1583 221,1582 133,1582 132,1581 109,1581 107,1580 107,1579 106,1578 106,1573 105,1572 105,1569 104,1568 104,1567 103,1566 103,1564 103,1563 102,1563 101,1562 100,1562 99,1562 99,1561 98,1560 99,1559 99,1558 100,1557 197,1557 197,1557 197,1550 198,1549 305,1549 306,1548 307,1548 308,1547 310,1547 311,1546 324,1546 325,1547 381,1547 382,1548 386,1548 387,1549 388,1549 389,1550 723,1550 723,1550 723,1549 724,1548 724,1546 725,1545 729,1545 729,1546 729,1547 730,1548 730,1549 731,1549 850,1549 850,1550 850,1551 851,1552 851,1559 852,1559 872,1559 872,1560 872,1565 873,1566 873,1567 874,1568 874,1571 876,1572 877,1572 878,1574 878,1574 877,1574 876,1575 874,1575 872,1577 868,1577 866,1579 866,1580 865,1581 865,1582 865,1582 832,1582 831,1583 797,1583 796,1584 796,1588 795,1589 790,1589 789,1590 788,1590 787,1589 786,1589 784,1588 784,1586 784,1585 444,1585 443,1586 443,1591 443,1591 440,1591 439,1592 273,1592 272,1593 272,1594 272,1594"/><TextEquiv index="1"><Unicode>ver. Je paſſai ſix jours dans cet état, vi-</Unicode></TextEquiv></TextLine></TextRegion><ImageRegion id="r3"><Coords points="320,93 319,95 319,105 320,106 320,113 323,115 323,120 319,123 319,135 330,135 331,136 365,136 367,134 367,125 368,123 369,125 369,134 370,134 371,135 419,135 420,136 460,136 461,135 468,135 469,136 507,136 508,135 521,135 524,139 524,140 526,141 560,141 561,140 563,140 563,139 564,137 565,137 566,136 567,137 616,137 617,136 698,136 699,135 699,130 701,129 705,129 705,120 695,120 694,119 695,118 695,108 692,106 692,103 566,103 565,104 563,104 561,105 560,105 559,104 526,104 524,103 524,101 471,101 470,103 469,103 468,104 465,101 431,101 429,103 429,105 428,106 428,107 427,108 427,110 426,111 426,113 425,114 424,113 424,107 422,106 422,103 421,103 420,101 382,101 381,100 381,99 380,98 380,96 377,93"/></ImageRegion></Page></PcGts>