1116 1854
257 151 1015 201 vant de ma pêche & de l'abondante roſée
224 200 1014 245 du ciel: mais cette vie ne pouvoit pas du-
259 243 1019 289 rer. Le beau temps devoit me faire périr
259 287 1019 345 de ſoif; & je mangeois triſtement des poiſ-
257 332 1021 381 ſons, en attendant que je fuſſe mange par
255 376 1021 424 leurs confreres. Dans mon inquiétude, je
257 423 1021 470 me laiſſois emporter au gré du vent & des
251 466 1024 514 flots. Enfin j'appercus, dans le lointain,
258 513 1022 561 quelque choſe que je pris pour un vaiſſeau,
256 556 1020 604 & qui en étoit un (je n'ai jamais ſu ce qui
255 600 1018 649 l'avoit amené ſi loin); je treſſaillois de joie.
252 647 1024 694 Jamais des mariniers, après un voyage au-
259 693 1024 734 tour du monde, n'ont vu la terre avec tant
259 737 437 782 de plaiſir.
304 780 1021 829 Il ne me ſuffiſoit pas de voir ce bâti-
232 826 1020 874 ment ſecourable, il falloit le rejoindre.
257 872 1020 919 Comment y parvenir ſans rames, ſans rien
257 916 1020 963 pour me conduire? Je fus ſecondé par la
256 961 1019 1007 fortune & par le vent, qui, chaſſant le
259 1005 1020 1053 vaiſſeau à peu près de mon côté, l'appro-
254 1050 1020 1097 choit de moi, quoiqu'en me chaſſant moi-
254 1095 1019 1142 même. Quand j'en fus à une moyenne diſ-
255 1140 1018 1187 tance, je me mis à pouſſer les cris les plus
256 1183 1017 1233 aigus, en élevant les bras au ciel. On m'ap-
254 1231 1017 1276 perçut, on m'entendit, on tira un coup de
254 1274 1017 1323 canon, & je vis venir à moi la chaloupe,
252 1320 1017 1367 qui ne tarda pas à me rejoindre. Elle étoit
253 1364 1017 1411 conduite par deux mouſſes, qui ſe mirent
253 1408 1014 1457 à rire en me voyant tout nu. Ils me
251 1454 1016 1500 firent entrer avec eux,“ attacherent mon
250 1499 1013 1547 eſquif au leur, & me conduiſirent au
249 1543 1013 1593 vaiſſeau. Je me vis entouré d'Anglois; car
260 100 324 133 s
