1116 1854
245 109 315 145 s
248 164 1013 212 ment dans ſa propre chambre, & parut
251 209 1014 258 faire beaucoup plus d'attention à elle qu'à
249 254 1016 302 moi. Elle paſſa devant moi, & détourna
251 299 1014 348 les yeux comme avec horreur; ce qui me
249 343 1018 388 fit réfléchir ſur ma nudité. Le chef du
253 390 1017 439 vaiſſeau, qui s'en apperçut auſſi, com-
250 435 1018 484 manda qu'on me couvrît, & l'on me donna
252 481 1018 518 un habillement de mouſſe. Enfin il dai-
250 526 1017 573 gna jeter les yeux ſur moi, & me de-
255 571 1018 620 manda, en paſſant, qui j'étois. „Je ſuis,
254 616 1020 664 “lui dis-je, un roi détrôné.“ Je me pro-
254 661 1022 711 poſois de lui expliquer l'énigme. „Point
256 707 1020 750 “de bouffonneries, s'écria-t-il en m'inter-
254 753 1017 798 “rompant; d'où venez-vous? - D'un pays
253 796 1018 845 “inconnu, lui répondis-je. -- Qui vous a
255 844 1018 890 “mis, reprit-il, dans l'état où nous vous
254 885 1020 931 “avons trouvé? -- Je n'en ſais rien, répli-
252 931 1017 979 “quai-je. -- C'eſt un bouffon, dit-il. Puiſqu'il
255 978 1018 1026 “eſt François, qu'on le mette à ſervir les
259 1024 1020 1069 “priſonniers de ſa nation.“ A ces mots
251 1069 1018 1116 il paſſa ſon chemin. „Mais, Monſieur,
262 1113 1018 1159 “lui criai-je, écoutez-moi.“ Il étoit plein
255 1157 1018 1205 de ſa belle Francoiſe; il ne me répondit
261 1216 332 1254 pas.
308 1251 1019 1295 Je me vis traité comme le dernier po-
252 1294 1017 1344 liſſon. Je ſervis à table les officiers priſon-
255 1341 1016 1388 niers, ſans pouvoir parler qu'avec beau-
257 1385 1017 1432 coup de peine; car j'avois la voix éteinte
234 1428 1016 1479 par un gros rhume. Je fus envoyé chez la
257 1473 1015 1525 dame, pour lui offrir mes ſervices; je la
252 1521 1015 1570 trouvai le viſage appuyé ſur ſon lit, im-
251 1565 1018 1614 mobile & gémiſſante. J'eus beau la prier
