1116 1854
93 131 887 183 “Mais comment ſe trouvoit - elle ſur mer?
99 182 888 228 “ C'eſt ce que j'ignore, me répondit cet
96 228 887 274 “honnête homme;“ & je n'en pus tirer
88 270 520 307 d'autre éclairciſſement.
144 308 890 363 J'étois furieux d'avoir laiſſé partir ma
97 360 889 409 maîtreſſe; mais comment la rejoindre?
92 404 891 453 Je venois d'obtenir ma liberté; mais je ne
97 451 887 500 poſſédois pas une obole. On m'offrit, gra-
94 496 887 542 cieuſement de me garder pour mouſſe,
93 540 887 586 dans le vaiſſeau qui m'avoit amené. Cela
99 583 891 633 me donna l'idée de ſolliciter ce poſte ſur
98 632 891 678 quelque autre bâtiment qui partît pour la
99 677 885 723 France. Je trouvai, non ſans peine, ce que
99 720 892 768 je cherchois; mais je fus obligé d'attendre
99 766 888 812 quinze jours un vaiſſeau qui partit pour
101 811 889 856 Rouen. Nous eûmes beaucoup à ſouffrir
99 854 887 900 dans la traverſée; j'eſſuyai bien des humi-
101 899 887 947 liations dans l'honorable fonction de mouſſe
102 944 929 994 que j'exercois; mais enfin j'arrivai dans la
104 989 893 1038 capitale de Normandie; & j'y quittai le
107 1036 897 1083 ſervice maritime. Je rencontrai, ſur le port,
106 1080 888 1134 un ancien ami, à qui je me fis connoître.
110 1126 886 1171 Il me donna un lous; il venoit du Havre;
106 1170 897 1217 il y avoit vu débarquer une dame, telle
111 1215 886 1262 que je lui peignis Julie, & il m'aſſura
108 1259 884 1305 qu'elle avoit pris la route de Paris. Je
114 1304 885 1353 partis ſur le champ pour le lieu qui
112 1350 886 1396 devoit m'offrir Julie. Je me rendis à la mai-
114 1393 885 1438 ſon où je l'avois vu jadis demeurer. La
117 1439 884 1487 maiſon n'exiſtoit plus; on en avoit bâti
116 1482 884 1530 une autre à ſa place; & l'on ne connoiſſoi,
117 1528 872 1570 pas, dans ce logis, la reine de mon cœur
820 81 886 126 a
215 1568 478 1611 Tome II.
