1116 1854
210 64 281 114 éé
255 119 988 172 J'avois très-peu d'argent quand j'arrivai
212 165 987 213 dans la capitale. Je rodai, pendant trois jours
210 211 983 258 inutilement, pour chercher l'objet de mes
210 257 985 299 vœux. Au bout de ce temps, je me trouvai
207 300 984 348 ſans Julie & ſans argent. Je rencontrois
210 344 981 390 de tous côtés mes anciennes connoiſſances;
210 389 979 438 mais perſonne ne me reconnoiſſoit. Il eſt
211 433 979 482 vrai qu'un habit de mouſſe, dont j'étois
210 481 980 527 couvert, n'attiroit pas beaucoup les regards
210 526 418 572 ſur moi.
257 569 989 618 Enfin, je rencontrai Saint-Jean, mon
209 612 980 661 ancien valet: il étoit pâle & défait, &
207 659 980 708 j'eus peine à le reconnoître. Il n'eut pas
207 704 980 754 plus de ſagacité à mon égard: je fus obligé
210 749 983 794 de lui dire qui j'étois, & nous nous embraſ-
211 795 983 838 sâmes avec tendreſſe & avec joie. Il étoit
209 839 994 888 ſans argent comme moi: il fallut faire
207 883 983 930 notre reconnoiſſance à ſec, &, pour cé-
211 928 984 976 lébrer mon arrivée, nous eûmes le plaiſir
209 973 982 1021 de paſſer la ſoirée enſemble ſans ſouper. Il
213 1017 982 1065 avoit été chaſſé ſans raiſon & ſans la
209 1062 982 1109 moindre gratification, du ſervice de mon
211 1107 982 1155 rival. Ne ſachant comment vivre, & las de
179 1152 981 1201 ſervir, il s'étoit adonné au métier de porte-
211 1198 981 1245 faix; mais depuis quatre mois il étoit
213 1240 978 1290 conſumé par les fievres, & à peine ſe
212 1287 980 1335 pouvoit-il porter lui-même. Tout ce qu'il
214 1332 1000 1379 put faire pour moi, fut de me propoſer
215 1376 992 1425 d'embraſſer ſa profeſſion, juſqu'à nouvel
215 1420 978 1470 ordre, & de me procurer des pratiques;
216 1466 979 1515 ce qui me fournit les moyens de le ſoutenir
218 1512 990 1564 avec moiAinſi tout ce que je gagnai, en
