1116 1854
658 1604 765 1655 LM
822 115 890 162 a
108 167 888 220 voûte des cieux. C'eſt ſur cette impertinente
106 219 887 266 même que le projet fut fondé. Cette Vénus
98 264 888 309 antique avoit une fievre quarte qui réfiſtoit
108 307 889 355 à tous les remedes. Noirville dit à S. Jean:
114 351 890 401 je veux faire une expérience. Séneque
101 397 888 445 “m'apprend qu'on a guéri des fiévreux à
106 443 890 489 “coups de fouet. La marquiſe d'Aigreville
107 488 893 534 “a la fievre: rien ne peut l'en délivrer.
100 532 916 580 “Il faut que je la faſſe ſouffleter & bâton-
108 576 890 622 “ner; elle eſt d'une hauteur inſupportable:
100 621 890 658 “un traitement ſi humiliant & ſi révoltant
99 666 895 715 “la mettra hors d'elle-même, & lui cauſera
102 713 891 760 “une révolution qui la guérira. Connois-tu
105 758 894 803 “quelqu'un en état de faire l'opération? --
107 800 916 846 “Oh! je vous en aſſure, répondit-il; j'ai
109 845 890 893 “à ma diſpoſition un grand gaillard, fort
106 892 901 935 “comme un Hercule, qui fera au mieux
107 936 893 981 “votre affaire. -- Mais il faut, reprit le
107 980 889 1029 “méchant homme, que ce ſoit un va nu-
112 1025 892 1073 “pieds, quelqu'un de bien bas, afin qu'elle
114 1068 890 1118 “ſoit encore plus frappée d'un pareil trai-
115 1115 890 1163 “tement de ſa part. -- C'eſt un porte-faix,
117 1160 891 1207 “répondit S. Jean. -- Fort bien, dit le vieil-
110 1205 894 1256 “lard, amene-le-moi demain matin; il y
115 1250 889 1297 “aura deux louis pour lui, & un pour to.
111 1295 900 1341 “Nous pourrons même commencer l'épreu-
102 1338 882 1386 “ve ſur toi; car tu as auſſi la fievre.“
117 1384 890 1430 S. Jean lui témoigna ſon peu de goût pour
108 1429 888 1474 ce remede, en lui obſervant qu'étant pré-
118 1473 888 1519 venu, & le battant ſe trouvant ſon ami, la
117 1517 886 1564 baſtonnade ne pourroit lui faire une grande
117 1560 887 1609 impreſſion, ni par conſéquent un grand
118 1608 202 1649 effet.
