1116 1854
199 138 981 184 en recevoit ſa portion. Il me cria long-
200 183 976 229 temps de finir; je finis: il étoit tout en
198 228 975 277 ſang. „Comment, gueux, me dit-il, tu
198 274 975 319 “te tournes contre celui qui t'emploie!
196 317 978 365 “- Pardonnez-moi, Monſieur, lui répon-
197 363 974 412 “dis-je; vous voyez bien que je ne l'ai
196 408 974 456 “pas fait exprès. Donnez-moi, je vous
196 453 975 502 “prie, ce que vous m'avez promis, afin
197 498 974 544 “que je me ſauve, de peur qu'il n'ar-
194 543 980 590 “rive quelque eſclandre. -- Comment,
196 587 979 635 “ſcélérat, me dit-il, tu as oſé porter la
195 633 973 680 “main ſur moi, au point de me mettre
195 677 972 725 “en ſang, & tu veux que je te récom-
195 722 975 770 “penſe! Je te ferai pendre. Holà quel-
196 768 973 815 “qu'un! -- Ah! vieux monſtre, m'é-
192 811 973 859 “eriai-je, c'eſt ainſi que tu me paies. Tiens,
191 856 972 903 “voilà ton reſte.“ Alors je le rouai de
180 901 972 949 coups de bâton, tout à mon aiſe: il avoit
188 947 972 994 beau crier, les domeſtiques, fideles à ce
192 992 968 1040 qu'il leur avoit preſcrit en entrant, &
191 1038 968 1084 retenus d'ailleurs par S. Jean, ne paroiſ-
190 1081 966 1129 ſoient pas. Le malheureux grincoit des
190 1125 965 1174 dents, & ſe caſſa les deux ou trois ſeules
178 1170 962 1220 qui lui reſtoient. Enfin, je le mis dans le
193 1215 963 1264 même état que ſa marquiſe, auprès de
190 1255 962 1309 laquelle je le laiſſai couché, & je me
188 1306 962 1356 ſauvai à toutes jambes avec mon cama-
187 1352 280 1392 rade.
235 1382 958 1442 La fievre de la dame étoit cauſée par
189 1439 958 1488 une maladie peu décente, qui n'eſt pas
188 1483 961 1533 la petite vérole. J'avois un bras d'Her-
186 1530 959 1584 cule, & non de Mercure; ainſi je ne put
204 94 271 127 a7a
