<PcGts xmlns="http://schema.primaresearch.org/PAGE/gts/pagecontent/2017-07-15" xmlns:xsi="http://www.w3.org/2001/XMLSchema-instance" xsi:schemaLocation="http://schema.primaresearch.org/PAGE/gts/pagecontent/2017-07-15 http://schema.primaresearch.org/PAGE/gts/pagecontent/2017-07-15/pagecontent.xsd"><Metadata><Creator/><Created>2020-09-22T10:15:44</Created><LastChange>1970-01-01T00:00:00</LastChange><Comments/></Metadata><Page imageFilename="0280.png" imageHeight="1854" imageWidth="1116"><ReadingOrder><OrderedGroup id="g1"><RegionRefIndexed index="0" regionRef="r3"/><RegionRefIndexed index="1" regionRef="r2"/></OrderedGroup></ReadingOrder><ImageRegion id="r1"><Coords points="368,73 366,75 338,75 336,77 336,81 334,82 315,82 314,83 312,83 312,96 314,96 315,97 315,101 312,104 312,114 314,115 326,115 327,117 362,117 363,115 413,115 413,114 414,113 417,115 450,115 451,114 451,112 453,111 454,112 454,114 455,114 456,115 492,115 493,114 543,114 544,113 550,113 552,115 588,115 589,114 595,114 596,113 597,113 599,114 600,114 601,115 638,115 639,114 640,114 641,113 643,114 657,114 658,115 696,115 697,117 731,117 732,115 740,115 741,117 827,117 828,115 831,115 831,104 830,104 828,101 827,101 826,100 826,86 823,84 815,84 814,83 780,83 779,82 734,82 733,83 691,83 690,82 650,82 648,83 646,81 610,81 609,82 582,82 581,81 465,81 463,78 429,78 427,81 406,81 405,79 405,76 404,75 404,74 403,73"/></ImageRegion><TextRegion id="r2" type="paragraph" orientation="-0.0"><Coords points="355,129 354,130 353,130 351,132 312,132 311,133 311,142 312,143 312,144 313,144 315,146 315,151 314,152 309,152 307,154 305,152 305,143 303,143 302,142 302,141 301,140 271,140 269,138 269,134 268,134 267,133 267,132 266,131 266,130 231,130 229,132 229,133 228,134 228,141 227,142 191,142 190,143 188,143 187,144 184,144 183,145 183,157 184,158 185,158 186,159 186,165 187,166 187,170 185,172 184,172 184,185 224,185 225,184 229,184 229,174 230,173 250,173 251,172 266,172 267,173 266,174 264,174 262,176 261,176 259,178 259,179 258,180 257,180 257,186 256,187 242,187 241,188 193,188 191,190 188,190 188,203 189,203 191,205 191,215 190,216 189,216 188,217 188,228 189,229 190,229 191,230 219,230 220,231 219,232 191,232 189,234 188,234 187,235 187,246 188,247 188,249 187,250 187,262 188,263 228,263 228,262 229,261 278,261 280,263 279,264 279,271 278,272 278,273 277,274 273,274 272,273 272,265 269,265 268,264 235,264 235,265 234,266 234,274 233,275 194,275 188,281 188,283 187,284 187,286 186,287 186,297 187,298 187,300 188,301 188,302 189,303 190,303 194,307 195,307 196,308 196,316 197,316 198,317 241,317 242,316 242,306 243,305 273,305 275,307 316,307 317,306 318,307 378,307 379,306 380,306 381,307 427,307 427,306 428,305 481,305 483,307 517,307 520,304 542,304 543,305 591,305 592,304 593,304 594,305 608,305 610,307 648,307 650,305 674,305 676,307 676,317 684,317 685,318 685,319 684,320 669,320 668,321 667,320 667,318 666,318 665,317 665,310 664,309 629,309 628,310 627,310 626,311 624,311 624,318 623,319 612,319 611,320 594,320 593,319 593,318 582,318 581,317 581,311 579,309 544,309 543,310 542,310 542,319 541,320 516,320 515,319 515,316 514,315 514,312 498,312 497,311 497,310 496,309 429,309 427,311 427,318 426,319 398,319 397,320 388,320 387,319 351,319 350,320 337,320 335,322 331,322 330,321 330,320 188,320 185,323 185,332 186,333 186,339 187,340 187,348 188,349 189,349 191,351 249,351 249,350 250,349 254,349 256,351 282,351 283,352 284,352 285,353 330,353 331,352 355,352 358,349 387,349 388,350 388,351 389,352 389,360 390,361 434,361 435,360 435,350 436,349 482,349 484,351 542,351 542,350 543,349 588,349 590,351 592,351 593,352 628,352 629,351 680,351 680,350 681,349 683,351 770,351 770,350 771,349 771,339 772,338 774,338 775,339 775,340 776,341 776,344 777,345 777,347 779,349 779,351 780,352 807,352 808,353 808,354 807,355 807,366 806,367 803,367 802,368 800,368 799,367 789,367 787,365 787,356 769,356 767,354 731,354 730,355 728,355 727,356 689,356 688,355 687,355 686,354 652,354 651,355 648,355 648,362 647,363 617,363 615,365 604,365 603,366 597,366 596,365 524,365 523,366 522,366 521,367 520,366 517,366 516,365 516,363 480,363 478,365 448,365 447,366 444,366 443,367 442,367 440,369 438,367 436,367 435,366 333,366 332,367 331,367 330,366 227,366 226,365 192,365 191,366 191,367 189,369 188,369 186,371 186,373 185,374 185,388 186,389 186,390 187,391 187,392 188,393 190,393 191,394 191,395 192,396 193,396 194,397 231,397 232,398 231,399 228,399 227,400 226,399 187,399 186,400 186,401 185,402 185,412 184,413 184,425 185,426 186,426 187,427 187,428 186,429 185,429 184,430 184,440 186,442 228,442 229,441 258,441 259,440 274,440 275,441 311,441 312,440 314,440 315,441 350,441 351,440 403,440 404,441 403,442 393,442 392,443 389,443 388,444 388,445 387,446 387,447 386,448 385,448 385,449 383,451 383,453 382,454 371,454 370,455 322,455 321,456 308,456 307,455 298,455 297,454 297,448 296,447 295,447 294,446 288,446 287,445 287,444 252,444 250,446 247,446 246,447 245,447 244,448 243,448 241,450 241,451 238,454 238,460 237,461 237,472 238,473 238,475 239,476 239,478 240,478 241,479 241,481 242,482 243,482 244,483 245,483 246,484 248,484 249,485 251,485 252,486 311,486 312,485 316,485 317,486 317,495 319,497 318,498 301,498 299,500 298,500 296,502 295,502 294,501 293,501 292,500 254,500 253,499 253,497 252,496 252,495 251,494 251,491 244,491 243,490 206,490 205,491 202,491 201,492 196,492 196,493 195,494 194,494 193,495 193,496 192,497 192,499 191,500 191,502 190,503 190,515 191,516 191,523 194,526 194,527 195,528 196,528 197,529 198,529 199,530 200,530 201,531 201,532 202,533 202,534 204,536 205,536 208,539 210,539 212,541 215,541 216,542 216,544 215,545 194,545 192,547 192,548 191,549 191,559 192,560 192,563 191,564 191,574 192,575 192,576 193,577 229,577 229,576 230,575 232,575 234,577 267,577 267,576 268,575 287,575 288,574 294,574 295,575 314,575 316,577 316,584 330,584 331,585 330,586 330,588 329,589 259,589 258,590 256,590 254,588 254,581 252,581 251,580 193,580 191,582 191,599 192,600 194,600 195,601 201,601 202,602 202,606 200,608 198,608 198,609 197,610 196,610 196,619 198,621 214,621 215,622 214,623 201,623 200,624 198,624 198,635 199,636 198,637 196,637 194,639 194,640 193,641 193,642 192,643 192,656 193,657 193,658 194,659 194,661 195,662 197,662 198,663 199,663 201,665 260,665 260,664 261,663 264,663 266,665 331,665 331,664 332,663 334,663 336,665 336,674 337,675 357,675 358,676 358,679 357,680 267,680 266,679 231,679 230,680 229,679 195,679 194,680 193,680 192,681 191,681 190,682 190,694 191,695 192,695 193,696 192,697 190,697 190,708 191,709 191,710 268,710 269,709 329,709 330,710 364,710 365,709 383,709 383,708 384,707 384,698 383,697 384,696 387,696 388,697 388,704 391,707 416,707 418,709 476,709 476,708 477,707 496,707 498,709 497,710 483,710 482,711 481,711 480,712 468,712 467,713 466,713 466,721 464,723 443,723 442,724 398,724 397,723 397,718 396,717 395,717 394,716 358,716 356,714 356,713 308,713 308,714 306,716 297,716 296,717 296,723 295,724 268,724 267,723 267,716 266,715 266,714 265,713 193,713 192,714 188,714 187,715 187,728 188,728 190,730 191,730 192,731 192,732 191,733 191,740 190,741 188,741 188,754 189,755 190,755 191,756 227,756 228,755 234,755 235,754 255,754 256,753 259,753 260,754 260,756 259,757 251,757 250,758 247,758 247,768 246,769 217,769 216,770 199,770 198,771 195,771 194,772 193,772 193,783 194,784 194,785 192,787 192,790 191,791 191,800 192,801 192,802 193,803 228,803 229,802 229,801 230,800 245,800 246,801 241,806 192,806 192,807 191,808 191,820 190,821 190,830 191,831 191,834 193,836 193,837 194,838 194,839 195,840 195,841 196,842 198,842 199,843 199,844 200,844 201,845 226,845 228,847 228,851 261,851 262,850 263,850 264,849 265,849 266,848 266,845 267,844 292,844 293,845 293,850 321,850 322,851 322,858 321,859 302,859 301,860 300,860 298,862 298,871 299,871 300,872 300,873 301,873 302,874 302,892 301,893 281,893 280,892 280,890 281,889 292,889 293,888 294,888 295,887 295,886 296,885 296,862 295,861 295,860 294,860 293,859 237,859 236,858 195,858 194,859 194,860 193,861 193,865 191,867 191,879 193,881 193,886 195,888 198,888 199,889 241,889 243,891 242,892 242,894 241,895 241,899 240,900 239,900 239,902 238,903 190,903 190,917 191,918 191,919 192,920 193,920 194,921 193,922 193,931 194,932 194,934 195,935 278,935 278,934 279,933 374,933 375,932 382,932 383,933 527,933 529,931 532,931 533,932 533,936 532,937 531,937 530,938 529,938 529,946 528,947 517,947 514,950 513,950 512,951 511,950 509,950 508,949 508,948 507,947 442,947 441,946 441,940 440,940 438,938 436,938 435,937 397,937 396,938 395,938 394,939 392,939 391,940 391,942 389,944 389,946 388,947 375,947 373,949 332,949 331,950 329,950 328,951 327,951 326,950 324,950 323,949 238,949 237,950 235,950 234,949 234,947 229,947 228,946 228,942 227,941 227,940 192,940 191,941 191,952 190,953 188,953 187,954 181,954 181,965 185,965 186,966 192,966 193,967 193,977 195,979 214,979 215,980 216,980 217,981 251,981 253,979 259,979 260,980 260,988 261,989 265,989 266,990 302,990 303,989 304,989 305,988 305,979 307,977 325,977 327,979 327,988 329,988 330,989 330,991 328,993 272,993 271,994 242,994 241,993 241,991 230,991 228,989 193,989 192,990 192,998 190,1000 172,1000 170,1002 170,1011 171,1012 171,1013 191,1013 192,1014 192,1015 193,1016 193,1018 194,1019 194,1020 198,1024 273,1024 274,1023 373,1023 374,1024 374,1029 375,1030 374,1031 365,1031 364,1032 363,1032 363,1035 361,1037 352,1037 351,1036 351,1035 317,1035 316,1036 316,1037 315,1038 298,1038 297,1037 297,1028 296,1027 260,1027 259,1028 258,1028 258,1033 257,1034 229,1034 229,1035 228,1036 228,1037 227,1038 200,1038 199,1039 198,1039 197,1040 193,1040 191,1042 191,1055 192,1056 192,1065 193,1066 193,1067 194,1068 244,1068 245,1067 277,1067 278,1068 313,1068 314,1067 370,1067 371,1068 371,1070 370,1071 363,1071 363,1077 362,1078 332,1078 331,1079 331,1080 330,1081 329,1081 328,1082 319,1082 318,1081 318,1071 278,1071 276,1073 276,1082 275,1083 272,1083 271,1084 269,1084 268,1085 268,1086 267,1087 266,1086 266,1083 254,1083 253,1082 231,1082 230,1081 230,1078 194,1078 193,1079 193,1085 192,1086 192,1088 191,1089 191,1106 192,1107 192,1109 193,1110 195,1110 196,1111 198,1111 199,1112 267,1112 268,1111 273,1111 274,1112 317,1112 318,1111 430,1111 431,1110 433,1110 434,1111 454,1111 455,1112 455,1117 456,1118 456,1125 455,1126 451,1126 447,1130 446,1129 446,1126 422,1126 421,1125 414,1125 413,1124 413,1123 380,1123 377,1126 375,1126 374,1125 338,1125 337,1126 296,1126 295,1127 293,1127 292,1128 290,1128 289,1127 241,1127 240,1126 230,1126 229,1125 194,1125 193,1126 193,1129 192,1130 192,1151 193,1152 193,1154 195,1156 197,1156 198,1157 287,1157 288,1156 289,1157 289,1164 290,1165 290,1166 291,1166 293,1168 336,1168 336,1167 337,1166 338,1166 340,1164 340,1163 341,1162 341,1157 342,1156 355,1156 356,1155 446,1155 447,1154 447,1153 448,1152 449,1152 450,1153 450,1154 451,1155 478,1155 479,1156 513,1156 514,1155 534,1155 535,1156 572,1156 573,1155 600,1155 601,1156 601,1160 600,1161 564,1161 563,1162 561,1162 561,1170 560,1171 533,1171 532,1170 479,1170 478,1169 478,1168 477,1167 477,1166 469,1166 468,1165 468,1159 428,1159 426,1161 425,1160 425,1159 385,1159 383,1161 382,1161 382,1170 381,1171 368,1171 367,1170 332,1170 331,1171 303,1171 302,1172 242,1172 241,1171 241,1170 238,1167 238,1166 237,1165 237,1164 236,1163 236,1162 195,1162 194,1163 192,1163 191,1164 191,1175 192,1176 192,1187 193,1188 192,1189 192,1190 191,1191 191,1201 193,1203 204,1203 206,1205 205,1206 203,1206 202,1207 201,1207 200,1208 198,1208 198,1210 196,1212 196,1215 194,1217 193,1217 192,1218 192,1230 193,1230 194,1231 194,1232 192,1234 192,1246 193,1247 324,1247 325,1246 330,1246 331,1247 330,1248 330,1250 329,1251 329,1254 327,1256 327,1260 326,1261 200,1261 198,1263 194,1263 193,1264 193,1278 191,1280 191,1291 192,1292 192,1293 229,1293 230,1292 294,1292 295,1293 295,1301 296,1302 300,1302 301,1303 301,1305 299,1307 280,1307 279,1306 279,1305 252,1305 251,1304 217,1304 216,1305 200,1305 198,1307 196,1307 195,1308 192,1308 191,1309 191,1319 192,1320 192,1332 193,1333 193,1334 195,1336 208,1336 209,1337 244,1337 245,1336 300,1336 301,1335 302,1336 362,1336 362,1335 363,1334 365,1336 365,1338 364,1339 326,1339 325,1340 325,1347 324,1348 316,1348 315,1349 292,1349 290,1351 281,1351 280,1350 280,1341 244,1341 243,1342 243,1343 242,1344 242,1348 241,1349 199,1349 197,1351 196,1351 195,1352 193,1352 192,1353 191,1353 191,1362 192,1363 192,1365 193,1366 194,1366 195,1367 195,1373 194,1374 163,1374 163,1377 162,1378 128,1378 125,1381 122,1381 121,1382 115,1382 114,1383 112,1383 111,1384 111,1395 112,1396 148,1396 149,1395 151,1395 151,1394 152,1393 156,1393 157,1392 158,1392 159,1391 163,1391 164,1390 191,1390 192,1391 193,1391 194,1392 194,1399 193,1400 193,1401 192,1402 192,1414 193,1415 193,1419 196,1422 200,1422 202,1424 282,1424 283,1425 318,1425 319,1424 399,1424 399,1423 400,1422 433,1422 435,1424 493,1424 493,1423 494,1422 504,1422 506,1424 562,1424 563,1425 563,1432 564,1432 565,1433 599,1433 600,1432 601,1432 602,1433 602,1439 601,1440 581,1440 580,1441 578,1441 577,1442 574,1442 573,1441 572,1441 571,1440 550,1440 549,1439 515,1439 514,1440 502,1440 501,1439 501,1429 500,1429 498,1427 497,1427 496,1426 458,1426 456,1428 455,1428 454,1429 454,1430 453,1431 453,1432 452,1433 451,1433 451,1434 450,1435 450,1436 449,1437 449,1438 448,1439 393,1439 392,1440 385,1440 384,1439 384,1428 383,1427 336,1427 335,1428 333,1428 332,1429 290,1429 289,1430 289,1431 288,1432 288,1438 287,1439 285,1439 282,1436 247,1436 245,1438 235,1438 234,1439 220,1439 219,1440 193,1440 193,1444 192,1445 192,1457 193,1458 193,1461 194,1462 194,1464 195,1465 195,1468 198,1468 199,1469 208,1469 209,1470 209,1475 210,1476 210,1477 211,1477 212,1478 212,1484 211,1485 202,1485 201,1486 198,1486 197,1487 195,1487 194,1488 194,1489 193,1490 193,1495 192,1496 192,1507 193,1508 193,1509 194,1510 194,1511 195,1512 198,1512 199,1513 201,1513 202,1514 212,1514 213,1515 213,1516 212,1517 195,1517 193,1519 193,1531 194,1532 194,1533 195,1534 195,1543 194,1544 193,1544 192,1545 192,1564 197,1564 198,1565 231,1565 232,1564 242,1564 243,1563 281,1563 281,1562 282,1561 282,1560 283,1559 284,1559 285,1560 285,1566 286,1567 286,1570 288,1572 292,1572 293,1573 299,1573 300,1574 336,1574 338,1572 338,1571 340,1569 341,1570 341,1573 342,1574 342,1575 380,1575 380,1565 379,1564 378,1564 377,1563 377,1562 378,1561 389,1561 390,1560 391,1560 392,1559 392,1558 393,1557 394,1557 395,1558 395,1560 396,1560 397,1561 404,1561 406,1563 406,1564 407,1565 407,1568 441,1568 443,1566 443,1564 444,1563 457,1563 457,1562 458,1561 461,1561 463,1559 464,1559 465,1560 465,1568 480,1568 481,1569 480,1570 477,1570 476,1571 472,1571 471,1572 467,1572 466,1573 462,1573 461,1574 457,1574 456,1575 453,1575 452,1576 448,1576 447,1577 443,1577 442,1578 410,1578 409,1579 383,1579 383,1588 382,1589 380,1587 380,1586 378,1584 378,1580 341,1580 341,1595 342,1596 342,1600 343,1600 344,1601 383,1601 383,1591 384,1590 408,1590 410,1592 447,1592 447,1591 448,1590 448,1580 447,1579 448,1578 451,1578 452,1577 456,1577 457,1576 461,1576 462,1575 466,1575 467,1574 471,1574 472,1573 475,1573 476,1572 480,1572 481,1571 485,1571 486,1570 490,1570 491,1569 495,1569 496,1568 504,1568 504,1567 505,1566 509,1566 510,1565 514,1565 515,1564 518,1564 519,1563 527,1563 529,1561 545,1561 546,1562 546,1567 660,1567 660,1546 661,1545 676,1545 677,1544 680,1544 681,1545 681,1561 817,1561 818,1562 817,1563 809,1563 845,1563 847,1561 860,1561 863,1564 985,1564 986,1563 987,1563 987,1553 988,1552 989,1552 989,1539 988,1538 987,1538 986,1537 986,1528 967,1528 966,1527 966,1524 964,1522 965,1521 985,1521 986,1520 987,1520 988,1519 988,1517 989,1516 989,1506 987,1504 987,1502 980,1502 979,1501 979,1491 977,1491 976,1490 969,1490 968,1489 968,1488 927,1488 926,1487 900,1487 899,1486 831,1486 830,1485 830,1480 829,1479 829,1473 791,1473 789,1475 789,1483 788,1484 786,1484 785,1483 785,1477 783,1475 746,1475 746,1485 745,1486 719,1486 718,1485 683,1485 682,1486 677,1486 676,1485 640,1485 639,1486 634,1486 633,1485 633,1476 632,1475 632,1473 618,1473 617,1472 618,1471 622,1471 623,1470 756,1470 757,1471 791,1471 792,1470 847,1470 848,1471 892,1471 893,1472 928,1472 929,1473 940,1473 942,1475 942,1482 979,1482 979,1481 980,1480 981,1480 983,1478 984,1478 986,1476 986,1475 987,1474 987,1473 988,1472 988,1463 983,1458 981,1458 980,1457 969,1457 968,1456 968,1446 967,1445 967,1444 966,1444 965,1443 965,1442 929,1442 928,1443 917,1443 916,1442 866,1442 865,1441 863,1441 862,1440 859,1440 858,1439 823,1439 823,1440 822,1441 784,1441 783,1440 783,1439 782,1438 776,1438 770,1432 760,1432 758,1430 758,1429 747,1429 746,1428 746,1427 747,1426 768,1426 769,1425 800,1425 801,1426 836,1426 837,1425 839,1425 840,1426 861,1426 862,1427 920,1427 921,1428 940,1428 943,1431 977,1431 980,1428 981,1428 984,1425 984,1418 988,1414 988,1405 986,1403 986,1402 984,1400 981,1400 980,1399 961,1399 960,1398 960,1396 961,1395 965,1395 966,1394 966,1393 968,1391 968,1386 969,1385 981,1385 983,1383 985,1383 986,1382 986,1381 987,1380 987,1373 988,1372 988,1371 989,1370 989,1360 988,1360 987,1359 988,1358 989,1358 989,1344 988,1343 988,1342 987,1341 983,1341 982,1340 983,1339 986,1339 987,1338 987,1329 985,1327 985,1326 986,1325 988,1325 988,1314 986,1314 984,1312 950,1312 949,1311 948,1311 947,1310 932,1310 931,1309 916,1309 915,1308 892,1308 891,1307 891,1299 892,1298 893,1298 894,1297 894,1294 895,1293 915,1293 916,1294 931,1294 932,1295 982,1295 983,1294 984,1294 986,1292 987,1292 987,1287 988,1286 989,1286 989,1274 988,1273 988,1272 987,1271 987,1268 986,1268 985,1267 984,1267 983,1266 972,1266 971,1265 971,1256 969,1254 932,1254 931,1255 931,1261 929,1263 901,1263 900,1264 876,1264 874,1262 876,1260 876,1248 877,1247 920,1247 922,1249 937,1249 938,1250 948,1250 949,1251 987,1251 988,1250 988,1239 991,1236 991,1224 990,1223 989,1223 988,1222 986,1222 984,1220 975,1220 974,1219 974,1215 975,1214 983,1214 984,1213 985,1213 986,1212 988,1212 993,1207 993,1193 991,1193 988,1190 986,1190 984,1188 980,1188 979,1187 979,1179 978,1178 971,1178 970,1177 971,1176 990,1176 990,1170 991,1169 992,1169 993,1168 997,1168 997,1157 988,1157 987,1156 987,1148 989,1146 989,1134 987,1132 988,1131 988,1130 989,1129 989,1119 952,1119 952,1128 951,1129 950,1128 950,1120 947,1120 945,1118 946,1117 981,1117 981,1116 982,1115 982,1114 983,1113 983,1102 984,1101 988,1101 991,1098 991,1089 990,1088 990,1087 989,1086 953,1086 951,1084 950,1084 949,1083 922,1083 921,1082 921,1075 884,1075 883,1076 882,1076 881,1077 881,1085 880,1086 878,1086 877,1085 877,1084 876,1084 875,1083 873,1083 872,1082 871,1082 870,1081 870,1074 866,1070 826,1070 825,1071 823,1071 820,1074 820,1075 819,1076 819,1077 818,1078 818,1081 816,1083 815,1083 814,1084 813,1084 812,1083 770,1083 769,1082 748,1082 747,1081 712,1081 711,1082 698,1082 697,1083 684,1083 682,1081 674,1081 673,1080 673,1074 672,1073 672,1071 633,1071 633,1079 631,1081 630,1081 629,1080 629,1068 628,1067 629,1066 662,1066 663,1067 666,1067 667,1068 704,1068 705,1067 727,1067 728,1068 762,1068 763,1067 799,1067 800,1068 835,1068 836,1067 837,1067 838,1066 839,1066 840,1067 870,1067 871,1068 891,1068 892,1069 934,1069 935,1070 943,1070 944,1071 945,1071 947,1073 986,1073 987,1072 987,1071 988,1070 989,1070 990,1069 990,1061 991,1060 992,1060 993,1059 993,1045 990,1042 968,1042 967,1041 966,1041 965,1040 933,1040 932,1039 922,1039 921,1038 921,1030 918,1027 917,1027 916,1026 880,1026 879,1027 877,1027 876,1028 874,1028 874,1035 872,1037 865,1037 864,1036 864,1032 863,1031 863,1025 845,1025 844,1024 844,1023 845,1022 880,1022 881,1023 919,1023 920,1022 921,1023 921,1025 945,1025 946,1026 983,1026 984,1025 986,1025 989,1022 990,1022 993,1019 993,1009 991,1007 991,999 993,997 994,997 994,987 993,987 992,986 974,986 973,985 973,984 972,983 936,983 935,984 922,984 922,994 921,995 920,995 919,994 891,994 890,993 888,993 887,992 887,991 848,991 847,990 847,983 846,982 807,982 807,983 806,984 806,990 805,991 777,991 775,993 757,993 756,992 756,991 736,991 735,990 735,981 734,980 718,980 717,979 718,978 718,977 719,976 730,976 731,977 836,977 837,976 839,976 840,977 920,977 922,979 924,979 925,980 993,980 993,979 994,978 994,977 995,976 995,965 994,964 994,957 993,956 993,951 991,949 991,943 990,942 974,942 973,941 973,931 974,930 990,930 991,929 992,929 993,928 993,917 992,916 989,916 988,915 975,915 974,914 974,906 973,905 973,904 949,904 948,903 910,903 909,902 909,894 908,894 907,893 907,892 870,892 869,893 867,893 866,894 865,894 864,895 864,901 863,902 838,902 837,901 837,899 838,898 851,898 851,897 852,896 852,889 853,888 876,888 877,889 912,889 913,888 920,888 921,887 922,888 923,888 924,889 940,889 942,891 984,891 986,889 987,889 988,888 988,887 989,886 989,880 991,878 993,878 994,877 994,871 995,870 995,857 994,857 993,856 993,852 992,851 990,851 989,850 953,850 953,859 952,860 929,860 928,859 852,859 851,858 852,857 852,856 853,855 853,845 828,845 827,844 827,843 828,842 848,842 849,843 898,843 899,844 950,844 951,845 990,845 991,844 993,844 993,833 992,832 992,831 993,830 996,830 997,829 997,820 996,819 994,819 991,816 989,816 987,814 951,814 950,815 947,815 946,814 946,813 936,813 935,812 935,807 933,805 933,804 896,804 896,811 895,812 893,812 892,811 892,800 891,799 892,798 914,798 915,799 948,799 949,800 993,800 994,799 995,799 996,798 996,789 995,788 995,787 994,786 995,785 995,775 990,770 990,762 989,761 989,760 987,760 986,759 986,758 953,758 952,757 916,757 915,758 915,759 914,760 913,760 913,765 911,767 891,767 890,768 888,768 887,769 886,769 885,768 850,768 849,769 847,769 845,767 812,767 811,768 794,768 793,767 793,758 792,757 745,757 744,758 743,758 743,768 742,769 740,769 739,768 739,767 727,767 726,766 726,758 725,757 716,757 715,756 681,756 680,757 676,757 675,758 674,758 674,763 673,764 660,764 659,763 659,757 658,756 657,756 656,755 657,754 679,754 680,753 722,753 723,752 756,752 757,753 798,753 799,752 804,752 805,753 823,753 824,754 825,754 826,755 826,758 862,758 864,756 864,754 865,753 887,753 888,754 919,754 920,755 958,755 959,754 972,754 973,753 973,752 975,750 995,750 997,748 997,736 996,735 993,735 992,734 979,734 977,732 977,727 976,726 973,726 972,725 960,725 959,724 959,723 958,722 958,714 957,714 956,713 917,713 917,721 915,723 898,723 896,721 896,719 895,718 862,718 861,719 860,719 860,723 859,724 829,724 828,723 792,723 791,724 780,724 779,723 779,721 780,720 806,720 807,719 851,719 851,718 853,716 855,716 855,712 856,711 857,711 857,708 858,707 860,709 898,709 898,708 899,707 906,707 908,709 942,709 943,710 987,710 988,709 988,708 989,707 989,698 990,697 992,697 993,696 994,696 995,695 997,695 997,684 994,681 991,681 990,680 958,680 957,679 957,669 955,669 954,668 916,668 915,669 914,669 913,670 911,670 910,671 910,674 908,676 908,677 907,678 906,677 906,669 866,669 866,676 865,677 835,677 833,679 813,679 812,678 812,677 777,677 775,679 767,679 766,680 746,680 745,679 745,669 698,669 698,680 699,681 701,681 702,682 702,689 701,690 694,690 693,691 691,691 691,694 690,695 688,695 687,694 687,684 682,679 667,679 666,678 666,677 665,676 665,668 664,667 604,667 603,668 602,668 602,676 601,677 592,677 590,675 590,668 568,668 567,667 567,664 568,663 686,663 688,665 723,665 723,664 724,663 906,663 908,665 954,665 955,666 992,666 993,665 994,665 994,664 995,663 995,653 996,652 997,652 998,651 998,639 997,638 996,638 995,637 994,637 991,634 990,634 989,633 977,633 976,632 976,626 975,625 954,625 953,624 953,623 949,623 948,622 914,622 912,624 911,624 909,626 908,625 873,625 872,626 871,626 871,633 870,634 858,634 857,633 804,633 803,632 803,625 756,625 756,632 755,633 734,633 733,632 733,624 732,624 731,623 695,623 694,624 675,624 674,623 674,619 675,618 724,618 725,619 776,619 777,618 852,618 853,619 948,619 950,621 987,621 987,620 988,619 990,619 992,617 993,617 995,615 997,615 997,594 996,594 995,593 993,593 992,592 988,592 987,591 987,590 955,590 954,589 954,582 932,582 931,581 931,580 930,579 894,579 893,580 891,580 890,581 888,581 888,588 887,589 873,589 872,588 872,584 871,583 871,582 870,582 869,581 838,581 837,580 837,579 836,579 835,578 800,578 798,580 798,588 797,589 779,589 778,588 778,579 777,578 741,578 740,579 740,588 739,589 674,589 673,588 673,582 672,581 638,581 638,588 637,589 617,589 616,588 581,588 580,589 560,589 559,588 559,580 558,580 557,579 522,579 521,578 484,578 483,579 483,588 482,589 473,589 472,588 472,579 471,578 435,578 434,579 433,579 432,580 432,584 431,585 426,585 425,584 425,582 424,581 424,580 422,580 420,578 382,578 381,579 380,579 375,584 371,584 370,583 370,582 369,581 369,580 368,580 367,579 356,579 355,578 355,576 356,575 372,575 373,574 374,574 375,573 376,573 377,574 379,574 380,575 455,575 456,574 534,574 535,573 621,573 622,574 689,574 690,573 691,573 692,574 695,574 696,575 731,575 732,574 733,574 734,573 737,573 738,574 798,574 799,573 804,573 805,574 871,574 872,575 906,575 907,574 909,574 910,575 929,575 931,577 991,577 993,575 995,575 996,574 996,572 997,571 997,569 998,568 1000,568 1000,548 998,546 994,546 993,545 955,545 954,544 954,536 953,535 946,535 945,534 945,532 946,531 988,531 989,530 991,530 992,529 993,529 995,527 995,521 996,520 997,520 1000,517 1000,507 999,506 998,506 997,505 996,505 995,504 994,504 993,503 993,502 989,502 988,501 947,501 946,500 946,499 945,498 945,497 944,496 944,495 943,494 942,494 941,493 940,493 939,492 937,492 936,491 929,491 928,490 893,490 892,491 891,491 891,492 890,493 889,493 888,494 887,494 886,495 885,494 885,492 884,491 884,490 882,490 881,489 881,488 845,488 844,489 844,502 843,503 842,502 841,502 840,501 823,501 822,500 822,490 821,489 821,488 774,488 772,490 770,490 769,489 769,488 768,488 767,487 768,486 797,486 798,485 865,485 866,486 901,486 902,485 922,485 923,486 995,486 996,485 997,485 998,484 998,475 997,474 997,473 996,472 995,472 994,471 986,471 984,469 984,458 983,458 982,457 980,457 979,456 945,456 944,455 909,455 908,456 892,456 891,455 891,446 888,443 852,443 851,444 850,444 848,446 827,446 825,448 825,455 824,456 763,456 761,454 726,454 725,455 710,455 709,454 709,446 707,444 706,444 705,443 687,443 686,442 637,442 636,443 633,443 632,444 615,444 614,445 614,454 613,455 539,455 538,456 523,456 522,455 442,455 441,454 441,441 415,441 414,440 415,439 448,439 449,440 486,440 487,439 532,439 533,440 571,440 572,439 580,439 581,440 659,440 660,439 678,439 679,440 696,440 697,441 793,441 794,440 839,440 840,441 875,441 876,440 906,440 908,442 942,442 943,441 945,441 946,440 946,429 947,428 948,428 949,427 950,427 952,425 952,412 951,411 951,405 949,403 948,403 947,402 946,402 945,401 945,400 908,400 907,401 907,402 906,403 906,411 905,412 900,412 899,411 873,411 872,410 818,410 817,411 783,411 782,410 782,403 780,401 780,400 779,399 745,399 744,400 742,400 740,402 739,402 739,411 738,412 734,412 733,411 706,411 705,410 705,402 704,401 704,399 703,398 663,398 662,399 660,399 659,400 659,401 658,402 658,403 657,404 657,405 656,406 655,406 655,409 654,410 646,410 645,409 645,398 608,398 607,399 595,399 594,400 593,400 592,401 592,409 591,410 584,410 583,409 572,409 571,408 571,400 570,399 533,399 533,407 531,409 530,409 529,408 529,398 528,397 528,396 529,395 570,395 570,394 571,393 572,393 574,395 684,395 685,396 723,396 724,395 756,395 757,396 798,396 799,395 799,394 800,393 801,393 803,395 805,395 806,396 888,396 889,395 900,395 901,396 929,396 930,397 945,397 946,398 988,398 989,397 992,397 993,396 993,394 994,393 994,392 995,391 995,388 996,387 997,387 997,385 998,384 998,375 996,373 996,372 994,370 993,370 992,369 990,369 989,368 971,368 969,366 969,361 968,360 968,356 967,356 966,355 931,355 930,356 915,356 914,357 914,358 913,359 913,366 912,367 903,367 901,365 892,365 891,364 891,356 890,355 851,355 851,365 850,366 848,366 847,365 847,363 848,362 848,353 847,352 848,351 868,351 869,352 941,352 942,351 944,351 945,352 946,352 947,353 990,353 994,349 995,349 995,342 996,341 997,341 997,326 995,326 994,325 991,325 989,323 969,323 968,322 968,311 917,311 916,312 913,312 913,322 912,323 904,323 903,322 902,322 901,321 901,320 892,320 891,319 891,311 889,311 888,310 853,310 852,311 851,311 851,320 849,322 840,322 838,320 838,312 837,311 799,311 798,312 774,312 773,311 771,311 770,310 734,310 733,311 733,320 731,322 726,322 725,321 725,320 727,318 727,309 726,308 727,307 739,307 740,308 775,308 776,307 816,307 819,304 820,305 820,306 821,307 928,307 929,308 929,309 990,309 991,308 994,308 995,307 995,305 997,303 997,297 998,296 1000,296 1000,285 997,282 997,280 996,280 995,279 990,279 989,278 955,278 954,279 937,279 936,278 936,277 935,276 935,275 931,275 930,274 924,274 923,273 923,267 922,267 921,266 887,266 886,267 884,267 884,274 883,275 881,275 880,274 880,268 878,266 876,266 875,265 840,265 839,266 821,266 820,267 816,267 815,266 778,266 778,276 776,278 745,278 743,276 680,276 678,278 677,278 676,277 676,276 674,276 673,275 645,275 644,274 644,266 642,264 643,263 669,263 669,262 670,261 725,261 727,263 768,263 768,262 769,261 795,261 797,263 944,263 945,264 988,264 989,263 991,263 993,261 993,260 994,259 994,252 996,250 997,250 997,239 996,238 995,238 993,236 992,236 991,235 990,235 989,234 973,234 972,233 972,224 971,224 968,221 931,221 930,222 916,222 915,223 914,223 913,224 913,232 911,234 907,234 906,233 906,232 894,232 893,231 893,222 892,221 856,221 855,222 855,231 854,232 805,232 804,231 769,231 768,232 667,232 666,231 666,224 665,224 664,223 663,223 662,222 657,222 656,221 633,221 632,220 632,218 633,217 658,217 659,216 669,216 670,217 704,217 705,216 731,216 732,217 746,217 748,219 827,219 827,218 828,217 835,217 837,219 925,219 927,217 929,219 973,219 974,218 974,217 976,215 990,215 991,214 992,214 994,212 994,205 995,204 995,203 996,202 996,192 976,192 975,191 974,191 973,190 968,190 967,189 967,188 863,188 862,187 862,180 860,178 859,178 858,177 811,177 810,178 775,178 775,187 774,188 752,188 751,187 702,187 701,186 702,185 702,176 701,175 701,174 698,174 697,173 698,172 757,172 758,173 890,173 891,172 892,172 893,171 895,173 898,173 899,174 899,184 900,184 901,185 936,185 937,184 945,184 945,175 946,174 989,174 990,173 992,173 993,172 995,172 996,171 997,171 997,159 995,157 995,150 993,148 992,148 990,146 989,146 988,145 988,144 966,144 965,143 894,143 893,144 870,144 869,143 840,143 838,141 838,140 837,139 837,136 836,135 836,133 835,132 798,132 797,133 797,137 796,138 796,142 795,143 779,143 778,144 760,144 759,143 746,143 745,142 745,133 744,132 706,132 705,133 705,141 704,142 684,142 683,141 683,133 682,132 682,130 680,130 679,129 643,129 642,130 640,130 639,131 639,132 638,133 637,133 636,134 636,135 635,136 634,136 634,139 633,140 633,141 632,142 568,142 567,143 566,143 565,144 563,144 562,143 560,143 559,142 555,142 554,141 543,141 542,140 542,134 541,133 539,133 538,132 504,132 503,133 502,133 501,134 501,140 500,141 493,141 492,140 492,137 491,136 491,133 490,132 488,132 487,131 487,130 448,130 443,135 443,146 442,147 442,148 441,149 441,152 439,154 426,154 425,153 425,144 424,143 423,143 422,142 404,142 403,141 403,132 402,131 402,130 391,130 390,129"/><TextEquiv><Unicode/></TextEquiv><TextLine id="r2_l001"><Coords points="918,181 917,180 916,180 915,180 915,171 915,170 914,170 913,169 775,169 774,168 666,168 665,167 617,167 616,168 610,168 609,167 539,167 538,168 524,168 522,170 522,172 519,175 518,175 517,175 517,168 517,167 474,167 473,168 472,168 471,169 431,169 429,171 429,172 426,175 423,175 422,175 422,169 422,168 385,168 384,167 334,167 333,168 326,168 325,167 285,167 252,167 251,168 234,168 233,169 214,169 213,170 213,178 212,179 212,180 212,180 209,180 208,181 201,181 199,180 199,154 198,153 198,151 200,149 202,149 203,148 204,148 205,147 207,147 208,146 244,146 244,146 244,139 245,138 245,137 246,136 247,136 248,135 249,135 250,136 251,136 251,137 251,138 252,138 253,138 253,139 253,145 254,145 281,145 282,144 284,144 285,146 285,147 286,147 327,147 327,147 327,138 329,136 369,136 370,135 371,135 372,134 374,134 375,135 385,135 386,137 386,146 387,146 405,146 408,150 408,158 409,158 457,158 457,158 457,154 458,153 458,152 459,151 459,140 464,135 471,135 472,136 473,136 475,138 518,138 520,136 522,136 523,137 524,137 525,139 525,145 526,145 537,145 538,146 649,146 649,146 649,145 650,144 650,142 652,140 652,139 654,137 655,137 657,135 658,135 659,134 662,134 663,135 665,135 666,137 666,146 667,146 721,146 721,146 721,138 723,136 727,136 728,138 728,147 729,147 741,147 742,148 796,148 797,147 811,147 811,147 811,144 812,143 812,141 813,140 813,138 815,136 818,136 819,138 819,139 820,140 820,141 821,142 821,144 822,145 822,147 823,147 851,147 852,148 910,148 911,147 948,147 949,148 970,148 971,149 972,149 973,150 974,150 979,156 979,163 981,165 980,166 980,167 980,167 979,167 978,168 976,168 975,169 974,169 973,170 969,170 968,171 930,171 929,172 929,179 928,180 920,180 919,181"/><TextEquiv index="1"><Unicode>point Julie, &amp; je ne ſavois même que</Unicode></TextEquiv></TextLine><TextLine id="r2_l002"><Coords points="873,226 872,226 872,215 872,214 765,214 764,213 748,213 747,212 689,212 688,213 617,213 616,214 616,222 615,223 612,223 611,224 610,224 609,223 608,223 607,223 607,213 607,212 466,212 465,213 464,212 369,212 368,213 366,213 365,212 349,212 295,212 294,213 239,213 238,214 219,214 218,215 218,223 217,224 217,225 217,225 210,225 209,226 208,226 207,225 206,225 204,224 204,195 205,194 208,194 209,193 210,193 211,192 258,192 259,191 272,191 272,191 272,186 274,184 275,184 275,184 275,183 278,180 279,180 280,179 282,179 283,178 284,178 285,179 288,179 290,181 292,181 294,184 294,191 295,191 342,191 342,191 342,182 344,180 346,180 347,179 348,179 349,178 350,178 351,179 352,179 352,180 352,191 353,191 418,191 419,190 434,190 436,188 437,189 450,189 452,191 506,191 507,190 514,190 514,190 514,183 515,182 516,182 517,181 518,181 519,180 522,180 523,182 523,189 525,190 570,190 571,191 652,191 653,190 668,190 668,190 668,188 669,187 669,186 670,185 670,184 674,180 675,180 676,179 677,179 678,178 681,178 682,179 684,179 685,181 685,191 686,191 733,191 734,192 790,192 790,192 790,184 792,182 826,182 828,180 829,181 842,181 845,185 845,192 846,192 859,192 860,193 951,193 952,194 956,194 957,195 959,195 960,196 979,196 979,197 979,198 977,200 977,207 976,208 976,209 974,211 960,211 957,214 956,214 955,215 948,215 947,214 876,214 875,215 875,226 875,226"/><TextEquiv index="1"><Unicode>penſer de cette chere perſonne. Elle reve-</Unicode></TextEquiv></TextLine><TextLine id="r2_l003"><Coords points="251,269 251,258 251,257 213,257 212,258 209,258 208,259 206,259 203,257 203,240 205,238 206,238 207,237 208,237 209,236 236,236 237,235 249,235 249,235 249,227 251,225 303,225 304,224 309,224 309,225 309,227 310,228 310,236 311,236 365,236 365,236 365,226 366,225 368,225 369,224 371,224 372,223 423,223 424,222 425,222 426,223 428,223 430,226 430,235 431,235 478,235 478,235 478,228 479,227 479,226 480,225 481,225 482,224 487,224 487,225 487,235 488,235 624,235 624,235 624,234 625,233 625,232 627,230 628,230 632,226 635,226 636,225 639,225 640,226 645,226 646,227 647,227 649,230 649,236 650,236 731,236 732,237 784,237 786,235 787,235 788,236 870,236 870,236 870,227 871,226 876,226 877,228 877,236 878,236 928,236 928,236 928,230 931,227 932,227 933,226 947,226 948,225 952,225 953,227 953,228 955,230 955,238 956,238 972,238 973,239 975,239 978,242 979,242 980,244 980,246 980,246 979,246 977,248 977,255 976,256 976,257 974,259 972,259 971,260 962,260 961,259 885,259 884,258 813,258 812,257 753,257 752,258 733,258 732,257 654,257 653,258 653,259 653,259 601,259 599,257 494,257 493,256 393,256 392,257 391,257 390,258 385,258 384,257 327,257 326,258 322,258 321,257 253,257 252,258 252,269 252,269"/><TextEquiv index="1"><Unicode>noit de deſſus la mer. Comment avoit-elle</Unicode></TextEquiv></TextLine><TextLine id="r2_l004"><Coords points="870,315 869,315 869,303 869,302 764,302 763,303 759,303 758,304 757,304 755,302 711,302 710,303 710,314 710,314 705,314 704,313 693,313 692,313 692,302 692,301 633,301 632,302 627,302 626,301 502,301 501,302 499,302 498,301 445,301 444,302 299,302 298,303 295,303 294,302 292,302 291,301 227,301 226,302 226,310 225,311 225,312 224,313 215,313 214,312 213,312 212,312 212,303 212,302 210,302 209,301 208,301 204,298 204,297 203,296 203,294 202,293 202,292 203,291 203,288 204,287 204,286 209,281 210,281 212,279 249,279 249,279 249,271 251,269 295,269 296,268 296,267 298,265 299,265 300,266 301,266 303,268 340,268 342,271 342,280 343,280 354,280 355,281 406,281 407,280 448,280 448,280 448,271 450,269 468,269 469,268 470,268 471,267 476,267 477,268 478,268 478,269 478,279 479,279 506,279 507,280 550,280 550,280 550,271 552,269 554,269 555,268 556,268 557,267 559,267 560,269 560,280 561,280 609,280 610,279 610,278 611,277 611,276 612,275 612,274 618,268 621,268 622,267 623,267 624,268 625,268 627,271 627,279 628,279 655,279 656,280 657,280 658,281 727,281 728,282 794,282 794,282 794,271 795,270 855,270 856,269 858,269 859,270 904,270 905,271 906,271 907,273 907,278 908,278 913,278 913,279 913,280 914,280 918,280 918,281 918,282 919,282 923,282 924,283 971,283 972,282 973,282 974,283 978,283 979,284 980,284 981,286 981,288 984,291 983,292 981,292 980,293 980,299 979,300 979,301 978,302 978,303 977,304 974,304 973,305 946,305 945,305 945,304 945,303 873,303 872,304 872,315 872,315"/><TextEquiv index="1"><Unicode>quitté la maiſon de ſon pere? Etoit-ce</Unicode></TextEquiv></TextLine><TextLine id="r2_l005"><Coords points="825,358 824,358 824,348 824,347 798,347 797,348 796,347 612,347 611,348 610,348 609,347 608,347 607,346 526,346 525,347 501,347 500,346 419,346 418,347 418,356 417,357 407,357 405,356 405,348 404,346 340,346 338,348 314,348 313,349 301,349 299,347 208,347 207,346 206,346 203,344 203,336 202,335 202,329 201,328 203,326 204,326 205,325 366,325 368,323 369,323 370,324 416,324 417,325 443,325 443,325 443,316 446,313 479,313 480,315 480,316 481,316 492,316 493,317 498,317 498,318 498,321 499,322 499,325 500,325 557,325 557,325 557,317 558,316 558,315 559,314 560,314 561,313 562,313 564,316 564,322 565,322 576,322 576,323 576,324 578,325 628,325 629,324 639,324 639,324 639,317 641,315 643,315 644,314 645,314 646,313 647,313 648,315 648,316 649,317 649,322 650,323 650,325 651,325 701,325 701,325 701,321 702,320 702,319 703,318 703,315 704,314 753,314 754,315 755,315 756,316 815,316 816,315 820,315 822,318 822,326 823,326 867,326 867,326 867,316 868,315 874,315 874,316 874,325 875,325 885,325 886,326 887,326 888,327 928,327 928,327 928,318 929,317 932,317 933,316 934,316 935,315 951,315 952,317 952,327 953,327 972,327 973,328 974,328 975,329 977,329 978,330 980,330 980,331 980,335 981,336 981,337 981,337 979,337 978,338 978,345 974,349 964,349 963,348 886,348 885,347 832,347 831,348 831,358 831,358"/><TextEquiv index="1"><Unicode>un amant qui l'avoit enlevée? Vivoit-elle</Unicode></TextEquiv></TextLine><TextLine id="r2_l006"><Coords points="202,359 983,359 983,395 202,395"/><TextEquiv index="1"><Unicode>encore avec cet amant? Julie étoit-elle</Unicode></TextEquiv></TextLine><TextLine id="r2_l007"><Coords points="201,400 936,400 936,447 201,447"/><TextEquiv index="1"><Unicode>infidelle? Julie étoit-elle ſans honneur?</Unicode></TextEquiv></TextLine><TextLine id="r2_l008"><Coords points="356,493 355,493 355,492 355,491 334,491 333,491 333,482 333,481 295,481 294,482 269,482 268,481 266,481 265,480 263,480 262,479 261,479 260,478 259,478 256,476 256,475 255,474 255,472 254,471 254,469 253,468 253,463 254,462 254,459 256,457 256,456 260,452 261,452 262,451 263,451 264,450 268,450 269,449 270,449 271,450 277,450 278,451 279,451 281,454 281,459 282,459 290,459 291,460 338,460 339,459 387,459 388,458 399,458 399,458 399,457 400,456 400,455 401,454 401,453 402,452 402,451 405,448 406,448 407,447 409,447 410,446 425,446 425,447 425,459 426,459 505,459 506,460 555,460 556,459 629,459 629,459 629,451 631,449 649,449 651,447 653,447 654,446 669,446 670,447 671,447 672,448 689,448 690,449 691,449 692,451 692,460 693,460 723,460 724,459 742,459 743,458 744,458 746,460 840,460 840,460 840,454 841,453 841,452 842,451 843,451 844,450 866,450 867,449 868,449 869,448 872,448 874,451 874,460 875,460 925,460 926,459 927,459 928,460 962,460 963,461 965,461 967,463 968,463 968,464 968,475 969,475 977,475 978,476 979,476 982,480 981,481 979,481 978,482 940,482 939,481 885,481 884,482 883,482 882,481 804,481 781,481 780,482 778,482 777,481 743,481 742,480 709,480 708,481 696,481 695,482 694,482 692,484 690,483 690,482 690,481 672,481 671,480 636,480 635,481 564,481 563,482 563,490 562,491 552,491 551,491 551,482 551,481 520,481 519,480 488,480 487,481 482,481 481,480 441,480 440,481 418,481 417,480 369,480 368,481 362,481 361,482 361,493 361,493"/><TextEquiv index="1"><Unicode>Ces penſées me paroiſſoient accablantes.</Unicode></TextEquiv></TextLine><TextLine id="r2_l009"><Coords points="297,539 296,539 296,526 296,525 277,525 276,526 258,526 257,527 257,538 257,538 234,538 233,537 229,537 228,536 227,536 226,535 225,535 224,534 223,534 218,530 218,528 217,526 216,526 215,525 214,525 213,524 212,524 210,523 210,522 209,520 208,520 207,520 207,519 206,518 206,512 205,511 205,509 206,508 206,506 208,504 208,502 212,498 212,497 213,496 218,496 219,495 221,495 222,494 226,494 227,495 234,495 234,496 234,497 235,498 235,500 237,502 237,504 238,504 316,504 318,502 335,502 335,502 335,498 337,496 355,496 355,496 355,494 356,493 445,493 446,494 447,494 447,495 447,504 448,504 526,504 527,503 590,503 591,504 641,504 641,504 641,496 643,494 645,494 647,492 649,492 650,493 680,493 682,496 682,504 683,504 742,504 742,504 742,496 745,493 748,493 749,492 750,492 751,493 805,493 805,494 805,496 806,497 806,505 807,505 860,505 860,505 860,495 862,493 865,493 866,494 911,494 912,495 919,495 920,496 922,496 924,498 925,498 926,499 927,499 928,501 928,503 931,505 971,505 972,506 975,506 977,508 978,508 979,509 980,509 981,510 982,510 983,512 983,513 980,516 979,516 978,517 978,523 975,526 973,526 972,527 929,527 928,528 928,534 928,534 927,534 926,535 924,535 923,536 921,536 920,535 918,535 916,533 915,533 914,532 913,532 912,532 912,531 911,530 911,529 910,527 863,527 862,526 742,526 741,525 740,525 739,524 690,524 689,525 607,525 606,526 602,526 601,525 509,525 508,526 506,526 505,525 466,525 465,526 465,527 465,527 445,527 443,529 443,531 442,532 441,532 439,531 439,527 439,526 353,526 352,525 301,525 300,526 300,539 300,539"/><TextEquiv index="1"><Unicode>Que n'étois-je encore loin d'elle! Que</Unicode></TextEquiv></TextLine><TextLine id="r2_l010"><Coords points="331,579 331,572 331,571 252,571 251,572 209,572 207,571 207,555 206,554 210,550 221,550 222,549 231,549 231,549 231,544 232,543 232,542 233,541 233,539 234,538 257,538 258,539 337,539 338,540 339,540 340,542 340,544 341,545 341,550 342,550 397,550 398,549 421,549 422,548 432,548 432,548 432,540 433,539 434,539 435,538 464,538 465,537 465,535 467,533 468,533 469,534 470,534 472,536 511,536 512,537 514,537 515,538 519,538 521,541 521,548 523,549 577,549 578,548 599,548 600,547 665,547 665,547 665,543 666,542 666,539 668,537 671,537 672,538 673,538 674,539 675,539 675,540 675,541 676,541 700,541 700,542 700,549 701,549 821,549 821,549 821,547 822,546 822,544 829,537 836,537 837,539 837,549 838,549 884,549 884,549 884,541 886,539 887,539 888,538 889,538 890,537 892,537 893,538 894,538 895,539 937,539 938,541 938,550 939,550 976,550 977,551 982,551 983,553 983,564 983,564 982,564 980,566 980,567 979,568 979,570 979,570 978,571 976,571 975,572 948,572 947,571 889,571 888,570 769,570 768,571 767,570 715,570 714,571 713,571 712,570 638,570 637,569 518,569 517,570 439,570 438,571 339,571 338,572 338,574 337,575 337,576 335,578 335,579 335,579 334,579 333,580"/><TextEquiv index="1"><Unicode>n'étois-je exilé ſur un trône au fond des</Unicode></TextEquiv></TextLine><TextLine id="r2_l011"><Coords points="217,628 217,618 217,617 214,617 213,617 213,616 212,615 212,598 211,596 209,596 208,595 207,595 206,595 206,588 210,584 234,584 235,585 237,585 238,587 238,595 239,595 274,595 275,594 345,594 346,593 346,591 347,590 347,587 348,586 348,585 350,583 351,584 352,584 352,585 352,586 355,588 392,588 392,588 392,587 396,583 398,583 399,582 403,582 404,583 405,583 406,584 407,584 407,585 407,587 409,588 413,588 415,590 447,590 447,590 447,585 448,584 449,584 450,583 451,583 452,582 454,582 456,585 456,593 457,593 499,593 499,593 499,584 501,582 504,582 505,583 540,583 541,584 542,584 542,585 542,593 543,593 597,593 598,592 599,592 600,593 619,593 620,594 653,594 653,594 653,587 655,585 656,587 656,594 657,594 676,594 677,593 755,593 755,593 755,586 756,585 756,584 758,582 760,582 762,585 762,594 763,594 814,594 814,594 814,585 817,582 818,582 819,583 820,583 822,585 851,585 852,586 853,586 854,587 855,587 855,588 855,593 856,593 861,593 862,594 904,594 904,594 904,587 906,585 907,585 908,584 910,584 911,583 913,583 914,585 914,586 915,586 938,586 938,587 938,596 939,596 967,596 968,595 970,595 971,596 975,596 976,597 978,597 979,598 980,598 980,599 980,607 981,608 981,610 980,611 978,611 974,615 973,615 972,616 971,616 970,617 967,617 966,616 905,616 904,615 818,615 817,614 761,614 760,615 742,615 741,614 659,614 658,615 658,625 656,627 655,626 652,626 651,625 650,625 648,624 648,615 648,614 557,614 556,615 504,615 503,616 466,616 465,615 351,615 303,615 302,616 251,616 250,617 235,617 234,618 234,622 233,623 232,623 232,622 231,621 231,618 231,617 219,617 218,618 218,628 218,628"/><TextEquiv index="1"><Unicode>Terres-Auſtrales! Je ne pouvois vivre dans</Unicode></TextEquiv></TextLine><TextLine id="r2_l012"><Coords points="353,671 351,670 351,662 351,661 218,661 217,660 216,660 215,659 214,659 213,658 212,658 210,657 210,655 209,654 209,653 208,652 208,648 209,647 209,646 210,645 210,644 213,641 213,630 215,628 219,628 220,629 221,629 221,630 221,639 222,639 253,639 254,638 268,638 269,639 308,639 308,639 308,631 309,630 309,629 310,628 313,628 314,629 315,629 315,630 315,631 316,632 316,638 317,638 360,638 361,639 386,639 386,639 386,630 387,629 388,629 389,628 391,628 392,629 410,629 411,631 411,633 412,633 416,633 416,634 416,638 417,638 459,638 459,638 459,629 460,628 461,628 462,627 463,627 464,626 467,626 468,628 468,629 469,629 476,629 477,631 477,639 478,639 512,639 513,638 577,638 578,637 602,637 602,637 602,630 603,629 605,629 606,628 607,628 608,627 609,627 610,626 623,626 625,628 627,628 628,630 628,633 629,633 671,633 675,629 676,629 677,628 711,628 712,627 714,627 715,628 716,628 716,629 716,637 717,637 772,637 772,637 772,630 773,629 785,629 786,631 786,638 787,638 841,638 842,639 887,639 887,639 887,631 888,630 889,630 890,629 927,629 929,627 930,627 931,626 932,627 936,627 938,629 958,629 959,630 960,630 960,631 960,638 961,638 973,638 974,639 975,639 977,641 978,641 979,642 980,642 981,643 982,643 982,644 982,646 980,648 979,648 978,649 978,660 977,661 975,661 974,662 972,662 971,661 925,661 924,660 903,660 902,659 776,659 775,660 707,660 706,661 705,661 704,660 651,660 650,659 597,659 596,660 594,660 593,659 552,659 551,660 551,665 551,665 550,665 549,665 549,664 548,663 548,660 548,659 519,659 518,660 485,660 484,661 483,661 482,660 408,660 407,661 406,660 364,660 363,661 363,670 362,671"/><TextEquiv index="1"><Unicode>cette inquiétude mortelle. Saint-Jean n'oſoit</Unicode></TextEquiv></TextLine><TextLine id="r2_l013"><Coords points="788,716 787,715 782,715 778,712 778,710 777,709 777,705 777,704 717,704 716,705 674,705 673,704 589,704 588,705 586,705 585,704 524,704 523,705 514,705 513,704 502,704 501,705 501,716 501,716 498,716 497,716 497,705 497,704 460,704 459,705 435,705 434,704 367,704 366,705 348,705 347,706 346,705 292,705 253,705 252,706 208,706 206,705 206,704 205,703 205,687 207,685 209,685 210,684 211,684 212,683 294,683 295,684 373,684 373,684 373,676 374,675 376,675 377,674 425,674 426,673 429,673 429,674 429,675 430,676 430,682 431,682 437,682 439,684 512,684 512,684 512,674 513,673 533,673 534,672 620,672 621,671 647,671 648,673 648,681 649,682 649,683 650,683 665,683 666,684 667,684 669,687 669,688 670,689 670,698 671,698 707,698 707,698 707,697 709,695 710,695 711,694 714,694 714,694 714,675 716,673 728,673 729,675 729,684 730,684 782,684 783,683 793,683 794,682 795,682 796,683 851,683 852,682 853,683 882,683 882,683 882,675 884,673 932,673 933,672 938,672 939,673 940,673 941,675 941,684 942,684 974,684 975,685 977,685 980,689 980,691 980,691 978,691 977,692 976,692 975,693 973,693 972,694 972,704 970,706 960,706 959,705 841,705 840,706 840,707 840,707 839,707 838,708 838,711 834,715 790,715 789,716"/><TextEquiv index="1"><Unicode>retourner chez Noirville. Je gagnai ſur</Unicode></TextEquiv></TextLine><TextLine id="r2_l014"><Coords points="379,762 379,750 379,749 331,749 330,750 324,750 323,749 290,749 289,750 289,758 288,759 288,760 288,760 278,760 276,759 276,750 276,749 238,749 237,750 218,750 217,751 211,751 210,752 207,752 204,750 204,725 203,724 203,721 205,719 208,719 209,718 211,718 212,717 215,717 216,718 249,718 249,719 249,720 250,721 250,729 251,729 274,729 275,728 312,728 312,728 312,722 314,720 323,720 323,720 323,719 324,718 325,718 326,717 340,717 340,718 340,720 341,720 377,720 378,721 379,721 380,723 380,728 381,728 459,728 460,727 482,727 482,727 482,718 483,717 484,717 485,716 502,716 502,717 502,721 504,723 504,726 505,726 512,726 513,727 541,727 541,727 541,719 542,718 555,718 555,719 555,722 556,722 560,722 560,723 560,728 561,728 601,728 602,727 624,727 624,727 624,719 625,718 625,717 626,716 630,716 632,718 667,718 670,715 672,715 673,716 683,716 684,717 685,717 685,718 685,727 686,727 695,727 696,728 732,728 732,728 732,719 734,717 736,717 738,715 741,715 742,714 744,716 762,716 762,717 762,718 763,719 763,728 764,728 808,728 809,727 811,727 812,728 876,728 876,728 876,724 878,722 879,722 880,724 880,727 881,727 933,727 933,727 933,718 934,717 938,717 940,719 941,719 941,720 941,725 942,726 942,729 943,729 955,729 956,730 959,730 960,731 961,731 961,732 961,738 962,738 975,738 976,739 978,739 979,740 980,740 980,741 980,744 978,746 959,746 955,750 942,750 941,751 937,751 936,750 905,750 904,749 852,749 851,750 851,755 851,755 850,755 849,755 849,750 849,749 848,749 847,750 847,752 845,754 842,754 841,754 841,751 840,749 822,749 821,748 782,748 781,749 774,749 773,748 705,748 704,749 663,749 662,750 657,750 656,749 641,749 640,748 582,748 581,749 524,749 523,750 521,750 520,749 496,749 495,748 445,748 444,749 437,749 436,748 435,749 435,760 435,760 433,760 432,760 432,749 432,748 394,748 392,750 392,752 391,753 391,755 390,756 390,757 389,758 388,758 387,759 386,759 385,760 383,760 381,758 380,759 380,762 380,762"/><TextEquiv index="1"><Unicode>lui qu'il s'y rendît. Le vieillard le recut très-</Unicode></TextEquiv></TextLine><TextLine id="r2_l015"><Coords points="870,807 869,807 869,805 869,804 858,804 857,804 857,803 856,802 856,795 856,794 827,794 826,793 775,793 774,794 744,794 742,796 742,797 738,801 737,801 736,802 735,802 733,801 733,794 733,793 543,793 542,792 491,792 490,793 479,793 478,794 468,794 467,795 467,799 467,799 466,799 464,798 464,795 464,794 374,794 373,795 302,795 301,796 301,798 300,799 300,800 297,803 293,803 292,803 292,797 292,796 213,796 211,798 209,798 207,797 207,794 208,793 208,778 210,776 212,776 213,775 215,775 216,774 233,774 234,773 263,773 263,773 263,764 264,763 266,763 267,762 268,762 269,761 272,761 272,762 272,764 274,766 274,775 275,775 325,775 326,774 332,774 333,773 377,773 377,773 377,764 379,762 382,762 383,764 383,773 384,773 429,773 429,773 429,768 430,767 430,762 432,760 436,760 436,761 436,771 437,771 446,771 447,772 496,772 498,770 535,770 535,770 535,763 537,761 540,761 541,760 544,760 544,761 544,764 545,765 545,768 546,768 547,768 547,769 547,771 548,771 625,771 625,771 625,770 626,769 626,768 627,767 627,765 630,762 631,762 632,761 633,761 634,760 635,760 636,759 639,759 640,760 641,760 641,761 641,762 642,763 642,768 643,768 690,768 690,768 690,764 691,763 692,763 693,762 694,762 695,761 697,761 698,760 698,761 698,762 699,762 709,762 709,763 709,771 710,771 722,771 722,772 722,773 723,773 759,773 759,773 759,764 762,761 776,761 776,762 776,765 777,766 777,772 778,772 828,772 829,771 830,772 906,772 907,771 928,771 928,771 928,765 929,764 931,764 933,762 936,762 937,763 969,763 970,764 972,764 974,767 974,776 978,780 978,793 979,794 978,795 977,795 976,796 965,796 964,795 932,795 931,794 876,794 875,795 875,807 875,807"/><TextEquiv index="1"><Unicode>mal; mais étant dans ſon lit, il ne put lui</Unicode></TextEquiv></TextLine><TextLine id="r2_l016"><Coords points="802,850 801,849 799,849 797,848 797,844 797,843 771,843 770,844 769,844 767,846 764,846 762,845 762,839 762,838 735,838 734,839 714,839 713,840 713,841 713,841 700,841 699,842 699,848 698,849 690,849 689,848 688,848 688,840 688,839 602,839 601,838 508,838 507,839 469,839 468,840 331,840 330,839 312,839 311,840 311,846 310,847 309,847 309,845 308,844 308,840 308,839 287,839 286,840 250,840 249,841 249,844 248,845 247,845 245,847 244,847 244,845 243,844 243,842 243,841 218,841 217,840 216,840 214,838 213,838 211,837 211,836 210,835 210,834 209,833 209,832 207,830 207,829 206,828 206,827 205,826 206,825 206,814 207,813 207,812 209,810 223,810 223,811 223,818 224,818 252,818 253,817 253,816 254,815 254,814 255,813 255,812 259,808 260,808 261,807 262,807 263,806 279,806 280,807 281,807 283,809 289,809 289,810 289,818 290,818 328,818 328,818 328,810 330,808 331,808 332,807 333,807 334,806 336,806 337,808 337,817 338,817 343,817 344,818 380,818 381,817 382,817 383,816 393,816 393,816 393,815 394,814 394,811 395,810 395,808 397,806 398,806 399,807 400,807 400,808 400,809 401,810 401,814 402,815 402,817 403,817 423,817 424,818 433,818 434,819 435,819 438,822 464,822 464,822 464,809 466,807 479,807 480,808 481,808 481,809 481,817 482,817 519,817 520,816 521,817 554,817 554,817 554,808 556,806 559,806 560,805 563,805 563,806 563,808 564,809 564,811 566,813 566,817 567,817 609,817 609,817 609,810 610,809 610,808 611,807 613,807 613,808 613,817 614,817 643,817 643,817 643,814 644,813 644,812 645,811 645,810 649,806 650,806 651,805 658,805 659,806 671,806 672,807 673,807 673,808 673,816 674,816 714,816 715,817 748,817 750,815 751,815 751,816 751,818 753,820 753,830 754,830 788,830 788,830 788,824 789,823 789,822 791,820 791,819 792,818 794,818 795,817 834,817 834,817 834,810 837,807 874,807 874,808 874,816 875,816 886,816 886,817 886,818 887,818 912,818 912,818 912,809 913,808 914,808 915,807 916,808 917,808 917,809 917,811 918,812 918,817 919,817 930,817 930,818 930,819 931,819 967,819 968,818 970,818 971,820 971,821 972,821 975,821 977,823 979,823 980,825 980,826 980,826 977,826 976,827 976,840 976,840 975,840 974,841 967,841 966,840 915,840 914,839 866,839 865,838 811,838 810,839 810,848 808,850"/><TextEquiv index="1"><Unicode>caſſer la tête. Les domeſtiques, qui étoient</Unicode></TextEquiv></TextLine><TextLine id="r2_l017"><Coords points="317,895 316,895 316,887 316,886 218,886 217,885 215,885 214,884 212,884 209,882 209,877 209,876 208,876 207,876 207,875 206,874 206,872 207,871 208,871 209,870 209,867 210,866 210,865 211,864 211,863 212,862 337,862 337,862 337,855 338,854 340,854 342,852 830,852 833,849 835,849 836,850 837,850 837,851 837,854 838,854 972,854 973,855 974,855 976,858 976,861 977,861 978,861 978,862 978,866 977,867 977,873 976,874 974,874 972,876 972,882 971,883 971,884 970,885 969,885 968,886 965,886 964,887 837,887 836,888 836,892 835,893 833,893 831,891 785,891 784,891 784,890 783,889 783,885 783,884 722,884 721,883 467,883 429,883 428,884 325,884 324,885 324,895 324,895"/><TextEquiv index="1"><Unicode>tous plus ou moins nouveaux, (car ce</Unicode></TextEquiv></TextLine><TextLine id="r2_l018"><Coords points="946,942 941,942 940,941 939,941 938,941 938,940 937,939 937,937 936,936 936,930 936,929 901,929 900,928 882,928 881,927 839,927 838,928 836,928 835,929 834,928 831,928 830,927 794,927 793,928 785,928 784,929 766,929 765,930 765,935 764,936 764,937 763,938 762,938 761,939 759,939 758,940 751,940 748,937 747,937 747,936 746,935 746,929 746,928 693,928 692,927 633,927 632,928 608,928 607,929 607,939 607,939 603,939 602,940 601,940 600,939 599,939 598,939 598,938 597,937 597,929 597,928 550,928 549,929 549,934 549,934 548,934 548,928 548,927 512,927 510,929 326,929 325,930 322,930 321,929 279,929 278,930 261,930 260,931 255,931 254,930 234,930 222,930 221,931 213,931 212,930 211,930 210,930 210,928 209,927 209,916 209,915 208,915 205,913 205,908 206,907 209,907 210,908 255,908 255,908 255,905 256,904 256,901 257,900 257,897 260,894 262,894 263,896 263,897 264,897 291,897 292,898 293,898 293,899 293,904 295,906 295,908 296,908 337,908 338,907 376,907 376,907 376,903 377,902 385,902 385,902 385,899 386,898 389,898 390,897 391,897 392,896 393,898 393,900 394,901 394,902 395,903 395,907 396,907 476,907 477,906 478,907 489,907 490,908 536,908 537,907 544,907 545,906 550,906 551,907 628,907 629,906 658,906 659,907 692,907 693,906 706,906 706,906 706,898 708,896 711,896 712,898 712,906 713,906 725,906 726,907 812,907 812,907 812,898 814,896 815,896 816,895 817,895 818,894 819,894 821,897 821,906 822,906 850,906 851,907 880,907 880,907 880,900 882,898 883,898 884,897 885,897 886,896 890,896 890,897 890,898 891,898 893,898 893,899 893,908 894,908 931,908 932,909 956,909 957,911 957,919 958,919 971,919 972,920 975,920 976,922 976,924 975,925 974,925 973,926 957,926 956,927 956,937 955,938 955,939 953,941 952,941 951,942 948,942 947,943"/><TextEquiv index="1"><Unicode>méchant homme ne pouvoit garder long-</Unicode></TextEquiv></TextLine><TextLine id="r2_l019"><Coords points="349,987 348,987 348,986 348,985 346,985 345,984 344,984 343,984 343,975 343,974 290,974 289,975 289,984 288,985 286,985 285,986 283,986 282,985 278,985 276,984 276,978 276,977 234,977 233,976 232,976 231,975 212,975 209,973 209,963 209,962 203,962 202,961 199,961 197,960 198,959 202,959 203,958 205,958 206,957 206,947 208,945 210,945 211,947 211,952 212,952 217,952 218,953 390,953 392,951 404,951 405,950 405,949 407,947 407,946 410,943 411,943 412,942 413,942 414,941 418,941 419,942 421,942 424,946 424,952 425,952 468,952 469,951 470,951 471,952 544,952 544,952 544,944 546,942 547,942 549,940 551,940 553,943 553,944 554,944 555,944 555,945 555,951 556,951 559,951 560,952 632,952 632,952 632,944 633,943 633,942 634,941 635,941 636,940 640,940 641,941 688,941 688,941 688,939 689,938 692,938 694,940 740,940 741,941 750,941 753,945 753,952 754,952 816,952 816,952 816,951 817,950 854,950 854,950 854,940 856,938 857,938 858,939 859,939 860,941 860,942 861,943 861,945 862,946 862,947 863,948 863,949 864,950 864,952 866,953 924,953 925,954 971,954 971,954 971,948 973,946 974,946 975,948 975,955 976,956 976,961 977,962 977,969 978,970 978,972 977,973 977,974 976,975 976,976 976,976 942,976 941,975 939,975 938,974 868,974 867,973 702,973 700,975 700,976 699,977 699,979 695,983 695,984 695,984 692,984 690,983 690,975 690,974 657,974 656,973 651,973 650,972 592,972 591,973 579,973 578,974 576,974 575,973 493,973 492,974 482,974 481,975 481,979 481,979 480,979 478,978 478,974 478,973 426,973 425,974 357,974 356,975 356,987 356,987"/><TextEquiv index="1"><Unicode>temps perſonne chez lui) dirent à mon</Unicode></TextEquiv></TextLine><TextLine id="r2_l020"><Coords points="423,1031 422,1031 422,1024 422,1023 399,1023 397,1025 396,1025 395,1026 392,1026 390,1025 390,1020 390,1019 257,1019 256,1020 215,1020 210,1016 210,1015 209,1014 209,1012 207,1009 188,1009 187,1009 187,1008 186,1007 189,1004 207,1004 207,1004 207,996 210,993 211,993 213,995 224,995 224,996 224,998 225,998 288,998 289,997 346,997 346,997 346,988 347,987 356,987 356,988 356,990 357,991 357,997 358,997 371,997 372,998 374,998 375,999 376,999 376,1000 376,1001 378,1003 378,1009 379,1009 428,1009 428,1009 428,1003 433,998 434,998 435,997 458,997 460,995 462,995 463,996 467,996 468,997 519,997 519,997 519,988 520,987 521,987 522,986 523,986 524,985 529,985 529,986 529,993 530,994 530,997 531,997 580,997 581,996 599,996 599,996 599,988 602,985 603,986 604,986 605,988 605,996 606,996 710,996 710,996 710,988 713,985 714,985 715,984 718,984 719,986 719,996 720,996 740,996 741,997 793,997 794,996 822,996 822,996 822,988 824,986 829,986 829,987 829,988 830,989 830,996 831,996 871,996 872,997 873,997 874,998 902,998 903,999 938,999 938,999 938,990 939,989 941,989 942,988 956,988 956,989 956,990 957,990 975,990 976,991 977,991 977,992 977,993 976,994 976,1015 974,1017 973,1017 969,1021 968,1021 967,1022 963,1022 962,1021 938,1021 937,1021 937,1020 937,1019 898,1019 897,1018 873,1018 872,1017 828,1017 827,1018 827,1020 826,1021 826,1023 825,1024 825,1025 823,1027 821,1027 820,1027 820,1019 820,1018 743,1018 742,1019 742,1027 742,1027 741,1027 740,1028 738,1028 737,1029 734,1029 733,1028 732,1028 731,1028 731,1020 731,1019 670,1019 669,1020 669,1028 668,1029 659,1029 657,1028 657,1019 656,1017 608,1017 607,1018 564,1018 563,1019 563,1027 562,1028 517,1028 516,1029 516,1030 516,1030 512,1030 511,1030 511,1020 511,1019 451,1019 450,1020 450,1028 449,1029 439,1029 438,1029 438,1024 438,1023 432,1023 431,1024 431,1031 431,1031"/><TextEquiv index="1"><Unicode>camarade, que depuis quelques jours il</Unicode></TextEquiv></TextLine><TextLine id="r2_l021"><Coords points="557,1075 556,1075 556,1065 556,1064 475,1064 474,1065 474,1072 473,1073 473,1074 473,1074 463,1074 462,1073 388,1073 387,1073 387,1065 387,1064 211,1064 209,1063 209,1062 208,1061 208,1052 207,1051 207,1049 206,1048 210,1044 213,1044 214,1043 216,1043 217,1042 243,1042 244,1041 244,1040 245,1039 274,1039 274,1039 274,1034 276,1032 421,1032 422,1031 511,1031 512,1030 530,1030 532,1028 533,1028 534,1029 535,1029 536,1030 843,1030 844,1029 846,1029 847,1030 899,1030 900,1031 901,1031 904,1035 904,1043 905,1043 915,1043 916,1044 948,1044 949,1045 950,1045 951,1046 973,1046 976,1050 976,1053 977,1054 976,1055 975,1055 974,1056 974,1064 972,1066 971,1066 969,1068 964,1068 963,1067 960,1067 959,1066 951,1066 950,1065 909,1065 908,1064 560,1064 559,1065 559,1075 559,1075"/><TextEquiv index="1"><Unicode>avoient vu ſe préſenter une très-belle dame</Unicode></TextEquiv></TextLine><TextLine id="r2_l022"><Coords points="686,1120 684,1119 684,1108 684,1107 656,1107 655,1108 654,1108 653,1107 609,1107 608,1108 603,1108 601,1106 531,1106 530,1107 530,1115 529,1116 528,1116 527,1117 521,1117 520,1116 519,1116 517,1115 517,1114 517,1113 476,1113 475,1114 473,1114 471,1113 471,1108 471,1107 301,1107 300,1108 216,1108 215,1107 214,1107 213,1106 211,1106 210,1105 209,1105 208,1105 208,1104 207,1103 207,1097 206,1096 207,1095 207,1094 208,1093 208,1091 209,1090 209,1085 210,1084 210,1083 211,1082 213,1082 213,1083 213,1086 214,1086 244,1086 245,1087 292,1087 292,1087 292,1078 294,1076 296,1076 297,1075 301,1075 301,1076 301,1084 303,1085 346,1085 348,1083 349,1083 350,1082 379,1082 379,1082 379,1077 381,1075 389,1075 389,1075 389,1073 390,1072 406,1072 407,1073 408,1073 409,1074 428,1074 429,1075 441,1075 441,1076 441,1086 442,1086 458,1086 460,1088 461,1088 462,1090 462,1091 463,1092 463,1099 464,1099 508,1099 508,1099 508,1093 509,1092 509,1091 510,1090 510,1089 513,1086 516,1086 517,1085 554,1085 554,1085 554,1077 556,1075 560,1075 560,1076 560,1077 561,1078 561,1086 562,1086 604,1086 604,1086 604,1081 605,1080 605,1076 606,1075 606,1074 609,1071 611,1071 612,1073 612,1075 613,1075 653,1075 654,1076 655,1076 655,1077 655,1078 656,1079 656,1085 657,1085 666,1085 668,1087 714,1087 715,1086 728,1086 729,1085 730,1085 731,1086 752,1086 753,1087 832,1087 834,1085 834,1083 835,1082 835,1081 836,1080 836,1079 838,1077 839,1077 841,1075 842,1075 843,1074 849,1074 853,1079 853,1086 854,1086 855,1086 856,1087 858,1087 859,1088 897,1088 897,1088 897,1082 900,1079 904,1079 904,1080 904,1082 905,1083 905,1088 906,1088 930,1088 931,1087 932,1087 933,1088 934,1088 936,1090 972,1090 975,1094 971,1098 968,1098 967,1099 967,1109 966,1110 966,1111 965,1112 958,1112 957,1111 902,1111 901,1112 901,1113 898,1116 898,1117 897,1118 896,1118 894,1117 894,1109 894,1108 795,1108 794,1109 790,1109 789,1108 730,1108 729,1109 728,1108 727,1108 726,1107 691,1107 690,1108 690,1120 690,1120"/><TextEquiv index="1"><Unicode>ou demoiſelle, qui étoit venue ſe jeter</Unicode></TextEquiv></TextLine><TextLine id="r2_l023"><Coords points="966,1167 965,1167 965,1158 964,1156 962,1156 961,1155 923,1155 922,1155 922,1154 922,1153 880,1153 879,1152 877,1152 875,1150 823,1150 822,1151 807,1151 806,1152 800,1152 798,1154 762,1154 760,1156 760,1157 758,1159 757,1159 756,1160 755,1160 754,1161 753,1161 753,1160 752,1159 752,1156 752,1155 731,1155 730,1154 728,1154 726,1152 680,1152 679,1153 678,1152 631,1152 630,1151 556,1151 555,1152 552,1152 551,1151 497,1151 496,1152 495,1151 340,1151 339,1152 326,1152 325,1153 325,1157 324,1158 324,1159 321,1162 320,1162 318,1164 312,1164 311,1163 309,1163 308,1162 307,1162 306,1162 306,1161 305,1160 305,1154 305,1153 214,1153 213,1152 212,1152 209,1150 209,1148 208,1147 208,1133 209,1132 209,1131 211,1129 212,1129 213,1130 223,1130 224,1131 312,1131 313,1130 354,1130 355,1129 395,1129 396,1128 397,1128 398,1129 405,1129 406,1130 472,1130 472,1130 472,1121 473,1120 474,1120 475,1119 477,1119 478,1118 479,1118 480,1120 480,1123 481,1123 482,1123 482,1124 482,1130 483,1130 530,1130 530,1130 530,1122 532,1120 534,1120 536,1118 540,1118 540,1119 540,1129 541,1129 577,1129 578,1130 599,1130 600,1131 683,1131 683,1131 683,1126 684,1125 684,1123 685,1122 685,1121 686,1120 690,1120 691,1122 691,1123 692,1124 692,1130 693,1130 701,1130 702,1131 720,1131 722,1133 731,1133 732,1134 737,1134 739,1136 786,1136 786,1136 786,1135 787,1134 788,1134 789,1133 791,1133 792,1132 804,1132 805,1131 806,1131 807,1130 816,1130 817,1131 912,1131 912,1131 912,1129 913,1128 913,1127 919,1121 926,1121 927,1122 928,1122 929,1123 972,1123 973,1125 973,1161 974,1161 981,1161 981,1162 981,1163 981,1163 980,1163 979,1164 975,1164 972,1167"/><TextEquiv index="1"><Unicode>aux genoux de leur maître, en verſant</Unicode></TextEquiv></TextLine><TextLine id="r2_l024"><Coords points="953,1214 952,1214 952,1201 952,1200 940,1200 939,1199 904,1199 903,1198 889,1198 888,1197 792,1197 791,1198 757,1198 756,1199 756,1207 755,1208 745,1208 743,1207 743,1198 743,1197 701,1197 700,1198 695,1198 694,1197 615,1197 614,1198 613,1197 368,1197 367,1198 367,1208 367,1208 366,1208 365,1209 358,1209 357,1208 356,1208 355,1208 355,1198 355,1197 271,1197 270,1198 262,1198 261,1199 261,1200 261,1200 260,1200 259,1199 209,1199 207,1198 207,1169 209,1167 211,1167 212,1166 219,1166 219,1167 219,1168 220,1169 220,1170 221,1171 221,1172 222,1172 223,1172 223,1173 223,1174 224,1175 224,1176 225,1176 319,1176 320,1175 348,1175 349,1174 350,1174 351,1175 398,1175 398,1175 398,1166 399,1165 401,1165 402,1164 403,1164 404,1163 450,1163 451,1165 451,1170 452,1170 459,1170 461,1173 461,1174 462,1174 515,1174 516,1175 577,1175 577,1175 577,1167 578,1166 579,1166 580,1165 589,1165 590,1166 591,1166 591,1167 591,1176 592,1176 661,1176 662,1175 674,1175 674,1175 674,1168 675,1167 677,1167 679,1165 698,1165 698,1165 698,1164 700,1162 704,1162 705,1164 705,1165 706,1165 728,1165 729,1167 729,1168 730,1169 730,1176 731,1176 834,1176 834,1176 834,1166 835,1165 866,1165 867,1164 868,1164 869,1165 894,1165 895,1167 895,1178 896,1178 943,1178 943,1178 943,1171 945,1169 948,1169 949,1168 965,1168 966,1167 973,1167 973,1168 973,1169 974,1170 974,1197 975,1197 976,1197 976,1198 976,1203 972,1207 970,1207 967,1210 965,1210 964,1209 963,1209 962,1209 962,1201 962,1200 956,1200 955,1201 955,1214 955,1214"/><TextEquiv index="1"><Unicode>beaucoup de larmes. Le colérique vieillard,</Unicode></TextEquiv></TextLine><TextLine id="r2_l025"><Coords points="853,1256 852,1256 852,1245 852,1244 847,1244 844,1247 844,1248 844,1248 843,1248 841,1250 840,1250 839,1251 838,1251 837,1250 836,1250 835,1250 835,1244 835,1243 735,1243 734,1242 706,1242 705,1241 652,1241 651,1242 607,1242 606,1241 500,1241 499,1242 478,1242 477,1241 417,1241 416,1242 385,1242 384,1243 382,1243 381,1242 309,1242 308,1243 234,1243 233,1244 232,1244 231,1243 210,1243 207,1241 208,1240 208,1223 210,1221 212,1221 212,1221 212,1217 213,1216 213,1214 215,1212 217,1212 218,1211 219,1211 220,1210 221,1210 222,1209 227,1209 228,1210 229,1210 229,1211 229,1212 230,1213 230,1222 231,1222 277,1222 278,1221 328,1221 329,1220 412,1220 413,1219 445,1219 446,1218 446,1217 447,1216 447,1214 452,1209 453,1209 454,1208 455,1208 456,1207 459,1207 460,1208 461,1208 461,1209 461,1210 464,1213 464,1218 465,1218 498,1218 499,1219 500,1219 501,1220 530,1220 530,1220 530,1212 532,1210 534,1210 535,1209 536,1209 537,1210 608,1210 608,1210 608,1209 610,1207 614,1207 614,1208 614,1220 615,1220 688,1220 689,1219 706,1219 707,1218 709,1220 719,1220 720,1221 785,1221 785,1221 785,1213 786,1212 787,1212 788,1211 790,1211 792,1209 793,1209 794,1210 806,1210 806,1211 806,1220 807,1220 821,1220 822,1221 865,1221 865,1221 865,1214 867,1212 868,1212 869,1211 870,1211 871,1210 875,1210 875,1211 875,1212 876,1212 884,1212 885,1213 887,1213 889,1216 889,1217 890,1218 890,1222 891,1222 900,1222 901,1223 913,1223 914,1224 951,1224 951,1224 951,1215 952,1214 957,1214 957,1215 957,1224 958,1224 968,1224 968,1225 968,1226 969,1226 971,1226 972,1227 973,1227 975,1230 975,1232 973,1234 972,1234 971,1235 971,1246 970,1247 965,1247 964,1246 955,1246 954,1245 939,1245 938,1244 860,1244 859,1245 859,1256 859,1256"/><TextEquiv index="1"><Unicode>ſe montrant fort irrité contre elle; l'avoit</Unicode></TextEquiv></TextLine><TextLine id="r2_l026"><Coords points="870,1301 869,1301 869,1289 869,1288 850,1288 849,1287 790,1287 789,1286 731,1286 729,1288 728,1288 727,1287 713,1287 712,1286 636,1286 635,1287 635,1291 634,1292 634,1293 633,1294 633,1295 631,1297 619,1297 616,1295 616,1288 616,1287 594,1287 593,1286 545,1286 544,1287 544,1297 544,1297 537,1297 536,1296 534,1296 533,1296 533,1289 533,1288 512,1288 511,1287 500,1287 499,1286 463,1286 462,1287 461,1287 460,1286 410,1286 409,1286 408,1287 405,1287 404,1286 369,1286 368,1287 325,1287 324,1288 324,1299 324,1299 322,1299 321,1298 313,1298 311,1297 311,1296 310,1295 310,1288 310,1287 280,1287 279,1288 213,1288 212,1289 209,1289 208,1289 208,1288 207,1287 207,1285 209,1283 209,1269 211,1267 215,1267 216,1266 343,1266 343,1266 343,1261 344,1260 344,1257 345,1256 345,1254 347,1252 351,1252 351,1253 351,1265 352,1265 482,1265 482,1265 482,1257 484,1255 486,1255 487,1254 488,1254 489,1253 492,1253 492,1254 492,1264 493,1264 507,1264 508,1265 555,1265 555,1265 555,1256 556,1255 558,1255 560,1253 563,1253 564,1255 564,1265 565,1265 622,1265 623,1264 634,1264 635,1265 683,1265 684,1264 702,1264 702,1264 702,1257 703,1256 706,1256 708,1254 711,1254 711,1255 711,1256 712,1256 715,1256 715,1257 715,1266 716,1266 754,1266 755,1265 758,1265 758,1265 758,1256 760,1254 763,1254 764,1253 765,1253 766,1254 767,1254 767,1255 767,1256 770,1259 770,1265 771,1265 833,1265 834,1264 850,1264 850,1264 850,1262 851,1261 851,1259 852,1258 852,1257 853,1256 858,1256 858,1257 858,1268 859,1268 917,1268 918,1267 921,1267 922,1268 923,1268 924,1269 947,1269 947,1269 947,1261 949,1259 953,1259 954,1261 954,1270 955,1270 967,1270 969,1272 970,1272 970,1273 970,1276 971,1277 971,1278 972,1279 972,1280 973,1281 973,1282 973,1282 971,1282 970,1283 970,1287 967,1290 966,1290 965,1291 949,1291 948,1290 933,1290 932,1289 879,1289 878,1290 878,1291 877,1292 877,1293 876,1294 875,1294 874,1295 873,1295 871,1297 871,1301 871,1301"/><TextEquiv index="1"><Unicode>renvoyée avec la plus grande dureté; mais</Unicode></TextEquiv></TextLine><TextLine id="r2_l027"><Coords points="777,1344 776,1344 776,1333 776,1332 409,1332 393,1332 392,1333 392,1341 392,1341 391,1341 390,1342 348,1342 347,1343 347,1344 347,1344 343,1344 342,1344 342,1334 342,1333 226,1333 225,1332 214,1332 213,1331 212,1331 208,1328 208,1317 206,1315 209,1312 212,1312 213,1311 215,1311 216,1310 233,1310 233,1310 233,1309 234,1308 316,1308 316,1308 316,1302 317,1301 318,1301 319,1300 320,1300 321,1299 431,1299 431,1299 431,1297 432,1296 433,1296 434,1295 435,1295 436,1296 437,1296 437,1297 437,1298 438,1298 848,1298 849,1299 850,1299 852,1301 874,1301 874,1302 874,1312 875,1312 898,1312 899,1313 914,1313 915,1314 931,1314 933,1316 966,1316 967,1317 968,1317 969,1318 971,1318 971,1319 971,1321 970,1322 970,1334 969,1335 966,1335 965,1336 784,1336 783,1337 783,1344 783,1344"/><TextEquiv index="1"><Unicode>avec la précaution de la faire ſuivre:</Unicode></TextEquiv></TextLine><TextLine id="r2_l028"><Coords points="940,1392 939,1391 937,1391 936,1390 935,1390 934,1390 934,1388 933,1387 933,1379 933,1378 891,1378 890,1377 874,1377 836,1377 835,1378 834,1378 833,1377 832,1377 831,1376 778,1376 777,1377 776,1376 717,1376 716,1377 716,1387 715,1388 687,1388 686,1389 676,1389 675,1389 675,1378 675,1377 555,1377 554,1376 509,1376 508,1375 429,1375 428,1374 363,1374 362,1375 305,1375 304,1376 228,1376 227,1377 227,1388 227,1388 211,1388 210,1387 209,1387 207,1386 207,1358 208,1357 209,1357 210,1356 212,1356 213,1355 214,1355 215,1354 257,1354 257,1354 257,1353 258,1352 258,1348 260,1346 264,1346 264,1347 264,1355 265,1355 307,1355 308,1354 331,1354 332,1353 333,1353 334,1352 341,1352 341,1352 341,1345 342,1344 347,1344 347,1345 347,1353 348,1353 363,1353 364,1354 426,1354 426,1354 426,1346 429,1343 431,1343 432,1345 432,1346 433,1347 433,1354 434,1354 492,1354 492,1354 492,1347 495,1344 507,1344 508,1343 510,1343 511,1344 631,1344 633,1342 637,1342 638,1343 669,1343 670,1345 670,1355 671,1355 714,1355 715,1354 741,1354 741,1354 741,1346 743,1344 824,1344 824,1345 824,1346 825,1347 825,1355 826,1355 875,1355 875,1355 875,1350 876,1349 876,1348 877,1347 879,1347 880,1346 881,1346 882,1347 883,1347 885,1350 885,1351 887,1353 887,1357 888,1357 910,1357 911,1358 931,1358 932,1359 961,1359 961,1359 961,1352 962,1351 962,1348 963,1347 963,1346 964,1345 969,1345 971,1347 972,1347 973,1349 973,1366 970,1369 970,1376 969,1377 969,1378 968,1379 967,1379 966,1380 965,1380 964,1381 953,1381 952,1382 952,1385 951,1386 951,1388 948,1391 944,1391 943,1392"/><TextEquiv index="1"><Unicode>précaution inutile! Celui qui étoit chargé</Unicode></TextEquiv></TextLine><TextLine id="r2_l029"><Coords points="718,1432 716,1431 716,1422 716,1421 676,1421 675,1422 674,1422 673,1421 630,1421 628,1423 627,1422 625,1422 624,1421 593,1421 592,1422 592,1426 592,1426 586,1426 584,1428 583,1428 582,1429 581,1428 580,1428 578,1427 578,1421 578,1420 523,1420 522,1419 477,1419 476,1420 452,1420 451,1419 411,1419 383,1419 382,1420 381,1419 353,1419 348,1419 347,1420 302,1420 301,1421 300,1421 299,1420 219,1420 218,1419 216,1419 215,1418 213,1418 209,1415 209,1411 208,1410 208,1407 209,1406 209,1405 210,1404 210,1394 212,1392 212,1389 213,1388 229,1388 229,1389 229,1399 230,1399 312,1399 314,1397 327,1397 328,1396 329,1396 330,1397 341,1397 343,1399 397,1399 398,1398 399,1398 400,1397 435,1397 436,1398 481,1398 481,1398 481,1390 483,1388 503,1388 504,1387 505,1387 506,1386 521,1386 522,1387 523,1387 526,1390 530,1390 532,1393 532,1399 533,1399 562,1399 563,1400 565,1400 565,1401 565,1402 566,1403 566,1409 567,1410 567,1413 568,1413 611,1413 611,1413 611,1404 615,1400 631,1400 632,1399 670,1399 670,1399 670,1394 675,1389 680,1389 680,1390 680,1399 681,1399 689,1399 690,1400 731,1400 732,1399 733,1399 734,1400 785,1400 785,1400 785,1391 787,1389 790,1389 791,1388 792,1388 793,1389 794,1389 794,1390 794,1391 795,1392 795,1395 798,1398 798,1399 799,1399 815,1399 816,1400 817,1400 817,1401 817,1402 818,1402 851,1402 852,1401 855,1401 856,1400 857,1400 857,1400 857,1392 859,1390 860,1390 861,1389 877,1389 878,1390 879,1390 880,1392 880,1395 881,1396 881,1401 882,1401 883,1401 884,1402 942,1402 943,1401 943,1402 943,1403 944,1403 961,1403 962,1404 964,1404 965,1405 968,1405 969,1407 969,1408 971,1410 971,1411 968,1414 968,1420 967,1421 967,1422 965,1424 963,1424 960,1427 959,1427 959,1426 959,1425 958,1425 957,1424 937,1424 936,1423 919,1423 918,1422 885,1422 884,1423 879,1423 878,1422 856,1422 855,1421 853,1421 852,1420 820,1420 819,1421 819,1422 819,1422 818,1422 817,1421 752,1421 751,1422 730,1422 729,1423 729,1431 728,1432"/><TextEquiv index="1"><Unicode>de cette commiſſion, avoir perdu de vue</Unicode></TextEquiv></TextLine><TextLine id="r2_l030"><Coords points="959,1478 957,1477 957,1471 957,1470 946,1470 944,1468 602,1468 601,1469 601,1476 601,1476 370,1476 369,1477 364,1477 363,1477 363,1475 363,1474 229,1474 228,1473 227,1473 226,1473 226,1471 225,1470 225,1466 225,1465 216,1465 215,1464 213,1464 211,1463 211,1461 210,1460 210,1458 209,1457 209,1454 208,1453 208,1451 209,1450 209,1445 210,1444 235,1444 236,1443 250,1443 251,1442 263,1442 264,1441 304,1441 304,1441 304,1437 307,1434 310,1434 311,1433 350,1433 352,1431 474,1431 475,1430 479,1430 480,1431 481,1431 482,1432 720,1432 721,1433 741,1433 742,1435 742,1436 743,1436 753,1436 754,1437 755,1437 756,1439 756,1440 757,1440 758,1440 758,1441 758,1442 759,1442 765,1442 766,1443 842,1443 843,1444 845,1444 846,1445 848,1445 849,1446 948,1446 948,1447 948,1448 949,1448 950,1449 951,1449 952,1451 952,1461 953,1461 963,1461 964,1462 966,1462 971,1468 970,1469 970,1470 969,1471 969,1472 967,1474 966,1474 965,1475 965,1476 965,1476 964,1476 963,1477 962,1477 961,1478"/><TextEquiv index="1"><Unicode>cette belle perſonne, proche d'un couvent,</Unicode></TextEquiv></TextLine><TextLine id="r2_l031"><Coords points="829,1524 828,1524 828,1513 828,1512 827,1512 826,1511 823,1511 822,1510 781,1510 780,1511 759,1511 758,1512 758,1517 758,1517 757,1516 756,1516 754,1515 754,1514 753,1512 747,1512 746,1511 663,1511 662,1512 662,1521 661,1522 659,1522 658,1521 653,1521 651,1519 650,1519 650,1512 650,1511 615,1511 614,1512 614,1523 614,1523 588,1523 587,1523 587,1512 587,1511 584,1511 583,1510 545,1510 544,1511 544,1520 544,1520 540,1520 539,1521 533,1521 532,1521 532,1520 531,1519 531,1511 531,1510 429,1510 428,1511 428,1512 428,1512 427,1512 427,1511 427,1510 386,1510 385,1511 370,1511 369,1512 369,1513 368,1514 368,1516 366,1518 363,1518 362,1518 362,1510 362,1509 332,1509 331,1510 252,1510 251,1511 249,1511 248,1510 233,1510 232,1511 232,1519 231,1520 229,1519 229,1518 228,1517 228,1511 228,1510 219,1510 218,1509 216,1509 215,1508 213,1508 211,1506 210,1506 209,1506 209,1504 208,1503 208,1499 209,1498 209,1495 213,1491 214,1491 215,1490 218,1490 219,1489 227,1489 227,1489 227,1484 229,1482 233,1482 233,1482 233,1477 234,1476 238,1476 240,1478 281,1478 282,1477 285,1477 285,1478 285,1480 286,1480 304,1480 305,1482 305,1488 306,1488 361,1488 361,1488 361,1479 363,1477 370,1477 370,1478 370,1479 371,1479 402,1479 403,1478 404,1478 405,1477 415,1477 417,1479 427,1479 427,1480 427,1488 428,1488 440,1488 441,1489 481,1489 481,1489 481,1480 483,1478 486,1478 488,1481 488,1486 489,1486 498,1486 500,1488 566,1488 566,1488 566,1485 567,1484 567,1483 569,1481 595,1481 596,1480 598,1480 599,1479 600,1479 601,1478 613,1478 614,1477 615,1478 616,1478 616,1479 616,1480 617,1481 617,1490 618,1490 656,1490 657,1489 659,1489 660,1490 699,1490 700,1489 701,1489 702,1490 761,1490 761,1490 761,1481 763,1479 766,1479 768,1481 769,1481 769,1482 769,1488 770,1488 804,1488 804,1488 804,1480 805,1479 807,1479 808,1478 813,1478 813,1479 813,1485 814,1486 814,1490 815,1490 882,1490 883,1491 907,1491 908,1492 909,1492 910,1493 952,1493 953,1494 960,1494 961,1495 962,1495 962,1496 962,1506 963,1506 971,1506 971,1507 971,1510 972,1511 972,1513 971,1514 971,1515 970,1516 969,1516 968,1517 965,1517 963,1515 937,1515 936,1514 934,1514 933,1513 916,1513 915,1512 865,1512 864,1513 864,1524 864,1524"/><TextEquiv index="1"><Unicode>où il conjecturoit qu'elle pouvoit demeurer.</Unicode></TextEquiv></TextLine><TextLine id="r2_l032"><Coords points="359,1571 358,1570 316,1570 315,1569 309,1569 308,1568 305,1568 302,1566 302,1565 301,1564 301,1563 300,1561 214,1561 213,1560 209,1560 208,1560 208,1553 207,1552 208,1551 208,1550 209,1549 209,1524 210,1523 211,1523 212,1522 425,1522 426,1523 743,1523 744,1524 891,1524 892,1525 896,1525 897,1526 947,1526 948,1528 948,1529 949,1530 949,1532 950,1532 969,1532 969,1533 969,1542 971,1543 972,1543 973,1545 973,1547 971,1549 971,1558 970,1559 969,1559 968,1560 653,1560 647,1566 646,1566 645,1565 364,1565 363,1566 363,1571 363,1571"/><TextEquiv index="1"><Unicode>Les gens de Noirville, enchantés de la</Unicode></TextEquiv></TextLine></TextRegion><TextRegion id="r3" type="page-number" orientation="-0.0"><Coords points="201,76 201,84 200,85 185,85 184,86 180,86 178,89 178,90 177,91 177,103 178,104 178,115 179,117 200,117 201,118 201,123 202,125 202,126 238,126 239,125 271,125 272,123 272,118 273,117 276,117 276,115 278,114 278,99 276,99 274,97 274,90 272,88 253,88 252,86 239,86 238,85 238,76"/><TextEquiv><Unicode/></TextEquiv><TextLine id="r3_l002"><Coords points="201,76 201,84 200,85 185,85 184,86 180,86 178,89 178,90 177,91 177,103 178,104 178,115 179,117 200,117 201,118 201,123 202,125 202,126 238,126 239,125 271,125 272,123 272,118 273,117 276,117 276,115 278,114 278,99 276,99 274,97 274,90 272,88 253,88 252,86 239,86 238,85 238,76"/><TextEquiv index="1"><Unicode>a</Unicode></TextEquiv></TextLine></TextRegion></Page></PcGts>