1116 1854
135 134 918 186 “portrait.“ A ces mots, elle tira une boîte
131 184 919 232 de ſa poche, & me montra un portrait,
129 228 918 275 que je reconnus pour celui de mon rival;
129 273 919 321 car il me reſſembloit parfaitement. Plein
129 318 917 366 de rage, je frappai la terre du pied; ce
129 360 917 411 qui fit faire de grands éclats de rire à ma-
116 404 916 455 demoiſelle Marianne. „Il eſt fou, diſoit-
130 453 918 498 “elle, ſur mon honneur.“ Je ſentis enfin
127 497 916 545 qu'il falloit me déguiſer mieux. Je renfer-
129 542 916 584 mai ma douleur, & j'affectai de rire de
126 586 913 633 mon tranſport. „Mais, Mademoiſelle, dit
131 632 917 677 “Saint-Jean, ne pourriez-vous point faire
132 676 917 724 “gagner quelque choſe à ce pauvre garcon,
127 721 916 769 “aux noces de votre maîtreſſe? -- Oui,
130 764 912 811 “me dit-elle; ne t'embarraſſe pas: je tâ-
131 809 914 856 “cherai de te fourrer dans la cuiſine en
131 853 912 904 “qualité de marmiton, ou de t'employer
132 899 911 947 “à quelque autre bas office. Adieu, pau-
132 943 911 991 “vre diable.“ J'avois mille autres queſ-
131 986 912 1035 tions à lui faire; mais elle étoit déja entrée
133 1035 364 1082 dans le tour.
145 1067 912 1128 J'étois ſi abymé dans ma douleur, que
135 1124 911 1173 j'oubliois de me retirer. S. Jean me tira par
135 1166 947 1217 le bras. „Hé bien, me dit-il, n'avons-nous
136 1211 909 1261 “pas merveilleuſement employé notre
136 1258 914 1307 “temps? n'avons-nous pas recueilli bien
136 1303 909 1350 “des lumieres? -- Oui, de belles lumie-
124 1344 908 1394 res! lui répondis-je en ſoupirant, nous
135 1390 557 1439 “voilà bien avancés!“
155 1425 906 1488 On ſent combien je dus être affligé;
139 1482 914 1530 mais je ne perdis pas courage. Il falloit
139 1521 912 1586 trouver Juſie: je la cherchois ſans la trou-
842 83 913 131 a
