1116 1854
181 78 289 134 a
198 140 979 185 ver. Je courus pendant quinze jours la
201 184 981 230 campagne & la ville; & je m'en retour-
200 229 982 272 nois tous les ſoirs dans mon taudis, ſans
201 275 985 311 une obole & ſans ma maîtreſſe. L'em-
198 319 983 365 barras que me cauſoit cette recherche,
199 362 986 410 me faiſoit négliger d'embraſſer, pour
200 408 986 454 vivre, des reſſources plus décentes que
199 452 983 500 celle du noble métier de porte-faix. Après
184 497 986 546 avoir ſiégé ſur le trône, je ne jouiſſois
202 544 983 590 que de l'air & de la lumiere, & l'on ne
201 588 984 645 pouvoit plus cruellement jouer au roi
203 636 366 681 dépoui le.
248 678 982 725 Enfin, S. Jean vint tout joyeux un ſoir
203 724 981 768 me dire: „mon ami, réjouiſſez-vous, le
203 768 982 816 vmariage de mademoiſelle Julie eſt uné
202 813 980 860 “choſe conſtante. - Malheureux, lui
202 858 981 906 “dis-je, en l'interrompant, & tu as la
204 903 979 949 scruauté de me propoſer de me réjouir!
204 947 979 995 “ Ce n'eſt pas-là ce que je veux dire,
203 993 973 1040 “répondit-il; je veux vous annoncer que,
203 1038 978 1089 “comme ſon mariage ſe fait décidément,
203 1081 975 1130 “mademoiſelle Marianne, ſa femme de
205 1127 975 1174 “chambre, vous a tenu parole, & a trouvé
203 1172 975 1220 “à vous placèr chez elle en qualité de
204 1217 975 1265 “marmiton. Mais Julie eſt-elle mariée,
203 1261 968 1309 “repris-je, ou doit-elle ſeulement ſe ma-
203 1306 973 1355 “rier? e n'en ſais rien, repliqua-t-il;
202 1351 971 1397 “je ſais ſeulément que demain on fait chez
204 1396 973 1444 “ſon pere le repas des noces. Ainſi elle
199 1438 965 1496 “eſt mariée, on elle doit l'être; c'eſt la
202 1485 965 1535 “même choſe. on, cruel, m'écriai-
201 1525 974 1578 “jeen fréur; il y va de ma vie ou de
