1116 1854
847 102 915 140 a
135 147 911 195 “ma mort: voilà la différence. -- Quoi
138 194 914 240 “qu'il en ſoit, reprit-il, j'ai rencontré
137 239 913 286 “mademoiſelle Marianne, qui m'a recom-
138 283 914 331 “mandé de vous dire de venir au logis,
141 329 947 375 “m'aſſurant qu'elle avoit parlé de vous,-
140 372 914 420 “& qu'enfin vous étiez- élu marmiton de
142 418 914 462 “la maiſon de Noirville. Moi, j'étois char-
143 461 915 511 “mé de vous avoir trouvé un morceau de
142 508 915 554 “pain à gagner. Au reſte, vous irez à ce
144 553 916 600 “logis ſi vous voulez; que m'importe?
142 597 915 644 “- Sans doute j'y veux aller, repris-je
143 642 915 688 “avec une eſpece d'indignation; mais ce
144 687 916 735 “ne ſera pas pour un auſſi vil motif que
143 732 915 779 “celui de gagner un morceau de pain.“
145 776 917 823 Je m'y rendis en effet, & je fus inſtallé ſo-
144 819 917 867 lemnellement dans la cuiſine, en qualité de
146 867 460 909 laveur d'écuelles.
191 910 917 957 Hme fut impoſſible de parler à made-
144 956 943 1002 moiſelle Marianne. Elle m'appercut de
144 1001 919 1047 loin, & me cria en paſſant: bon jour,
141 1044 921 1092 pauvre diable! Je la remerciai de tout mon
148 1091 916 1138 cœur. Je queſtionnai tous les gens, & je
128 1135 916 1181 leur demandai ſi le repas qu'on préparoit
149 1178 919 1224 étoit celui des noces, ou ſimplement des
147 1224 919 1269 fiançailles. „Que voulez-vous que je vous
150 1268 918 1315 “apprenne, me dit un petit marmiton,
149 1313 915 1359 “mon camarade? Nous ne ſavons pas tous
151 1358 921 1405 “les ſecrets de nos maîtres. Ils veulent que
150 1403 913 1449 “cette affraire ſoit ſecrete. Ils ſe marieront
152 1447 921 1495 “ſans que nous nous en appercevions: Peut-
151 1493 922 1539 “être le ſont-ils; peut-être ne le ſont-ils
152 1535 924 1589 “pas. Mademoiſelle a été religieuſe, elle
