1116 1854
196 75 302 120 le
218 132 987 183 “veut éviter l'éclat en ſe mariant. .. Rien
198 177 988 227 “de plus juſte, lui répondis-je; mais com-
215 222 990 273 “ment lui permet-on de ſe marier, après
209 267 989 315 “avoir été religieuſe? -- C'eſt qu'elle ne
214 313 988 361 “l'eſt plus, ce me ſemble, répliqua-t-il; on
197 358 987 407 “a caſſé ſes vœux, & elle eſt libre comme
197 405 524 442 “vous & moi.“
262 445 986 495 On doit ſentir combien j'étois déſeſpéré.
220 492 985 541 „Eſt-elle mariée, ne l'eſt-elle pas? me
214 536 983 585 “diſois-je. Si elle l'eſt déja, que devien-
213 582 983 627 “drai-je? & ſi elle ne l'eſt pas encore,
203 627 985 673 “comment empêcherai - je qu'elle ne le
213 669 983 717 “ſoit bientôt?“ J'étois abymé dans mes
211 716 985 760 réflexions & dans ma douleur; mais on ne
212 761 981 808 me laiſſoit pas le temps de m'y livrer.
218 805 983 852 „Allons, poliſſon, me diſoient les cuiſi-
212 847 981 898 “niers, travaille.“ Et il falloit travailler,
208 894 980 943 parce que le repas étoit pour le ſoir même.
209 941 981 988 Je brûlois de voir mon amante; mais il
207 985 980 1033 n'y avoit pas moyen d'obtenir ce bonheur.
207 1031 978 1076 Je ſavois qu'elle étoit en haut avec ſon
185 1072 979 1124 prétendu; & il ne m'étoit pas permis d'y
208 1119 979 1165 monter. On ne laiſſoit pas entrer un être
206 1158 978 1210 de mon eſpece dans les appartements. Ma-
206 1210 980 1256 demoiſelle Marianne même ne paroiſſoit
205 1254 975 1302 pas; je l'aurois priée en grace de me faire
203 1298 976 1342 voir ſa maîtreſſe; elle l'auroit fait en riant
204 1341 789 1386 comme une folle de ma démence.
218 1387 1000 1435 Enfin le ſoir vint; on ſervit. Le cœur
176 1432 972 1480 me battoit en lavant les aſſiettes. Mes mains
202 1478 973 1527 tremblantes en caſſoient pluſieurs, & je
200 1521 973 1571 recevois à ce ſujet quelques apoſtrophes,
