1116 1854
841 97 906 129 ai
119 149 907 195 auxquelles il ne falloit pas faire attention.
114 194 908 240 Je voyois les domeſtiques qui montoient
117 238 905 285 pour ſervir; j'enviois leur ſort. Je cherchois
116 283 906 329 dans les yeux de ceux qui deſcendoint,
120 328 908 374 l'image de Julie, & l'impreſſion qu'avoit dû
116 369 907 408 leur cauſer ſa vue. Hélas! ils ne ſe doutoient
118 416 909 463 pas qu'ils avoient eu tant de bonheur; & le
102 462 621 508 marmiton tant de jalouſiel
169 506 909 554 Il n'y avoit pas aſſez de domeſtiques,
120 550 906 598 & le ſervice manquoit. Le maître-d'hôtel
120 595 905 640 vint nous dire dans la cuiſine:“ il me
121 640 907 687 “faut encore un ou deux laquais. Qui pren-
122 685 905 728 “drai-je de vous autres laveurs d'écuelles?
122 732 913 778 A ce mot mes palpitations augmenterent
122 775 905 821 au point que je craignis de me trouver
124 819 906 866 mal. Cependant M. l'Architriclin nous paſ-
111 863 904 910 ſoit en revue. „Enfin, à toi, drôle, me dit-
123 906 905 956 “il, qu'on lui donne un habit de livrée.“
122 951 904 1001 Je m'élance d'un ſaut dans un petit ré-
122 998 904 1045 duit, où l'on me ſournit de la poudre &
113 1039 905 1091 de la pommade. Je me donne rapidement
124 1087 902 1136 un coup de peigne, j'endoſſe une livrée,
103 1132 900 1180 & je frappe tous les yeux dans la cuiſine.
128 1177 902 1225 „Parbleu! dit toute la valetaille, c'eſt le
124 1220 900 1268 “marié, c'eſt lui - même tout craché. --
127 1267 902 1314 “Oh! la reſſemblance eſt plaiſante, dit le
124 1311 898 1357 “maître-d'hôtel; je vais bien faire rire mon-
127 1356 900 1404 “ſieur.“ A ces mots il me donne un plat à
127 1403 631 1447 porter, & me dit: marche.
130 1447 895 1491 Je tremblois de tous mes membres. J'al-
124 1490 897 1537 lois voir ma Julie; & que pouvoit-il ré-
124 1532 898 1591 ſulter d'une pareille ſcene? Cet original qui
