1116 1854
104 161 909 208 Elle m'aime encore, me diſois-je; mais,
106 203 683 253 “hélas! elle n'eſt plus à moi.“
164 248 914 297 Tandis que je m'occupois de ces penſées,
111 294 910 341 Noirville, entouré de cinq ou ſix têtes à
110 339 909 387 perruque, examinoit un feu d'artifice qu'on
108 385 913 432 alloit tirer ſur la table à la fin du repas,
110 429 909 477 & diſſertoit gravement ſur cet objet im-
110 474 911 519 portant. Ils étoient tous ſi attentifs, lui à
113 518 913 565 parler, les autres à l'écouter, qu'ils ne
118 565 913 611 s'étoient pas apperçus qu'on leur avoit
118 605 911 655 joué un tour aſſez plaiſant; une jeune eſ-
121 653 911 700 piegle s'étoit amuſée à attacher enſemble
119 696 911 746 leurs perruques, par les nœuds liés l'un à
124 741 912 789 l'autre; elle avoit paſſé autour d'eux tous
126 787 912 833 un long ruban, tellement arrangé, qu'au
124 831 913 878 moindre effort qu'ils devoient faire pour ſe
123 875 924 924 déſunir, ils alloient ſerrer des nœuds qui
125 920 912 967 les emchaînoient enfemble. Je voyois pré-
128 965 914 1013 parer tout ce petit jeu, ſans y faire atten-
129 1011 915 1058 tion. Je contemplois Julie, qui n'y faiſoit
132 1056 914 1103 pas plus d'attention que moi. On m'avoit
132 1098 912 1147 mis à la main un réchaud à l'eſprit-de-vin
138 1144 915 1192 tout allumé; je le tenois en tremblant,
138 1190 915 1234 tout à ma Julie, toujours derriere la chaiſe
138 1235 911 1281 de ſon pere. Dans ma diſtraction, ſans
139 1280 912 1326 m'en appercevoir, je mets le feu à ſa per-
139 1324 911 1370 ruque. Voilà les perruques de ſes voifins qui
140 1370 914 1416 prennent feu à l'envi l'une de l'autre. Voilà
143 1415 912 1462 mon grouppe de cauſeurs qui, en voulant
143 1459 914 1505 ſe ſéparer, ſe lie plus étroitement. Voilà
148 1502 913 1551 toutes ces figures effrayées, toutes ces têtes
843 103 910 148 “
