1116 1854
211 141 990 190 enflammées qui ſe tiraillent & s'entrebattent,
217 187 988 233 tandis que les femmes, dont les coëffes ſe
212 232 987 279 ſentent de l'incendie, pouſſent des cris &
208 279 990 324 s'évanouiſſent. Voilà un homme grave qui
212 323 989 370 en ſe débarraſſant, frappe du derriere de
208 365 990 414 ſa tête une glace, la caſſe, & rapportant
213 410 991 455 ſa tête en avant, heurte avec force contre
215 456 990 505 celle d'un autre homme grave. On voit voler
186 499 1020 551 les coups de poings; on entend les jure-
209 546 990 595 ments, les cris, les grincements de dents.
211 590 991 637 Les valets, qui ont été chercher l'eau, en
208 635 989 682 jettent galamment ſur les dames & ſur les
214 679 991 726 dignes meſſieurs dont les perruques brûlent
216 724 986 772 & auſſi les fourrures; car on étoit en hiver.
214 768 988 816 Tout ce qui ſe trouvoit ſur la table prend
214 811 986 862 feu, y compris le feu d'artifice, dont l'exé-
213 858 988 904 cution fut très-belle, ſans cauſer beaucoup
213 902 988 950 de plaiſir. La flamme monte juſqu'au cordon
213 949 988 993 qui attachoit un luſtre au deſſus de la ta-
210 991 986 1040 ble; le cordon brûlé, le luſtre tombe ſur
212 1036 987 1084 les porcelaines, & briſe tout. Les gens qui
214 1080 987 1129 ſe battent & s'entrepouſſent augmentent le
215 1126 986 1173 dommage; tout eſt renverſé, tout eſt en
220 1173 987 1219 morceaux. Le parquet eſt jonché d'hom-
217 1216 981 1264 mes & de femmes foulées aux pieds, des
218 1260 984 1308 débris de porcelaine, de luſtre, de glaces,
218 1307 983 1354 de bouteilles, de mangeaille, de meubles
220 1351 1017 1397 & autres effets nageants dans l'eau, le vin, les
210 1396 981 1444 liqueurs, l'huile & le vinaigre, le tout ar-
218 1440 981 1487 roſé ſans interruption par les valets, pour
218 1484 982 1533 éteindre les petites flammes qui voltigent ſur
212 89 284 131 ab4
