<PcGts xmlns="http://schema.primaresearch.org/PAGE/gts/pagecontent/2017-07-15" xmlns:xsi="http://www.w3.org/2001/XMLSchema-instance" xsi:schemaLocation="http://schema.primaresearch.org/PAGE/gts/pagecontent/2017-07-15 http://schema.primaresearch.org/PAGE/gts/pagecontent/2017-07-15/pagecontent.xsd"><Metadata><Creator/><Created>2020-09-22T10:36:21</Created><LastChange>1970-01-01T00:00:00</LastChange><Comments/></Metadata><Page imageFilename="0294.png" imageHeight="1854" imageWidth="1116"><ReadingOrder><OrderedGroup id="g1"><RegionRefIndexed index="0" regionRef="r3"/><RegionRefIndexed index="1" regionRef="r1"/></OrderedGroup></ReadingOrder><TextRegion id="r1" type="paragraph" orientation="-0.125"><Coords points="369,122 368,123 367,123 364,126 362,126 361,127 361,136 360,137 354,137 353,136 352,136 351,135 294,135 293,134 269,134 268,133 222,133 220,135 220,147 221,147 222,148 222,149 223,150 221,152 221,164 222,165 264,165 265,166 263,168 260,168 260,170 257,173 257,174 256,175 256,177 255,178 224,178 222,180 222,191 223,192 223,198 222,199 222,208 224,210 262,210 263,209 273,209 274,210 308,210 309,209 321,209 322,210 322,214 321,215 320,215 319,216 319,217 318,218 318,220 317,221 317,223 316,224 294,224 293,223 224,223 223,224 223,241 222,242 222,254 326,254 327,253 331,253 332,254 390,254 392,256 437,256 438,257 471,257 472,256 473,256 475,254 483,254 485,256 527,256 527,255 528,254 541,254 543,256 543,260 542,261 541,260 502,260 501,261 500,261 499,262 499,263 498,264 498,271 497,272 492,272 491,271 419,271 418,270 418,269 389,269 388,268 358,268 356,266 356,264 355,263 355,259 353,257 317,257 316,258 316,260 315,261 315,268 314,269 303,269 302,268 302,258 301,257 265,257 264,258 261,258 260,259 260,266 259,267 222,267 222,268 221,269 221,281 222,282 222,286 221,287 221,297 222,298 222,299 223,300 259,300 259,299 260,298 343,298 345,300 345,310 381,310 381,301 382,300 402,300 403,301 437,301 438,302 438,304 437,305 405,305 404,306 404,308 403,309 403,316 402,317 400,317 398,315 398,314 397,313 397,312 363,312 362,313 362,314 361,315 309,315 308,314 294,314 293,313 293,312 269,312 268,311 222,311 222,314 221,315 221,324 222,325 222,328 223,329 221,331 221,343 222,344 259,344 259,343 260,342 267,342 269,344 268,345 264,345 264,348 263,349 263,352 262,353 261,353 261,355 260,356 222,356 222,388 223,388 224,389 306,389 307,390 343,390 344,389 359,389 360,390 405,390 406,391 404,393 363,393 361,395 360,395 359,396 359,404 358,405 342,405 341,404 341,403 294,403 292,405 273,405 271,403 271,402 268,399 232,399 231,400 222,400 222,402 220,404 220,416 221,417 222,417 223,418 222,419 221,419 221,433 258,433 259,434 359,434 360,435 420,435 421,436 455,436 456,435 460,435 462,433 462,430 463,429 463,422 464,421 465,422 465,434 466,435 483,435 484,436 521,436 522,435 524,435 525,434 526,434 527,433 527,423 528,422 531,422 533,424 533,433 532,434 530,434 529,435 529,439 528,440 516,440 515,439 479,439 477,441 476,441 476,449 475,450 417,450 415,448 415,438 380,438 379,439 377,439 376,440 374,440 374,448 373,449 347,449 346,448 346,438 345,438 344,437 344,436 310,436 309,437 309,438 308,439 272,439 271,440 267,440 266,441 266,442 265,443 265,444 263,446 258,446 257,445 257,444 222,444 221,445 221,463 220,464 220,478 258,478 260,476 263,476 264,477 265,477 266,478 268,478 269,479 335,479 336,478 338,478 339,479 384,479 385,478 392,478 393,479 392,480 392,483 391,484 391,487 390,488 389,487 389,485 387,483 351,483 351,484 350,485 349,485 349,492 348,493 301,493 300,492 300,486 298,484 297,484 296,483 293,483 292,482 258,482 257,483 254,483 253,484 253,485 252,486 252,488 250,490 221,490 220,491 220,507 221,508 220,509 220,521 221,522 221,523 307,523 308,524 308,531 306,533 296,533 295,534 295,537 294,538 290,538 289,537 289,529 252,529 252,534 251,535 223,535 222,536 222,539 221,540 221,552 222,553 221,554 221,567 222,568 258,568 259,567 262,567 263,568 263,574 264,575 264,576 265,577 266,577 267,578 308,578 309,577 311,577 311,576 314,573 314,569 315,568 475,568 477,570 514,570 515,571 515,578 517,580 520,580 521,581 543,581 544,582 544,583 543,584 507,584 506,585 495,585 494,586 491,586 490,585 463,585 462,584 462,574 461,573 458,573 457,572 422,572 421,573 420,573 418,575 417,575 415,577 415,578 414,579 414,581 413,582 407,582 406,581 406,574 405,573 368,573 367,574 367,581 366,582 359,582 358,581 358,574 355,571 322,571 321,572 319,572 318,573 317,573 317,581 316,582 269,582 268,581 267,581 266,580 220,580 220,595 221,596 221,599 220,600 220,604 218,606 205,606 205,615 206,616 206,617 207,617 209,619 243,619 243,613 244,612 258,612 259,611 271,611 272,612 306,612 307,611 313,611 314,612 365,612 367,614 533,614 535,616 533,618 522,618 521,619 500,619 498,621 498,623 497,624 495,624 495,629 494,630 472,630 471,629 471,621 470,620 470,619 469,618 434,618 433,619 433,620 432,621 432,628 431,629 388,629 387,630 363,630 362,629 347,629 346,628 346,619 345,618 345,617 285,617 284,618 282,618 281,619 281,625 280,626 269,626 268,625 258,625 257,624 221,624 220,625 220,642 221,643 221,644 220,645 220,655 221,656 221,657 222,658 258,658 259,657 284,657 285,658 324,658 325,659 343,659 344,660 344,667 373,667 374,668 374,673 373,674 340,674 339,673 339,672 315,672 314,671 314,666 312,664 312,662 303,662 302,661 265,661 264,662 261,662 261,669 260,670 222,670 222,673 221,674 221,683 222,684 222,687 223,688 221,690 221,701 223,703 257,703 258,702 259,702 260,701 274,701 275,702 285,702 286,703 286,705 285,706 274,706 273,707 273,708 272,709 271,709 271,716 270,717 269,717 268,716 267,716 266,715 266,714 222,714 221,715 221,716 220,717 220,730 221,731 221,734 220,735 220,748 257,748 258,747 345,747 346,748 396,748 397,749 397,750 395,752 358,752 357,753 354,753 354,754 352,756 352,768 351,769 351,775 350,776 347,776 346,775 346,769 345,768 345,765 344,764 342,764 341,763 324,763 323,762 304,762 303,761 269,761 268,762 267,761 222,761 221,762 220,762 220,777 221,778 220,779 220,792 221,793 258,793 259,792 260,793 260,803 285,803 286,804 286,807 285,808 268,808 267,807 267,806 256,806 255,805 219,805 219,809 217,811 217,821 218,821 219,822 219,823 217,825 217,836 218,836 219,837 219,838 256,838 257,837 332,837 333,838 333,844 332,845 332,846 331,847 331,851 330,852 269,852 267,850 221,850 221,851 220,852 217,852 216,853 216,863 217,864 218,864 220,866 220,871 219,872 219,881 220,882 248,882 250,884 250,888 247,891 247,893 246,894 220,894 220,912 221,913 220,914 220,927 259,927 259,926 260,925 263,925 265,927 301,927 302,928 302,937 303,938 307,938 308,939 305,942 268,942 267,941 267,940 258,940 257,939 220,939 220,940 219,941 219,953 220,954 220,958 219,959 219,971 220,972 234,972 235,973 234,974 232,974 231,975 228,975 227,976 224,976 224,977 223,978 223,979 222,980 221,980 221,981 220,982 220,984 217,987 217,989 216,990 216,1000 217,1001 218,1001 219,1002 219,1004 218,1005 217,1005 217,1015 218,1016 219,1016 221,1018 226,1018 227,1019 226,1020 219,1020 219,1022 218,1023 217,1023 217,1034 220,1037 220,1043 221,1044 220,1045 220,1046 219,1047 218,1047 217,1048 217,1060 218,1061 219,1061 221,1063 236,1063 237,1064 235,1066 230,1066 230,1076 229,1077 225,1077 224,1078 221,1078 221,1081 220,1082 220,1083 219,1084 218,1084 217,1085 217,1088 216,1089 216,1101 219,1104 219,1105 220,1106 220,1107 221,1108 256,1108 257,1107 267,1107 268,1106 270,1106 271,1105 302,1105 304,1107 358,1107 359,1106 360,1107 383,1107 384,1108 394,1108 396,1110 395,1111 394,1111 393,1112 381,1112 381,1121 380,1122 340,1122 339,1121 339,1111 338,1110 303,1110 302,1111 301,1111 300,1112 282,1112 281,1113 281,1115 280,1116 280,1117 279,1118 279,1122 278,1123 278,1125 277,1126 247,1126 247,1135 271,1135 272,1136 271,1137 266,1137 266,1140 265,1141 265,1150 264,1151 219,1151 218,1152 217,1152 217,1165 222,1165 223,1166 222,1167 222,1168 221,1169 220,1169 220,1170 219,1171 218,1171 217,1172 217,1181 219,1183 219,1192 220,1193 220,1194 221,1195 221,1196 223,1198 224,1198 225,1199 226,1199 227,1200 264,1200 265,1199 266,1199 267,1198 269,1198 271,1196 280,1196 281,1197 281,1198 282,1199 322,1199 323,1198 371,1198 373,1196 388,1196 390,1198 447,1198 448,1199 484,1199 485,1198 585,1198 586,1199 586,1206 588,1208 626,1208 627,1207 628,1207 630,1205 630,1203 631,1202 631,1201 632,1200 632,1197 633,1196 660,1196 662,1198 763,1198 763,1197 764,1196 770,1196 772,1198 815,1198 816,1199 815,1200 815,1201 814,1202 790,1202 789,1203 789,1212 788,1213 735,1213 734,1212 734,1206 733,1205 699,1205 699,1212 697,1214 695,1212 655,1212 654,1213 652,1213 651,1212 602,1212 601,1213 590,1213 589,1214 589,1224 588,1225 568,1225 567,1224 567,1221 566,1220 566,1216 564,1214 549,1214 548,1213 494,1213 493,1212 493,1202 492,1201 451,1201 450,1202 449,1202 448,1203 448,1204 447,1205 447,1206 446,1207 446,1209 445,1210 444,1210 444,1212 443,1213 374,1213 373,1214 355,1214 354,1213 229,1213 228,1214 224,1214 223,1215 222,1215 220,1217 219,1217 217,1219 217,1234 218,1234 219,1235 219,1236 220,1237 220,1238 221,1239 221,1240 222,1241 223,1241 224,1242 226,1242 227,1243 265,1243 266,1242 297,1242 298,1243 375,1243 376,1242 441,1242 442,1243 494,1243 495,1244 495,1251 496,1252 497,1252 499,1254 526,1254 528,1256 528,1257 527,1258 438,1258 436,1256 436,1246 398,1246 397,1247 397,1248 396,1249 395,1249 395,1252 394,1253 369,1253 369,1256 368,1257 352,1257 351,1258 338,1258 337,1257 336,1257 335,1256 301,1256 300,1257 283,1257 282,1258 281,1258 280,1257 231,1257 230,1258 219,1258 218,1259 217,1259 217,1260 216,1261 216,1271 217,1272 217,1273 218,1273 219,1274 218,1275 217,1275 216,1276 216,1286 217,1287 218,1287 220,1289 231,1289 232,1290 230,1292 229,1292 228,1293 228,1301 227,1302 224,1302 223,1303 222,1303 220,1305 219,1305 217,1307 217,1324 218,1324 219,1325 219,1326 221,1328 221,1329 223,1331 252,1331 253,1332 253,1333 252,1334 223,1334 220,1337 217,1337 217,1351 218,1351 219,1352 219,1362 218,1363 217,1363 217,1376 219,1376 220,1377 229,1377 230,1378 228,1380 228,1381 227,1382 225,1382 225,1383 223,1385 223,1387 222,1388 222,1389 221,1390 219,1390 218,1391 216,1391 216,1403 218,1403 219,1404 220,1404 221,1405 221,1406 220,1407 217,1407 216,1408 216,1418 217,1419 217,1420 218,1420 219,1421 263,1421 264,1420 313,1420 314,1421 347,1421 348,1420 374,1420 375,1421 374,1422 353,1422 352,1423 352,1425 350,1427 349,1427 347,1429 347,1431 345,1433 345,1435 344,1436 316,1436 315,1435 242,1435 241,1436 222,1436 221,1437 220,1436 220,1428 219,1427 185,1427 185,1438 216,1438 217,1439 217,1441 216,1442 216,1461 217,1462 217,1464 218,1464 219,1465 219,1466 260,1466 261,1465 296,1465 297,1466 336,1466 337,1465 404,1465 405,1466 577,1466 579,1468 579,1473 616,1473 619,1470 619,1469 622,1466 703,1466 704,1465 709,1465 710,1466 803,1466 804,1465 806,1465 807,1466 918,1466 920,1468 919,1469 918,1469 918,1475 917,1476 917,1479 916,1480 909,1480 907,1478 907,1477 906,1476 871,1476 871,1480 869,1482 811,1482 809,1480 809,1471 771,1471 770,1472 767,1472 766,1471 732,1471 731,1472 730,1472 730,1480 728,1482 725,1482 724,1481 724,1480 689,1480 687,1482 607,1482 606,1481 606,1480 556,1480 554,1482 552,1482 551,1481 551,1480 501,1480 500,1479 500,1470 499,1469 457,1469 456,1470 456,1471 454,1473 454,1474 453,1475 453,1477 452,1478 449,1478 449,1479 448,1480 438,1480 436,1482 422,1482 421,1481 421,1480 410,1480 409,1479 409,1477 407,1475 407,1472 405,1470 366,1470 365,1471 363,1471 361,1473 361,1476 360,1477 359,1477 358,1478 358,1486 357,1487 356,1487 356,1493 355,1494 342,1494 341,1493 341,1484 340,1483 339,1483 338,1482 338,1481 337,1480 222,1480 219,1483 217,1483 217,1497 218,1497 219,1498 219,1501 218,1502 203,1502 203,1512 219,1512 220,1513 260,1513 261,1512 263,1512 264,1511 324,1511 325,1512 325,1518 326,1519 360,1519 360,1518 361,1517 363,1517 364,1516 365,1516 367,1514 367,1513 368,1512 404,1512 405,1511 412,1511 413,1512 484,1512 485,1511 569,1511 570,1512 570,1513 603,1513 604,1512 605,1512 606,1511 624,1511 625,1512 659,1512 660,1513 660,1521 661,1522 662,1522 663,1523 697,1523 698,1522 699,1523 699,1526 698,1527 663,1527 662,1528 661,1527 659,1527 658,1526 624,1526 623,1527 570,1527 568,1525 568,1515 534,1515 533,1516 529,1516 528,1517 528,1518 527,1519 527,1524 523,1528 522,1527 522,1524 486,1524 484,1526 470,1526 469,1527 434,1527 433,1526 393,1526 392,1527 351,1527 350,1526 316,1526 315,1527 283,1527 282,1526 229,1526 228,1527 224,1527 223,1528 222,1528 219,1531 219,1533 218,1534 217,1534 216,1535 216,1544 217,1545 217,1550 218,1551 219,1551 221,1553 222,1553 223,1554 223,1555 224,1556 224,1557 258,1557 260,1559 294,1559 295,1558 484,1558 485,1557 520,1557 521,1556 526,1556 527,1557 547,1557 548,1558 586,1558 587,1557 606,1557 607,1558 660,1558 661,1557 673,1557 674,1558 748,1558 749,1557 763,1557 765,1559 800,1559 801,1558 833,1558 834,1559 834,1565 858,1565 859,1566 859,1567 860,1568 895,1568 896,1567 896,1565 898,1563 899,1563 899,1559 901,1557 916,1557 917,1558 917,1567 918,1568 948,1568 950,1570 950,1574 951,1575 951,1583 952,1584 951,1585 951,1586 950,1587 950,1601 1009,1601 1010,1600 1010,1597 1011,1596 1011,1586 1010,1585 1009,1585 1008,1584 1008,1572 1007,1571 1005,1571 1004,1570 1004,1569 1003,1568 991,1568 990,1567 990,1560 965,1560 964,1559 964,1557 965,1556 1010,1556 1011,1555 1011,1542 1010,1541 1010,1529 1009,1529 1008,1528 1007,1528 1006,1527 1005,1527 1004,1526 1004,1521 1002,1519 1002,1516 1000,1514 964,1514 964,1515 963,1516 955,1516 954,1517 953,1517 952,1518 952,1519 951,1520 951,1526 950,1527 949,1526 949,1516 948,1515 906,1515 905,1516 903,1516 902,1517 901,1516 864,1516 863,1517 863,1518 862,1519 862,1528 861,1529 860,1529 859,1530 859,1538 858,1539 857,1538 857,1529 855,1527 853,1527 852,1526 818,1526 817,1527 816,1527 815,1526 806,1526 805,1525 805,1516 769,1516 768,1517 768,1524 766,1526 742,1526 741,1525 741,1520 742,1519 764,1519 764,1518 765,1517 765,1515 767,1513 767,1512 768,1511 826,1511 827,1512 863,1512 864,1511 1010,1511 1010,1510 1011,1509 1011,1496 1012,1495 1027,1495 1027,1484 1011,1484 1010,1483 1010,1482 1009,1481 1009,1480 1006,1480 1005,1479 971,1479 970,1480 958,1480 957,1479 957,1472 955,1470 955,1468 957,1466 989,1466 990,1465 991,1465 993,1463 993,1461 994,1460 1010,1460 1010,1459 1011,1458 1011,1444 995,1444 994,1443 994,1442 993,1441 993,1440 992,1439 993,1438 1027,1438 1027,1425 994,1425 993,1426 992,1426 991,1427 991,1436 990,1437 989,1436 935,1436 933,1434 933,1427 932,1426 898,1426 897,1427 896,1427 895,1428 893,1428 892,1429 892,1435 891,1436 874,1436 872,1438 856,1438 854,1440 853,1440 852,1441 851,1440 851,1434 852,1433 863,1433 865,1431 866,1431 866,1429 867,1428 868,1428 869,1427 869,1423 870,1422 939,1422 940,1421 1008,1421 1009,1420 1010,1420 1011,1419 1011,1407 1012,1406 1012,1394 1013,1393 1027,1393 1028,1392 1028,1382 993,1382 992,1383 991,1383 991,1390 990,1391 982,1391 981,1390 981,1380 949,1380 948,1379 948,1378 949,1377 1008,1377 1009,1376 1010,1376 1010,1375 1011,1374 1011,1365 1010,1364 1010,1362 1012,1360 1012,1351 1011,1350 1011,1349 1012,1348 1026,1348 1026,1338 998,1338 996,1336 962,1336 961,1337 960,1337 960,1347 959,1348 931,1348 930,1347 930,1341 929,1340 928,1340 927,1339 889,1339 888,1340 887,1340 886,1341 886,1346 885,1347 857,1347 856,1348 855,1348 852,1351 851,1350 851,1349 850,1348 833,1348 831,1346 831,1336 783,1336 782,1337 781,1337 780,1338 753,1338 752,1339 752,1345 751,1346 720,1346 719,1347 710,1347 709,1348 705,1348 704,1347 692,1347 691,1346 691,1338 689,1336 653,1336 652,1337 652,1345 651,1346 639,1346 638,1347 604,1347 603,1346 603,1334 601,1334 600,1333 601,1332 621,1332 622,1333 657,1333 658,1332 659,1332 660,1331 675,1331 676,1332 724,1332 725,1331 752,1331 753,1332 810,1332 811,1331 834,1331 835,1332 858,1332 859,1333 895,1333 896,1332 909,1332 910,1333 996,1333 997,1332 998,1332 1000,1330 1001,1330 1001,1329 1002,1328 1002,1327 1003,1326 1010,1326 1011,1325 1012,1325 1013,1324 1014,1324 1015,1323 1015,1311 1004,1311 1003,1310 1003,1307 1002,1306 1002,1305 1001,1304 1000,1304 999,1303 986,1303 985,1302 984,1302 983,1301 983,1296 982,1295 982,1294 980,1294 979,1293 928,1293 928,1302 927,1303 925,1301 925,1292 924,1291 924,1290 925,1289 950,1289 951,1288 1011,1288 1016,1283 1016,1273 1017,1272 1032,1272 1032,1263 1031,1262 1031,1261 1016,1261 1015,1260 1016,1259 1027,1259 1028,1258 1030,1258 1030,1246 960,1246 959,1247 949,1247 947,1249 907,1249 906,1250 903,1250 902,1251 901,1250 901,1247 900,1246 863,1246 862,1247 859,1247 859,1259 860,1260 861,1260 862,1261 862,1269 860,1271 852,1271 851,1270 851,1260 850,1259 848,1259 847,1258 834,1258 833,1257 768,1257 767,1256 733,1256 732,1255 732,1254 733,1253 738,1253 738,1244 739,1243 779,1243 780,1242 803,1242 804,1243 859,1243 860,1242 861,1242 862,1243 864,1243 865,1244 900,1244 901,1243 903,1243 904,1242 905,1242 906,1243 920,1243 921,1244 957,1244 958,1243 959,1244 996,1244 997,1243 998,1243 999,1242 1000,1242 1001,1241 1001,1239 1002,1238 1010,1238 1011,1237 1016,1237 1017,1236 1017,1235 1018,1234 1027,1234 1027,1223 1019,1223 1018,1222 1005,1222 1004,1221 1004,1216 1005,1215 1028,1215 1028,1214 1030,1212 1030,1202 1017,1202 1016,1201 1018,1199 1018,1184 1017,1183 1017,1182 1016,1181 1000,1181 998,1179 998,1173 997,1172 997,1169 998,1168 1031,1168 1031,1158 1030,1157 996,1157 995,1158 994,1158 993,1157 958,1157 957,1158 921,1158 920,1159 916,1159 916,1168 915,1169 826,1169 825,1168 749,1168 748,1167 748,1159 747,1158 702,1158 702,1166 700,1168 663,1168 662,1167 662,1164 663,1163 674,1163 675,1162 675,1155 676,1154 712,1154 712,1153 713,1152 854,1152 856,1154 913,1154 914,1155 948,1155 949,1154 1000,1154 1000,1153 1001,1152 1015,1152 1016,1151 1016,1150 1017,1149 1017,1148 1018,1147 1018,1134 1017,1133 1018,1132 1025,1132 1025,1130 1026,1129 1026,1119 989,1119 989,1121 988,1122 987,1122 986,1121 986,1112 949,1112 948,1113 947,1113 946,1114 945,1114 944,1115 944,1121 943,1122 939,1122 938,1121 938,1114 937,1113 899,1113 899,1122 898,1123 896,1123 895,1122 895,1113 851,1113 850,1114 850,1121 849,1122 826,1122 825,1121 789,1121 788,1122 728,1122 727,1121 727,1111 688,1111 687,1112 679,1112 678,1113 668,1113 667,1114 666,1114 665,1115 662,1115 662,1121 661,1122 619,1122 618,1121 618,1111 581,1111 579,1113 553,1113 553,1121 552,1122 543,1122 542,1121 542,1112 541,1111 540,1111 539,1110 500,1110 499,1111 498,1111 497,1112 497,1113 496,1114 495,1114 494,1115 494,1117 493,1118 493,1121 492,1122 486,1122 484,1120 448,1120 448,1121 447,1122 433,1122 432,1121 432,1111 431,1110 420,1110 419,1109 419,1108 420,1107 420,1106 421,1105 421,1095 420,1094 420,1093 410,1093 409,1092 409,1090 410,1089 410,1086 411,1085 411,1084 412,1083 412,1080 413,1079 413,1076 414,1075 414,1072 415,1071 415,1069 416,1068 416,1065 418,1063 447,1063 448,1064 482,1064 483,1063 506,1063 507,1064 547,1064 548,1063 557,1063 558,1064 630,1064 631,1063 665,1063 666,1064 666,1069 667,1070 667,1071 702,1071 703,1070 704,1070 711,1063 741,1063 742,1064 778,1064 779,1063 815,1063 816,1064 816,1070 817,1070 818,1071 852,1071 853,1070 855,1070 856,1069 857,1069 858,1068 858,1067 859,1066 859,1064 860,1063 923,1063 924,1064 924,1074 925,1075 927,1075 928,1076 967,1076 968,1075 968,1065 969,1064 1009,1064 1010,1063 1011,1063 1012,1062 1013,1062 1014,1061 1015,1061 1017,1059 1017,1049 1019,1047 1019,1038 1020,1037 1030,1037 1030,1036 1031,1035 1031,1024 997,1024 996,1025 967,1025 967,1034 966,1035 955,1035 954,1034 860,1034 859,1035 858,1035 857,1036 857,1045 856,1046 840,1046 838,1044 838,1037 837,1036 837,1034 836,1033 823,1033 822,1032 822,1024 784,1024 783,1025 783,1032 782,1033 763,1033 762,1032 762,1022 717,1022 716,1023 716,1033 717,1034 716,1035 716,1039 715,1040 714,1040 714,1041 713,1042 712,1042 711,1043 711,1048 710,1049 709,1048 708,1048 707,1047 690,1047 689,1046 689,1045 688,1044 688,1035 687,1034 685,1034 684,1033 604,1033 603,1034 531,1034 530,1033 530,1023 529,1022 493,1022 491,1024 490,1024 489,1025 488,1025 488,1033 487,1034 443,1034 442,1033 442,1023 441,1022 440,1022 439,1021 439,1020 440,1019 516,1019 517,1018 525,1018 526,1019 565,1019 566,1018 586,1018 587,1019 623,1019 624,1018 698,1018 699,1017 722,1017 723,1018 793,1018 794,1017 802,1017 803,1016 804,1016 806,1018 839,1018 840,1019 876,1019 877,1018 886,1018 887,1019 988,1019 989,1018 1017,1018 1018,1017 1019,1017 1019,1005 1018,1004 1018,997 1017,996 1017,994 1018,993 1027,993 1027,992 1028,991 1028,980 1027,979 994,979 994,981 993,982 993,987 992,988 979,988 978,989 957,989 956,990 952,990 951,989 925,989 924,988 924,985 925,984 964,984 964,975 965,974 1004,974 1005,973 1005,972 1006,971 1006,970 1008,968 1018,968 1020,966 1020,962 1022,960 1032,960 1032,949 1031,949 1030,948 1030,947 1032,945 1032,933 1031,932 1008,932 1007,931 1006,931 1005,930 1003,930 1002,929 1003,928 1004,928 1005,927 1005,925 1006,924 1007,924 1008,923 1019,923 1020,922 1021,922 1022,921 1022,911 1020,909 1020,908 1011,908 1010,907 1010,906 1004,900 1002,900 1001,899 990,899 989,898 989,891 988,890 988,888 987,888 986,887 951,887 950,888 949,888 948,889 946,889 946,899 945,900 933,900 932,899 881,899 880,898 880,888 879,888 878,887 844,887 843,888 842,888 842,891 841,892 841,898 840,899 826,899 825,898 812,898 811,897 811,888 810,887 774,887 773,888 771,888 770,889 768,889 767,890 767,896 765,898 723,898 721,896 721,892 720,891 720,888 683,888 682,889 682,896 680,898 670,898 669,899 668,898 632,898 631,899 612,899 611,900 610,900 608,902 607,902 607,904 606,905 606,907 605,908 604,908 604,910 603,911 599,911 597,909 597,901 596,900 594,900 593,899 527,899 526,898 526,888 525,887 473,887 472,888 471,888 470,889 469,888 465,888 464,887 464,886 466,884 502,884 504,882 537,882 539,884 559,884 560,885 560,891 561,892 598,892 599,891 600,891 601,890 601,889 603,887 603,885 604,884 650,884 650,883 651,882 660,882 662,884 707,884 709,882 733,882 735,884 774,884 774,883 775,882 782,882 784,884 785,884 786,885 822,885 823,884 826,884 826,883 827,882 843,882 845,884 934,884 935,885 1017,885 1018,884 1018,883 1019,882 1019,871 1018,870 1017,870 1016,869 1010,869 1009,868 1009,859 1008,858 1008,857 1007,856 1006,856 1005,855 1004,855 1003,854 1003,853 968,853 966,855 906,855 904,853 879,853 878,852 878,843 877,842 874,842 872,840 872,839 873,838 874,838 876,840 891,840 892,841 892,844 893,845 893,851 929,851 929,842 928,841 929,840 949,840 950,841 985,841 986,840 1019,840 1019,826 1018,825 1018,819 1019,818 1032,818 1032,817 1033,816 1033,804 1032,803 1032,800 1031,799 1001,799 1000,798 964,798 963,799 962,799 961,800 959,800 959,809 958,810 957,809 957,797 958,796 1011,796 1011,795 1012,794 1017,794 1019,792 1019,783 1018,782 1018,781 1019,780 1021,780 1022,779 1022,765 1021,764 942,764 941,765 939,765 938,766 937,765 933,765 932,764 932,757 931,756 931,754 928,754 927,753 891,753 890,754 888,754 886,752 886,751 887,750 951,750 953,752 987,752 988,751 988,750 989,749 1000,749 1001,748 1001,746 1002,745 1020,745 1020,741 1022,739 1022,728 1006,728 1005,727 1005,720 917,720 916,721 914,721 913,720 894,720 893,719 893,718 881,718 880,717 844,717 842,719 828,719 827,720 811,720 810,719 794,719 793,718 793,710 792,709 792,708 791,707 755,707 754,708 754,718 753,719 683,719 682,718 682,715 683,714 683,713 684,712 707,712 708,711 709,711 710,710 711,710 712,709 712,708 713,707 713,706 714,705 746,705 747,704 749,704 750,703 760,703 761,704 795,704 796,705 824,705 825,706 825,714 869,714 870,713 870,705 871,704 898,704 899,705 1022,705 1023,704 1023,691 1020,691 1019,690 1019,689 1020,688 1020,679 1019,678 1019,676 1018,676 1017,675 1013,675 1012,674 1012,665 1011,664 1011,663 1010,663 1009,662 1011,660 1021,660 1022,659 1022,658 1023,657 1023,647 1022,647 1021,646 1022,645 1023,645 1024,644 1024,635 1025,634 1031,634 1032,633 1032,632 1033,631 1033,629 1034,628 1034,627 1035,626 1035,617 1034,616 1016,616 1015,615 1015,611 1016,610 1018,610 1020,608 1020,602 1022,600 1034,600 1034,589 1005,589 1004,588 1004,586 981,586 980,585 946,585 945,586 930,586 929,585 907,585 906,584 906,574 905,573 904,573 903,572 865,572 864,573 863,573 862,574 860,574 859,575 858,574 820,574 820,575 818,577 799,577 799,582 797,584 792,584 791,583 791,577 790,576 790,574 786,574 785,573 750,573 748,575 748,577 747,578 716,578 716,581 715,582 703,582 702,581 702,578 701,577 701,574 700,573 696,573 695,572 658,572 658,573 657,574 656,574 655,575 655,577 653,579 650,579 650,585 649,586 645,586 644,585 644,575 643,574 606,574 605,575 604,575 604,582 602,584 579,584 578,585 546,585 545,584 545,583 547,581 557,581 558,580 560,580 561,579 563,579 565,577 581,577 581,576 582,575 584,575 584,574 586,572 586,569 587,568 588,568 590,570 628,570 628,569 629,568 738,568 740,570 791,570 791,569 792,568 817,568 819,570 924,570 925,571 1024,571 1024,559 1022,557 1022,546 1020,544 1020,543 1021,542 1022,542 1023,541 1023,531 1022,530 1021,530 1020,529 975,529 974,528 974,527 975,526 1024,526 1024,525 1025,524 1025,513 1023,511 1023,507 1022,506 1022,496 1023,495 1033,495 1034,494 1034,485 1033,484 1033,483 1032,482 1022,482 1021,481 1021,480 1022,479 1022,472 1023,471 1026,471 1026,457 996,457 995,456 995,455 993,453 993,452 994,451 994,450 995,449 995,439 996,438 1018,438 1019,437 1019,436 1020,435 1020,424 1022,422 1031,422 1033,420 1033,411 1032,410 1031,410 1030,409 1030,408 1031,407 1031,397 1022,397 1021,396 1022,395 1022,390 1023,389 1023,380 1022,379 1022,377 1020,375 1021,374 1022,374 1023,373 1023,370 1025,368 1025,358 987,358 987,360 986,361 980,361 979,362 973,362 972,361 935,361 934,362 921,362 920,361 920,349 919,348 878,348 877,349 877,350 876,351 874,351 873,352 873,353 872,354 872,355 871,356 871,359 869,361 857,361 856,360 856,349 855,348 820,348 819,349 818,349 816,351 813,351 813,361 812,362 811,361 810,361 809,360 776,360 775,361 739,361 738,360 739,359 739,357 740,356 740,347 743,344 743,343 745,341 746,342 746,344 747,344 748,345 752,345 753,346 866,346 867,345 868,345 869,346 946,346 947,347 1018,347 1023,342 1023,331 1022,330 1022,322 1020,320 1020,310 1003,310 1002,309 1002,305 964,305 962,307 961,306 961,305 922,305 921,306 921,315 920,316 879,316 878,317 870,317 869,318 867,318 865,316 803,316 801,314 801,305 763,305 762,306 762,307 761,308 761,316 760,317 749,317 748,318 747,318 746,319 745,319 744,318 743,318 742,317 741,317 740,316 724,316 723,315 675,315 674,316 639,316 638,317 637,317 636,318 633,318 631,316 615,316 614,315 614,304 575,304 574,305 572,305 572,315 571,316 570,316 569,317 568,317 565,314 553,314 552,313 552,305 515,305 514,306 512,304 507,304 506,303 507,302 543,302 544,301 545,301 546,300 554,300 555,301 645,301 646,300 647,301 653,301 654,302 654,307 687,307 688,308 688,311 689,312 729,312 730,311 733,311 733,303 734,302 738,302 739,301 761,301 762,300 784,300 785,301 839,301 840,302 848,302 849,303 849,307 850,308 850,310 852,312 853,312 855,314 889,314 891,312 898,312 900,310 900,309 901,308 901,303 902,302 915,302 916,301 934,301 935,302 968,302 969,301 1008,301 1009,300 1009,297 1010,296 1020,296 1021,295 1022,295 1023,294 1023,288 1024,287 1029,287 1030,286 1030,276 1029,275 1011,275 1010,274 1008,274 1007,273 1006,273 1005,272 973,272 972,271 972,263 969,260 938,260 937,259 937,258 939,256 961,256 962,257 976,257 977,258 1016,258 1017,257 1018,257 1019,256 1020,256 1022,254 1023,254 1023,245 1022,245 1020,243 1020,234 1019,233 1019,230 1018,229 1017,229 1016,228 1002,228 1001,227 1001,217 962,217 962,219 961,220 961,225 959,227 886,227 885,226 885,224 886,223 929,223 929,222 930,221 930,214 931,213 958,213 959,212 961,212 962,213 1003,213 1003,208 1004,207 1048,207 1049,206 1052,206 1052,193 1020,193 1019,192 1018,192 1017,191 1004,191 1003,190 1003,178 1002,177 1002,174 1000,172 964,172 964,173 963,174 962,174 962,177 961,178 961,179 960,180 960,181 958,183 901,183 900,182 900,181 899,181 898,180 889,180 888,179 888,174 855,174 855,180 854,181 849,181 848,180 848,172 847,171 800,171 799,172 799,180 798,181 776,181 775,180 775,179 774,178 774,171 773,170 736,170 735,171 734,171 733,172 732,172 732,179 731,180 730,180 729,181 704,181 703,180 703,170 654,170 653,171 652,171 651,172 650,172 649,173 622,173 622,179 621,180 581,180 580,181 550,181 549,180 537,180 536,179 536,178 538,176 539,176 539,174 540,173 541,173 542,172 542,169 543,168 578,168 578,167 579,166 614,166 615,165 627,165 628,166 629,166 631,168 682,168 682,167 683,166 696,166 697,165 698,166 709,166 711,168 745,168 745,167 746,166 768,166 770,168 823,168 825,166 834,166 836,168 900,168 900,167 901,166 907,166 909,168 1001,168 1001,164 1002,163 1017,163 1018,162 1018,155 1019,154 1026,154 1026,144 1006,144 1005,143 1006,142 1007,142 1009,140 1024,140 1025,139 1025,138 1026,137 1026,126 1025,125 911,125 910,126 908,126 907,125 907,122 871,122 871,126 870,127 869,126 868,126 867,125 865,125 864,124 864,123 828,123 827,124 827,126 825,128 824,128 823,129 823,130 822,131 822,133 821,134 821,136 820,137 755,137 754,136 718,136 717,137 677,137 676,136 676,126 675,125 637,125 636,126 634,126 633,127 632,127 630,129 630,132 629,133 629,134 628,135 627,135 626,136 543,136 542,135 495,135 494,134 485,134 484,133 484,126 483,125 483,123 482,123 481,122 444,122 443,123 442,123 439,126 438,126 437,125 405,125 404,124 404,123 403,122"/><TextEquiv><Unicode/></TextEquiv><TextLine id="r1_l001"><Coords points="1052,177 1051,176 1051,174 1051,173 1051,150 1050,150 1001,150 1001,150 1001,157 999,159 984,159 984,159 984,163 983,164 958,164 957,163 807,162 806,163 786,163 785,162 728,162 727,163 726,163 725,162 666,162 665,163 646,163 645,162 561,162 560,163 525,163 525,163 525,167 523,169 523,170 521,172 520,172 519,173 511,173 510,172 508,172 507,170 507,169 505,167 505,161 504,161 453,161 452,162 448,162 447,161 388,160 387,161 353,161 353,162 353,164 352,165 352,166 350,167 348,167 346,169 344,167 344,161 343,160 291,160 290,161 238,161 237,160 237,144 236,143 236,142 235,141 238,137 251,137 252,138 275,138 276,139 333,139 334,140 376,140 377,140 377,132 378,130 379,130 380,129 381,129 382,128 383,128 384,127 385,127 386,128 457,129 458,128 459,128 460,127 463,127 464,128 465,128 466,128 466,129 467,130 467,137 467,138 476,138 477,139 524,139 525,140 643,140 645,139 645,137 646,136 646,134 648,131 649,131 650,130 652,130 653,129 657,129 660,132 660,141 660,141 733,141 734,140 736,140 737,141 836,141 837,141 837,139 838,138 838,137 839,136 839,135 843,131 843,130 844,128 850,129 853,131 853,140 853,141 885,141 886,140 886,127 886,127 889,127 890,127 890,140 890,141 920,141 921,140 921,132 922,131 923,131 924,130 926,130 927,129 1050,129 1051,128 1054,128 1055,128 1054,176 1054,177"/><TextEquiv index="1"><Unicode>“tour, lui fit graver ſes armes ſous Paiſ-</Unicode></TextEquiv></TextLine><TextLine id="r1_l002"><Coords points="1052,220 1051,219 602,218 601,217 185,216 185,217 184,217 185,173 185,172 279,172 280,171 395,172 396,173 397,173 398,174 756,174 757,175 983,176 984,177 1054,177 1054,177 1054,219 1054,220"/><TextEquiv index="1"><Unicode>“ſelle, de maniere qu'elles devoient paroî-</Unicode></TextEquiv></TextLine><TextLine id="r1_l003"><Coords points="1052,265 1051,264 734,263 698,263 697,264 665,264 664,263 663,263 662,262 593,262 592,261 592,260 592,260 562,260 561,259 560,259 559,258 559,253 559,253 185,252 185,253 185,261 185,261 184,261 184,218 185,217 341,217 342,216 349,216 350,217 439,218 439,218 439,221 440,222 440,227 441,228 545,228 546,229 858,230 858,229 858,222 859,222 860,222 861,221 862,221 864,219 867,219 868,220 1054,220 1054,220 1054,264 1054,265"/><TextEquiv index="1"><Unicode>“tre ſenſiblement, pour peu que la partie</Unicode></TextEquiv></TextLine><TextLine id="r1_l004"><Coords points="462,308 459,308 458,307 185,306 184,306 184,262 185,261 336,261 338,263 856,265 856,264 856,262 857,262 861,262 863,264 952,264 953,265 1054,265 1054,265 1054,308 1054,309 464,308 463,309"/><TextEquiv index="1"><Unicode>“devînt rouge &amp; colorée par un léger frot-</Unicode></TextEquiv></TextLine><TextLine id="r1_l005"><Coords points="717,354 716,353 280,352 279,352 279,351 279,350 185,350 184,350 184,307 185,306 489,307 490,308 597,308 598,309 941,310 942,309 1054,309 1054,309 1054,353 1054,354 1052,354 1051,353 1051,343 1051,343 724,342 723,343 723,352 722,353 722,354 722,354"/><TextEquiv index="1"><Unicode>“tement. L'eſprit de cette chere malade</Unicode></TextEquiv></TextLine><TextLine id="r1_l006"><Coords points="1052,402 1051,401 1051,398 1051,398 428,397 427,398 422,398 421,397 421,396 421,396 185,395 184,395 184,351 185,350 185,351 185,352 185,352 893,354 894,353 898,353 899,352 900,353 902,353 903,354 1054,354 1054,354 1054,401 1054,402"/><TextEquiv index="1"><Unicode>“étoit alors un peu exalté par la fievre;</Unicode></TextEquiv></TextLine><TextLine id="r1_l007"><Coords points="1052,448 1051,446 1051,433 1050,433 558,432 558,432 558,441 557,442 546,442 545,440 545,432 544,432 185,431 185,432 185,439 184,439 184,439 184,396 185,395 185,396 185,397 185,397 898,399 899,398 939,398 940,399 959,399 960,400 961,400 962,401 1014,401 1015,402 1054,402 1054,402 1054,447 1053,448"/><TextEquiv index="1"><Unicode>“cette idée le prouve. Elle me diſoit:</Unicode></TextEquiv></TextLine><TextLine id="r1_l008"><Coords points="1015,487 1014,487 1014,486 1014,484 1013,484 995,484 994,482 994,477 993,477 731,476 730,477 691,477 690,476 479,476 478,477 477,477 476,476 185,475 185,476 185,485 184,485 184,485 184,440 184,439 185,440 185,441 185,441 398,442 399,443 622,443 623,444 647,444 649,446 649,448 650,449 650,450 651,451 651,452 652,453 906,454 907,453 907,446 908,445 909,445 910,444 911,444 912,443 971,443 973,441 975,441 978,443 978,446 978,447 1051,447 1052,448 1053,448 1054,448 1054,486 1053,487 1017,487 1016,488"/><TextEquiv index="1"><Unicode>“S'il a le malheur d'être encore enlevé,</Unicode></TextEquiv></TextLine><TextLine id="r1_l009"><Coords points="970,535 969,534 926,534 925,533 680,532 679,531 676,531 674,529 674,523 673,522 333,521 333,522 333,529 332,529 328,529 327,530 184,530 184,530 184,486 184,485 407,486 408,485 408,484 408,484 412,484 413,485 610,485 611,486 1053,487 1054,487 1054,534 1053,535"/><TextEquiv index="1"><Unicode>“&amp; privé de ſon héritage paternel, qu'il</Unicode></TextEquiv></TextLine><TextLine id="r1_l010"><Coords points="1051,580 1051,579 1051,567 1050,567 569,566 569,566 569,567 567,569 567,570 566,571 565,571 564,572 563,572 562,573 547,573 545,575 544,575 543,576 540,576 539,577 537,577 536,576 533,576 532,575 184,574 184,574 184,531 184,530 409,531 410,530 412,530 413,531 414,531 415,532 860,533 861,532 875,532 876,533 877,533 878,534 927,534 928,535 1053,535 1054,535 1054,579 1053,580"/><TextEquiv index="1"><Unicode>“ignore ſon rang, dont la connoiſſance lui</Unicode></TextEquiv></TextLine><TextLine id="r1_l011"><Coords points="743,622 741,620 741,612 740,611 223,610 223,611 224,612 224,613 226,615 226,616 227,617 226,617 185,617 185,618 185,619 184,619 184,619 184,575 184,574 185,575 880,577 881,576 886,576 889,578 889,579 889,580 1053,580 1054,580 1054,621 1053,622 966,622 965,623"/><TextEquiv index="1"><Unicode>“rendroit ſon mauvais ſort plus inſuppor-</Unicode></TextEquiv></TextLine><TextLine id="r1_l012"><Coords points="1052,669 1051,668 776,667 775,667 775,657 775,656 370,655 369,656 369,658 364,663 185,663 185,664 184,664 183,664 184,620 184,619 185,620 185,621 185,621 1014,623 1015,622 1053,622 1054,622 1053,668 1053,669"/><TextEquiv index="1"><Unicode>“table; mais s'il ſe trouve dans un état</Unicode></TextEquiv></TextLine><TextLine id="r1_l013"><Coords points="1052,715 1051,714 772,713 771,712 606,712 605,711 604,711 603,710 184,709 183,709 183,665 184,664 185,664 185,665 552,666 553,667 897,668 898,667 913,667 914,666 915,667 993,667 994,668 995,668 996,669 1053,669 1053,669 1053,714 1053,715"/><TextEquiv index="1"><Unicode>“digne de lui, ſes gens, en lui paſſant ſa</Unicode></TextEquiv></TextLine><TextLine id="r1_l014"><Coords points="1052,757 1051,756 1051,747 1051,747 733,746 714,746 713,747 713,749 712,750 466,750 465,750 465,753 464,754 464,755 464,756 184,755 183,755 183,710 184,709 185,709 185,710 661,711 662,710 663,710 664,709 666,709 667,711 667,713 668,713 776,713 777,714 1053,715 1053,715 1053,756 1053,757"/><TextEquiv index="1"><Unicode>“chemiſe, pourront découvrir cette mar-</Unicode></TextEquiv></TextLine><TextLine id="r1_l015"><Coords points="930,803 929,802 559,801 516,801 515,802 511,802 510,801 491,801 490,800 185,799 185,800 184,800 183,800 183,756 184,755 418,756 419,757 736,757 737,756 866,757 867,756 869,756 870,757 1053,757 1053,757 1053,802 1053,803"/><TextEquiv index="1"><Unicode>“que, &amp; lui apprendre qui il eſt. C'eſt pour</Unicode></TextEquiv></TextLine><TextLine id="r1_l016"><Coords points="579,847 350,846 349,846 349,845 349,844 184,844 183,844 183,801 184,800 310,800 311,801 767,802 768,801 769,801 770,800 774,800 775,801 983,802 984,803 1053,803 1053,803 1053,847 1053,848 1052,848 1051,847 910,847 909,846 909,843 909,843 588,842 587,842 587,843 586,845 585,845 583,847 581,847 580,848"/><TextEquiv index="1"><Unicode>“cela que j'ai fait graver ainſi, hors de la</Unicode></TextEquiv></TextLine><TextLine id="r1_l017"><Coords points="1051,894 1051,893 1051,892 1050,892 860,892 860,891 860,889 859,889 276,887 275,888 271,888 270,889 183,889 183,889 183,845 184,844 185,844 185,845 623,846 624,845 851,846 853,844 855,844 856,845 857,845 858,846 860,846 861,847 909,847 910,848 1053,848 1053,848 1053,893 1052,894"/><TextEquiv index="1"><Unicode>“portée de ſa vue, ſes armes &amp; ſon nom.</Unicode></TextEquiv></TextLine><TextLine id="r1_l018"><Coords points="1013,936 1013,934 1012,934 752,933 751,932 326,931 326,932 326,933 325,933 324,933 323,934 319,934 318,933 183,933 183,933 183,890 183,889 184,889 185,890 966,892 967,891 968,891 969,892 970,892 971,892 971,893 971,894 1052,894 1053,894 1053,935 1052,936 1051,936 1051,935 1051,934 1050,934 1014,934 1014,934 1014,936 1013,937"/><TextEquiv index="1"><Unicode>“Voyez, Meſſieurs, continua le vieux do-</Unicode></TextEquiv></TextLine><TextLine id="r1_l019"><Coords points="607,982 606,981 366,980 365,979 364,979 364,979 364,977 363,976 183,976 183,976 183,934 183,933 184,933 185,934 185,936 185,936 526,937 527,936 529,936 531,938 866,939 868,937 868,936 869,935 984,935 985,934 988,934 990,936 1052,936 1053,936 1053,981 1052,982 1051,982 1050,981 613,980 612,981 611,981 610,982"/><TextEquiv index="1"><Unicode>“meſtique; voilà ce nom qui paroît à pré-</Unicode></TextEquiv></TextLine><TextLine id="r1_l020"><Coords points="1051,1028 1051,1027 1051,1015 1050,1015 606,1014 605,1015 185,1014 185,1015 185,1021 184,1021 183,1021 183,1021 183,977 183,976 184,976 185,977 251,977 252,978 253,978 255,980 663,981 664,980 665,980 666,981 1052,982 1053,982 1053,1027 1052,1028"/><TextEquiv index="1"><Unicode>ſent dans toute ſon évidence.“ Et chacun</Unicode></TextEquiv></TextLine><TextLine id="r1_l021"><Coords points="1051,1082 1051,1081 1051,1072 1050,1072 943,1072 942,1071 941,1071 940,1069 940,1068 939,1068 683,1067 683,1067 683,1066 682,1065 682,1061 681,1060 185,1059 185,1060 185,1067 184,1067 183,1067 183,1067 183,1022 183,1021 184,1021 185,1022 185,1023 185,1023 243,1023 244,1024 421,1025 422,1026 512,1026 514,1027 513,1028 513,1036 513,1037 730,1037 731,1037 731,1029 732,1028 732,1027 732,1026 744,1026 745,1027 745,1028 745,1028 1012,1029 1013,1028 1052,1028 1053,1028 1053,1081 1052,1082"/><TextEquiv index="1"><Unicode>lut au-deſſous des armes, Louis, marquis</Unicode></TextEquiv></TextLine><TextLine id="r1_l022"><Coords points="183,1125 182,1125 183,1068 183,1067 184,1067 185,1068 185,1069 185,1069 300,1069 301,1070 394,1071 395,1071 395,1077 394,1078 393,1096 394,1097 404,1097 404,1097 404,1099 405,1100 404,1101 404,1102 403,1104 240,1103 239,1104 185,1104 185,1105 185,1125 185,1125"/><TextEquiv index="1"><Unicode>d'Erbeuil.</Unicode></TextEquiv></TextLine><TextLine id="r1_l023"><Coords points="1051,1165 1051,1162 1051,1162 975,1162 974,1161 974,1150 974,1150 932,1150 931,1151 930,1150 696,1149 695,1150 659,1150 658,1151 658,1158 657,1159 647,1159 645,1158 645,1150 645,1149 409,1149 408,1148 350,1147 337,1147 336,1148 285,1148 284,1147 283,1147 281,1146 281,1132 281,1131 264,1131 263,1131 265,1129 293,1129 294,1128 294,1125 295,1124 295,1123 296,1122 296,1121 297,1120 297,1118 299,1116 317,1116 318,1115 319,1115 320,1114 321,1114 322,1116 322,1126 323,1126 397,1127 397,1126 397,1116 398,1116 410,1116 411,1115 412,1115 413,1114 414,1114 415,1115 415,1126 416,1127 463,1127 463,1126 463,1125 465,1124 509,1124 509,1123 509,1122 510,1121 510,1120 512,1118 512,1117 515,1115 516,1115 517,1114 523,1114 526,1117 596,1117 598,1115 602,1115 602,1115 602,1125 603,1126 678,1126 678,1126 678,1120 679,1119 682,1119 683,1118 684,1118 685,1117 695,1117 696,1116 704,1116 705,1115 711,1115 711,1116 711,1126 712,1126 753,1126 754,1127 804,1127 806,1125 808,1125 809,1126 866,1127 866,1126 866,1118 868,1117 965,1117 966,1116 969,1116 969,1116 969,1122 970,1123 1051,1123 1051,1122 1051,1107 1052,1107 1052,1107 1052,1165 1052,1166"/><TextEquiv index="1"><Unicode>Alors il me ſembla qu'il me tomboit des</Unicode></TextEquiv></TextLine><TextLine id="r1_l024"><Coords points="1051,1209 1011,1209 1010,1208 1010,1207 1010,1207 833,1206 831,1204 605,1204 602,1201 602,1197 602,1197 185,1196 185,1197 185,1207 185,1207 184,1207 182,1206 182,1152 183,1151 185,1151 185,1152 185,1155 185,1155 251,1155 252,1156 254,1156 254,1157 254,1158 255,1158 503,1159 504,1160 552,1160 552,1160 552,1161 553,1162 937,1163 938,1162 1014,1162 1014,1162 1014,1165 1015,1166 1052,1166 1052,1166 1052,1209 1052,1210"/><TextEquiv index="1"><Unicode>écailles de deſſus les yeux. Je me rappellai,</Unicode></TextEquiv></TextLine><TextLine id="r1_l025"><Coords points="183,1250 182,1250 182,1207 183,1206 184,1207 185,1207 185,1208 185,1217 185,1217 389,1218 390,1217 460,1217 460,1216 460,1215 461,1214 461,1212 463,1210 463,1209 466,1207 467,1207 469,1205 475,1205 476,1206 476,1215 477,1216 715,1216 715,1216 715,1210 716,1209 805,1209 805,1209 805,1208 806,1207 807,1207 808,1206 920,1207 921,1206 923,1206 923,1206 923,1208 924,1209 1012,1209 1013,1210 1052,1210 1052,1210 1052,1248 1052,1249 1051,1248 1051,1240 1051,1240 722,1239 721,1240 721,1249 721,1249 720,1249 719,1250 515,1250 511,1246 511,1240 511,1240 185,1239 185,1240 185,1250 185,1250"/><TextEquiv index="1"><Unicode>comme un ſonge, mon premier enleve-</Unicode></TextEquiv></TextLine><TextLine id="r1_l026"><Coords points="518,1297 517,1296 183,1295 182,1295 182,1251 183,1250 415,1251 416,1250 552,1250 553,1251 878,1252 879,1251 880,1251 881,1250 1051,1250 1052,1249 1052,1249 1052,1296 1052,1297 1051,1296 522,1295 521,1295 521,1296 521,1297"/><TextEquiv index="1"><Unicode>ment par le grand manteau rouge, la belle</Unicode></TextEquiv></TextLine><TextLine id="r1_l027"><Coords points="269,1339 269,1339 269,1338 268,1337 182,1337 182,1337 182,1296 183,1295 251,1295 252,1294 255,1294 256,1295 641,1296 642,1295 859,1296 860,1295 908,1295 910,1297 1052,1297 1052,1297 1052,1339 1051,1340 1051,1339 1051,1329 1050,1329 640,1328 639,1329 586,1329 586,1329 586,1339 585,1340"/><TextEquiv index="1"><Unicode>dame qui m'avoit retiré des mains de la Bo-</Unicode></TextEquiv></TextLine><TextLine id="r1_l028"><Coords points="1051,1384 1051,1374 1050,1374 744,1373 744,1374 744,1381 741,1383 731,1383 731,1383 731,1375 730,1374 441,1374 431,1374 427,1378 185,1377 185,1378 185,1382 184,1382 182,1382 182,1382 182,1338 182,1337 184,1337 185,1338 185,1339 185,1339 977,1341 978,1340 1051,1340 1052,1340 1052,1384 1051,1385"/><TextEquiv index="1"><Unicode>hémienne, la cérémonie qu'elle m'avoit</Unicode></TextEquiv></TextLine><TextLine id="r1_l029"><Coords points="1050,1430 836,1429 832,1425 832,1419 831,1418 557,1418 500,1418 500,1418 500,1425 498,1427 497,1427 496,1428 489,1428 488,1427 185,1426 185,1427 185,1429 184,1429 182,1429 182,1429 182,1383 182,1382 391,1383 392,1384 408,1384 409,1385 920,1386 922,1384 922,1382 922,1382 924,1382 925,1383 926,1383 927,1384 963,1384 964,1385 1051,1385 1052,1385 1052,1430 1051,1431"/><TextEquiv index="1"><Unicode>fait ſouffrir, quand on m'avoit gravé les</Unicode></TextEquiv></TextLine><TextLine id="r1_l030"><Coords points="182,1474 182,1474 182,1430 182,1429 367,1429 369,1427 458,1428 459,1429 1010,1430 1011,1431 1051,1431 1052,1431 1052,1472 1051,1473 939,1473 939,1473 939,1474 938,1475 934,1475 934,1474 934,1464 933,1464 604,1463 603,1464 603,1465 598,1470 595,1470 594,1468 594,1463 593,1463 243,1462 242,1463 185,1463 185,1464 185,1474 184,1474"/><TextEquiv index="1"><Unicode>armes ſous le bras; mon ſecond enleve-</Unicode></TextEquiv></TextLine><TextLine id="r1_l031"><Coords points="182,1520 182,1520 182,1475 182,1474 184,1474 185,1475 185,1506 185,1506 232,1506 233,1506 233,1488 233,1487 234,1487 235,1486 236,1486 237,1485 249,1485 250,1484 251,1485 319,1485 321,1487 323,1487 325,1489 325,1498 325,1498 371,1498 372,1498 372,1493 373,1492 373,1483 374,1482 374,1481 374,1480 376,1480 377,1480 377,1478 379,1475 380,1475 381,1474 385,1474 386,1473 387,1473 388,1475 389,1475 390,1475 390,1476 391,1477 391,1480 392,1481 392,1483 392,1484 403,1484 405,1486 452,1486 453,1485 464,1485 465,1484 465,1482 465,1482 467,1482 468,1481 468,1479 472,1475 472,1474 473,1473 481,1473 483,1474 483,1484 483,1485 529,1485 530,1484 533,1484 534,1485 588,1485 589,1486 702,1486 703,1485 706,1485 707,1486 744,1486 745,1486 745,1478 746,1476 747,1476 748,1475 791,1475 793,1477 793,1486 793,1486 854,1487 855,1486 886,1486 887,1485 887,1480 887,1480 933,1480 934,1479 934,1475 934,1475 938,1475 940,1476 940,1484 940,1485 985,1485 987,1483 988,1484 990,1484 992,1486 1002,1486 1003,1486 1003,1487 1003,1488 1050,1488 1051,1487 1051,1473 1051,1473 1052,1473 1052,1516 1051,1517 1051,1516 1051,1491 1050,1491 995,1491 995,1491 995,1504 993,1506 973,1506 972,1507 846,1506 844,1508 843,1508 842,1507 750,1507 750,1508 750,1509 749,1510 749,1513 746,1515 744,1515 743,1514 743,1509 742,1508 688,1508 688,1509 688,1518 687,1518 681,1518 680,1519 679,1519 678,1518 677,1518 676,1517 676,1509 675,1508 641,1508 640,1507 587,1507 585,1509 585,1508 585,1507 584,1507 467,1507 466,1508 386,1507 385,1508 350,1508 350,1509 350,1510 345,1514 343,1514 342,1515 341,1514 341,1508 340,1507 245,1507 244,1508 243,1508 242,1509 236,1509 235,1508 185,1508 185,1509 185,1520 184,1520"/><TextEquiv index="1"><Unicode>ment, &amp; enfin tout ce que j'ai raconté au</Unicode></TextEquiv></TextLine><TextLine id="r1_l032"><Coords points="182,1575 181,1575 182,1521 182,1520 184,1520 185,1521 185,1529 185,1529 501,1530 502,1529 542,1529 543,1528 543,1522 544,1521 545,1521 546,1520 549,1520 550,1519 718,1519 720,1517 1050,1518 1051,1517 1052,1517 1052,1548 1051,1549 996,1549 993,1552 948,1552 947,1552 947,1561 945,1564 877,1564 875,1562 875,1561 875,1561 851,1561 850,1560 850,1556 850,1556 782,1555 781,1554 379,1553 378,1554 278,1554 277,1555 185,1555 185,1556 185,1575 185,1575"/><TextEquiv index="1"><Unicode>commencement de ces mémoires, juſqu'à</Unicode></TextEquiv></TextLine></TextRegion><ImageRegion id="r2"><Coords points="425,67 424,68 390,68 389,69 388,69 387,70 387,73 385,74 368,74 367,75 365,75 365,76 363,77 363,88 366,90 366,106 368,108 508,108 508,106 509,105 509,104 511,103 512,104 512,107 514,110 563,110 564,108 601,108 602,107 608,107 610,110 651,110 652,108 653,108 654,107 655,107 657,108 658,108 659,110 697,110 698,108 701,108 702,110 786,110 787,108 789,110 886,110 887,108 887,97 886,97 884,95 884,93 885,92 885,91 886,90 886,81 885,79 885,78 884,77 882,77 881,76 874,76 873,75 841,75 840,74 790,74 789,75 748,75 747,76 743,76 742,75 741,75 740,74 720,74 719,73 719,70 684,70 683,71 679,71 677,70 677,68 643,68 643,71 641,73 623,73 622,74 603,74 602,73 594,73 593,71 558,71 557,73 514,73 513,71 463,71 460,68 460,67"/></ImageRegion><TextRegion id="r3" type="page-number" orientation="-0.0"><Coords points="256,67 254,68 253,68 247,74 246,74 245,75 244,75 243,76 230,76 229,77 228,77 228,78 227,79 227,81 225,82 225,91 227,92 227,104 228,105 228,107 229,108 315,108 316,107 318,107 322,104 322,103 323,101 323,92 322,91 322,88 323,86 323,76 322,75 322,74 320,73 320,70 317,67"/><TextEquiv><Unicode/></TextEquiv><TextLine id="r3_l001"><Coords points="242,72 307,72 307,106 242,106"/><TextEquiv index="1"><Unicode>att</Unicode></TextEquiv></TextLine></TextRegion></Page></PcGts>