1116 1854
194 1587 514 1648 ſſo Il.
807 76 876 134 ae
72 138 880 195 la tendre amitié que j'avois pour la petite
96 190 880 240 Julie au berceau Je ne ſais pas comment
101 234 879 285 je n'avois jamais penſé à toutes ces cho-
103 281 701 330 ſes, auxquelles tenoit mon ſort.
109 310 885 382 Le vieux baron écumoit de rage, &
101 371 879 422 s'écrioit que le domeſtique étoit un mpoſ-
100 419 880 467 teur. „Non m'écriai-je, tout ce que Bap-
99 462 880 511 “tiſte avance eſt vrai. Je me ſouviens très-
102 506 887 556 “bien d'avoir été enlevé deux fois de la
101 553 880 603 “maiſon maternelle. -- Et par qui? dit
102 598 883 648 “Noirville en pâliſſant. -- Par vous, lui
101 642 882 693 “répondis-je.“ En effet, il me ſembloit
103 691 881 739 que le grand manteau rouge qui m'avoit
104 735 878 784 enlevé, & que j'appellois alors mon oncle,
104 779 880 830 reſſembloit, comme deux gouttes d'eau,
104 825 881 875 à ce grand efflanqué. „Tout cela eſt vrai,
107 870 879 920 “reprit le domeſtique; c'eſt vous, M. le
102 913 880 965 “Baron qui l'avez enlevé; je vais en cher-
109 961 880 1010 “cher la preuve.“ Et ſur le champ il
99 1007 881 1056 courut à ſa chambre, tandis que Noirville
102 1052 881 1101 crioit à l'impoſture, & vouloit nous devi-
104 1101 293 1150 ſager tous.
121 1130 888 1192 Les ſpectateurs ne ſavoient que penſer
105 1188 882 1238 de tout ceci; & le noir baron ſentoit qu'ils
109 1231 884 1283 n'étoient pas pour lui. Le domeſtique re-
107 1276 884 1326 vint avec un papier. Le furibond ſe jeta
106 1324 886 1374 ſur lui, pour le lui arracher; mais le pere de
107 1366 882 1430 mon rival s'y oppoſa, prit l'écrit, & lut ce
77 1417 263 1464 qui ſuit:
124 1446 894 1508 „Le baron de Noirville, mon beau-
104 1503 879 1556 “frere, m'ayant déja enlevé une fois mon
96 1548 882 1598 “fils jumeau Louis, que j'ai retrouvé-
