1116 1854
213 142 1041 206 “comme il m'avoit enlevé précédemment
212 203 1040 250 “mon autre fils jumeau Charles, qui reſ-
212 247 1040 302 “ſembloit parfaitement à ſon frere, &
212 294 1040 341 “que je n'ai jamais revu; en cas que ledit
212 338 1040 388 “baron ait encore une fois l'indignité de
212 383 1040 432 “ſouſtraire mon fils Louis, ce cher enfant
212 429 1040 477 “aura un figne évident pour ſe faire con-
212 475 1040 522 “noître; & Pon verra ſous ſon aiſſelle,
212 521 1040 568 “pour peu que la partie ſoit colorée par
212 565 1040 614 “un léger frottement, les armes de la fa-
212 611 1040 659 “mille & ſon nom, Louis, marquis d'Er-
211 657 1040 705 “beuil, que j'y ai fait graver au deſſous
211 702 1039 749 “d'un figne narurel; ce qui conſte par la
211 748 1039 795 “fignature de celui qui l'a gravé, & de
211 790 1039 840 “pluſieurs témoins. Je dépoſe chez un no-
211 839 1039 886 “taire le double de cet acte, & je recom-
211 884 1039 931 “mande audit notaire de proteſter contre
211 929 1039 976 “l'uſurpaton que mon beau-frere doit faire
211 973 1039 1021 “des biens de mon fils, afin qu'ils ſoient
211 1015 1039 1067 “reſtitués au légitime héritier, quand il
211 1064 1039 1112 “reparoîtra. Je charge Jean-Baptiſte Cau-
210 1110 1039 1158 “dron, mon fidele domeſtique, de veiller,
210 1154 1038 1203 “autant qu'il lui ſera poſſible, ſur mon fs,
210 1201 1038 1247 “& je lui donne à cet effet huit cents liv.
210 1246 1038 1294 “de penfion, afin qu'il apprenne à ce cher
210 1292 1038 1342 “orphelin qui il eſt, & qu'il le faſſe recon-
210 1336 1038 1385 “noître par la famille. Fait à Paris, cer
210 1382 1038 1449 “eptembre ro. Signé Louiſe Fiorn,
210 1428 715 1476 “marquiſe d'Erbeuil.“
210 1453 1038 1521 On aſouta à cette lecture celle d'un acte
210 1517 1038 1568 copfirmatif du précédent, figné de huit té-
209 1565 1038 1634 moins. Beaucoup de gens qui étoient dus
235 88 341 148 e
