1116 1854
196 145 1014 194 “de huit qui étoient autour du lit de ma-
238 193 1011 241 “dame la marquiſe d'Erbeuil, quand l'inſ-
237 238 1012 286 “cription fut faite ſous le bras de l'enfant;
234 283 1012 320 “les deux autres ſont morts.“ On inter-
234 327 1009 376 rogea tous ces témoins; leurs réponſes fu-
237 375 1009 411 rent unanimes. Ils demanderent à voir mon
237 419 1010 465 aiſſelle, frotterent la peau, & virent exac-
237 464 1008 512 tement les armes, le nom & le ſigne. Ils
237 509 1009 557 s'écrierent: „Cela eſt clair. Monſieur,
232 555 1010 600 “vous êtes chez vous.“ C'étoit à moi qu'on
233 600 1009 647 parloit ainſi. „Monfieur, me dit le pro-
233 643 1010 692 “oureur, ayant été créé votre tuteur à la
231 691 1009 743 “mort de madame votre mere, j'ai prp-
230 734 1008 782 “teſté contre l'uſurpation de vos biens,
233 781 1009 829 “faite par M. votre oncle. La proteſtation
233 826 1009 873 “lui a été ſignifiée en forme; la voici,
232 872 1009 918 “tout eſt en regle. Sous peu de jours nous
207 915 1010 964 “obtiendrons une ſentence qui vous mettra
233 962 1008 1009 “en poſſeſſion. -- Mon cher Monſieur,
231 1002 1009 1055 “me dit un bon vieillard, j'ai été l'inten-
232 1052 1008 1100 “dant de votre famille, ſous M. votre pere
233 1097 1009 1143 “& Mde. votre mere. Je ſuis encore tout
231 1142 1007 1190 “prêt à vous ſervir. En attendant, voilà
231 1188 1007 1233 “une bourſe de trois cents louis que je vous
231 1234 1008 1281 “avance ſur vos revenus. -- Mon cher
229 1277 1005 1326 “maître, me dit enfin le fidele Baptiſte,
229 1320 1006 1372 “car il eſt à préſent démontré que vous
227 1369 1002 1417 “l'êtes, & ceux qui ont connu feu votre
228 1414 1003 1462 “honnête homme de pere, conviendront
227 1459 1004 1507 “que vous avez tous ſes traits; daignez
225 1503 1004 1552 “accepter mes ſervices; je veux conſumer
226 1551 1002 1611 “chez vous les dernieres années qui me
240 101 310 136 et
