1116 1854
212 97 1020 160 “vie, dans un cul de baſſe - foſſe. Enfin
240 159 1009 201 “elle eſt fiancée avec moi, & vous ne me
239 203 818 250 „l'enleverez pas à ma barbe.“
259 239 1010 295 Je lui répondis: „Monſieur, l'arrêt qui
238 293 1009 340 “certifiera mon ſort ſera facile à obtenir,
237 341 1012 385 “vu les preuves inconteſtables qu'on vient
235 384 1007 431 „de produire. Si Julie eſt ma couſine, je
233 428 1007 477 “me procurerai facilement une diſpenſe. Si
234 475 1035 521 “ſon pere veut que je lui cede quelque
234 520 1006 563 “choſe, il me cédera volontiers ſa fille. Si
232 565 1005 611 “l'on a pu caſſer les vœux de mon amante,
231 609 1005 657 on pourra pareillement caſſer les miens,
232 654 1000 702 “qui ne ſont pas plus ſolides; & mes vœux
229 700 1001 747 “caſſés, je ne crains plus les moines. Enfin,
230 744 999 793 “ſi vous êtes fiancé, je ſuis aimé; & je m'en
229 790 1003 837 “rapporte à la déciſion de Julie. Faites-en
227 834 997 882 “de même.“ Julie s'écria que ſa déciſion
225 882 998 946 étoit pour moi, & elle m'embraſſa; ce que
223 926 659 975 je lui rendis avec uſure.
248 961 999 1018 Pendant tout ce colloque, Noirville con-
223 1016 993 1064 fondu, abymé dans ſes réflexions, cher-
225 1060 990 1109 choit ſans doute quelque biais pour ſe tirer
222 1108 990 1155 de ce mauvais pas. Son incertitude étoit viſi-
218 1152 992 1200 ble: il me regardoit tour-à-tour d'un œil en-
222 1198 991 1245 venimé, & d'un air flatteur & careſſant, &
176 1241 982 1290 paroiſſoit tenté à chaque moment de ſe jeter
219 1288 985 1334 ſur moi, tantôt pour m'embraſſer, tantôt
219 1333 985 1381 pour m'étrangler Enfin il ſe leva furieux pour
220 1378 984 1423 aller ſe coucher; & chacun en fit de même.
241 1423 984 1471 On ſent combien le changement pro-
217 1468 984 1516 digieux & ſubit de ma fituaton devoit
209 1514 984 1578 m'inſpirer de réflexions, & tenir mes eſprin
