1116 1854
835 71 900 107 LE
721 1555 823 1606 Na
101 109 904 163 éveillés. De porte-faix, de malheureux,
105 155 902 209 ſans naiſſance, ſans parents, ſans argent,
103 204 899 253 je me trouvois tout-à-coup l'héritier d'une
106 250 902 297 riche & noble famille, & bientôt poſſeſſeur
104 295 902 343 d'un bien immenſe. Je me voyois l'égal
105 340 936 390 de Julie, digne d'elle, aimé d'elle; mon
106 386 900 441 cœur palpita long-temps, & ne me laiſſa le
104 431 900 479 pouvoir de m'endormir que fort tard, pour
107 477 873 525 me livrer aux ſonges les plus heureux.
161 523 898 571 Sain-Jean vint me trouver dès que je
106 565 899 617 fus éveillé. „Mon camarade, lui dis-je,
109 614 904 662 “je ſerai toujours ton ami, je partagerai
107 658 903 705 “avec toi.“ Il me baiſa la main, en pleu-
111 702 893 750 rant, & en me diſant: „Mon cher maître,
114 748 902 801 “je vous conſacre mes ſervices & ma
113 798 254 835 avie.“
133 838 898 889 Mon procureur entra bientôt. Il me dit
115 882 899 932 qu'il me regardoit comme en poſſeſſion de
118 928 899 975 mon état & de mon bien, tant la ſentence
117 974 899 1020 en ma faveur étoit infaillible; qu'il n'y avoit
117 1020 896 1066 d'obſtacles que mes vœux. „Comment les
119 1065 900 1107 “avez-vous faits? ajouta-t-il “ Je lui racon-
118 1109 895 1157 tai l'hiſtoire de ma profeſſion monacale;
119 1155 897 1201 il en rit, & me dit: „Il n'y a plus d'obſta-
123 1199 917 1247 “cles. Je ſuis très-sûr de faire caſſer ces
121 1246 899 1293 “vœux irréguliers. Je vais dès aujourd'hui,
124 1290 899 1336 “envoyer, pour cet effet, un mémoire en
127 1334 899 1383 “cour de Rome. Il faudroit des preuves;
128 1381 899 1426 “mais quelques ſequins en tiendront lieu.
129 1424 901 1473 “Voulez-vous toujours épouſer votre cou-
132 1470 902 1518 “ſine? - Sans doute, répondis - je avec
132 1514 906 1562 “chaleur. -- Il faut donc, reprit-il, de-
