1116 1854
673 1602 750 1652 N
834 106 907 147 a
104 154 905 207 “vous aurez tout cela, ſi Julie vous préfere
106 202 903 256 “à moi, nous nous couperons la gorge
105 248 718 298 “enſemble.“ Il dit & me quitta.
158 293 903 340 J'entrai chez Julie, & je m'appercus
106 336 900 388 que ma figure fit ſur elle l'impreſſion la
107 382 902 434 plus heureuſe. Que nous nous dîmes de
106 428 906 478 choſes tendres! Quels moments que ceux
109 473 907 518 de ce tête-à-tête! Nous paſsâmes un mois
110 518 905 565 dans l'union la plus douce & la plus intime.
112 562 911 613 Enfin, je gagnai mon procès complétement.
112 607 903 661 Mon bien me fut adjugé, avec arrérages,
114 651 904 710 dommages & intérêts. On juge de la fureur
111 700 395 746 de Noirville.
149 744 902 792 J'attendois impatiemment mes papiers
115 789 928 835 de Rome, pour m'expliquer: ils arriverent
116 834 905 881 enfin. Le pape avoit caſſé mes vœux avec
88 877 898 928 la plus grande authenticité, & m'avoit
116 922 905 972 d'ailleurs accordé la plus ample diſpenſe
115 967 896 1021 pour épouſer ma couſine. Poſſeſſeur de ces
116 1013 898 1065 actes favorables, j'invitai à dîner toute la
116 1063 261 1100 famille.
167 1104 900 1157 Mon rival & Noirville s'y trouverent,
116 1149 906 1197 malgré la haine qu'ils avoient contre moi.
122 1193 906 1244 Le pâle vieillard, vers le deſſert, rompit
119 1236 905 1292 le ſilence qu'il avoit gardé obſtinément, &
120 1284 906 1330 me dit: „Vous triomphez; vous vous
121 1327 892 1377 “croyez déja poſſeſſeur de mon imperti-
121 1374 892 1420 “nente fille & de toute ma fortune. Hé
125 1419 905 1469 “bien, ſachez qu'il y a ici quelqu'un qui
96 1460 907 1519 “peut réclamer la moitié du bien, & à
126 1506 907 1565 “qui je donnerai la préférence pour l'in-
126 1553 908 1604 “ſolente maîtreſſe que vous vous diſputez
