<PcGts xmlns="http://schema.primaresearch.org/PAGE/gts/pagecontent/2017-07-15" xmlns:xsi="http://www.w3.org/2001/XMLSchema-instance" xsi:schemaLocation="http://schema.primaresearch.org/PAGE/gts/pagecontent/2017-07-15 http://schema.primaresearch.org/PAGE/gts/pagecontent/2017-07-15/pagecontent.xsd"><Metadata><Creator/><Created>2020-09-22T10:50:03</Created><LastChange>1970-01-01T00:00:00</LastChange><Comments/></Metadata><Page imageFilename="0304.png" imageHeight="1854" imageWidth="1116"><ReadingOrder><OrderedGroup id="g1"><RegionRefIndexed index="0" regionRef="r3"/><RegionRefIndexed index="1" regionRef="r1"/></OrderedGroup></ReadingOrder><TextRegion id="r1" type="paragraph" orientation="-0.0"><Coords points="354,142 353,143 351,143 350,144 348,144 348,148 347,149 186,149 186,1599 942,1599 943,1600 978,1600 979,1599 1007,1599 1007,1588 1008,1587 1009,1587 1010,1586 1015,1586 1015,1574 1013,1572 1013,1560 1012,1559 1012,1558 1010,1556 1010,1555 1008,1555 1007,1554 1007,1543 1008,1542 1016,1542 1016,1523 1015,1522 1015,1513 1013,1511 1011,1511 1010,1510 1010,1509 1008,1509 1007,1508 1007,1496 1008,1495 1013,1495 1013,1475 1012,1474 1012,1472 1010,1470 1010,1467 1011,1466 1011,1455 1013,1453 1015,1453 1015,1452 1016,1451 1016,1438 1012,1434 1012,1433 1011,1433 1010,1432 1008,1432 1007,1431 1007,1400 1008,1399 1011,1399 1012,1398 1013,1398 1014,1397 1015,1397 1016,1396 1016,1387 1013,1384 1008,1384 1007,1383 1007,1361 1008,1360 1011,1360 1015,1356 1015,1348 1018,1345 1018,1336 1017,1335 1017,1334 1016,1334 1014,1332 1013,1332 1011,1330 1008,1330 1007,1329 1007,1317 1008,1316 1015,1316 1016,1315 1016,1294 1015,1293 1015,1287 1016,1286 1016,1276 1015,1275 1014,1275 1013,1274 1008,1274 1007,1273 1007,1270 1008,1269 1016,1269 1017,1268 1017,1259 1015,1257 1014,1257 1013,1256 1013,1243 1011,1241 1010,1241 1009,1240 1009,1239 1008,1239 1007,1238 1007,1233 1008,1232 1011,1232 1013,1230 1015,1230 1016,1229 1023,1229 1024,1228 1024,1217 1023,1217 1022,1216 1022,1212 1020,1210 1019,1210 1018,1209 1017,1209 1016,1208 1008,1208 1007,1207 1007,1188 1008,1187 1011,1187 1011,1186 1017,1180 1017,1165 1016,1164 1015,1164 1014,1163 1008,1163 1007,1162 1007,1136 1008,1135 1009,1135 1010,1134 1012,1134 1016,1130 1017,1130 1017,1122 1019,1120 1019,1107 1018,1106 1016,1106 1015,1105 1012,1105 1011,1104 1008,1104 1007,1103 1007,1092 1008,1091 1019,1091 1020,1090 1022,1090 1022,1081 1020,1081 1019,1080 1019,1063 1018,1062 1017,1062 1016,1061 1015,1061 1014,1060 1012,1060 1011,1059 1008,1059 1007,1058 1007,1045 1008,1044 1016,1044 1017,1043 1017,1042 1018,1041 1018,1017 1017,1016 1016,1016 1013,1013 1008,1013 1007,1012 1007,1001 1008,1000 1012,1000 1012,999 1013,998 1016,998 1018,996 1018,995 1019,994 1019,988 1020,987 1021,987 1022,986 1022,975 1020,973 1019,973 1018,972 1018,971 1017,970 1017,969 1008,969 1007,968 1007,955 1008,954 1012,954 1013,953 1014,953 1016,951 1016,950 1017,949 1018,950 1018,951 1019,952 1019,953 1053,953 1053,942 1019,942 1018,941 1018,938 1019,937 1019,927 1017,927 1016,926 1016,925 1015,925 1014,924 1008,924 1007,923 1007,909 1008,908 1018,908 1019,907 1020,907 1020,895 1019,894 1013,894 1012,893 1013,892 1014,892 1015,891 1016,891 1016,890 1017,889 1017,878 1008,878 1007,877 1007,864 1008,863 1015,863 1016,862 1016,861 1018,859 1020,859 1020,848 1019,847 1019,841 1017,839 1017,838 1015,836 1015,835 1014,834 1013,834 1012,833 1008,833 1007,832 1007,814 1008,813 1019,813 1023,809 1023,799 1022,798 1022,797 1019,797 1018,796 1008,796 1007,795 1007,775 1008,774 1012,774 1012,773 1013,772 1015,772 1015,771 1016,770 1016,769 1018,767 1018,761 1019,760 1019,747 1017,745 1016,745 1015,744 1015,743 1013,743 1012,742 1008,742 1007,741 1007,729 1008,728 1015,728 1019,724 1019,715 1020,714 1020,703 1019,703 1018,702 1018,701 1017,700 1017,699 1016,699 1015,698 1008,698 1007,697 1007,684 1008,683 1010,683 1011,682 1016,682 1018,680 1019,680 1019,668 1017,666 1015,666 1014,665 1014,664 1016,662 1016,652 1015,651 1008,651 1007,650 1007,647 1008,646 1011,646 1013,644 1015,644 1016,643 1016,642 1018,640 1021,640 1022,639 1022,630 1020,628 1020,626 1019,625 1019,611 1018,611 1017,610 1017,609 1016,608 1008,608 1007,607 1007,590 1008,589 1008,587 1009,586 1012,586 1013,585 1020,585 1020,584 1022,582 1022,573 1020,571 1019,571 1018,570 1008,570 1007,569 1007,547 1008,546 1017,546 1019,544 1019,524 1018,523 1018,519 1017,519 1016,518 1016,516 1015,516 1014,515 1008,515 1007,514 1007,496 1008,495 1019,495 1020,494 1021,494 1022,493 1022,484 1020,482 1020,480 1008,480 1007,479 1007,454 1008,453 1019,453 1019,452 1020,451 1020,449 1022,447 1022,435 1020,435 1019,434 1008,434 1007,433 1007,413 1008,412 1015,412 1016,411 1017,411 1017,410 1018,409 1018,396 1017,395 1017,388 1016,388 1011,383 1011,382 1010,382 1009,381 1008,381 1007,380 1007,321 1008,320 1017,320 1018,319 1018,309 1016,307 1016,296 1014,294 1013,294 1011,292 1010,292 1009,291 1009,290 1008,290 1007,289 1007,270 1008,269 1013,269 1014,268 1015,268 1016,267 1016,254 1015,253 1008,253 1007,252 1007,232 1008,231 1010,231 1013,228 1013,206 1012,205 1012,204 1011,203 1010,203 1007,200 1007,189 1009,187 1011,187 1011,185 1012,184 1012,171 1011,171 1010,170 1008,170 1007,169 1007,149 881,149 880,148 880,147 879,146 879,145 878,144 843,144 842,145 842,146 841,147 841,148 840,149 791,149 790,148 790,146 789,145 789,144 787,144 786,143 785,143 784,142 749,142 748,143 745,143 744,144 742,144 742,146 739,149 527,149 526,148 526,144 462,144 461,145 461,148 460,149 391,149 390,148 390,143 389,142"/><TextEquiv><Unicode/></TextEquiv><TextLine id="r1_l001"><Coords points="225,147 997,147 997,191 225,191"/><TextEquiv index="1"><Unicode>“tous deux. Vous avez un frere jumeau.</Unicode></TextEquiv></TextLine><TextLine id="r1_l002"><Coords points="226,193 998,193 998,235 226,235"/><TextEquiv index="1"><Unicode>“On l'a cru mort; il vit, &amp; c'eſt votre</Unicode></TextEquiv></TextLine><TextLine id="r1_l003"><Coords points="562,282 557,278 557,277 557,276 548,276 547,276 547,273 547,272 540,272 539,271 507,271 506,270 477,270 476,271 476,276 474,278 472,277 472,272 472,271 434,271 433,272 433,274 432,275 432,276 430,278 430,279 427,282 422,282 420,281 420,280 419,278 418,278 417,278 417,272 417,271 357,271 356,272 355,271 334,271 333,270 292,270 291,271 235,271 234,272 230,272 227,270 227,260 225,258 226,257 226,254 227,253 231,253 232,252 233,252 234,251 246,251 247,250 286,250 286,250 286,243 287,242 287,240 289,238 292,238 292,239 292,249 293,249 337,249 337,249 337,242 338,241 338,240 339,239 340,239 341,238 342,238 343,237 345,237 347,239 396,239 397,238 398,240 398,249 399,249 474,249 475,248 494,248 494,248 494,247 495,246 495,244 496,243 496,242 501,237 502,237 503,236 508,236 509,237 510,237 511,238 512,238 512,239 512,241 513,241 540,241 544,237 546,237 547,236 552,236 553,237 554,237 554,238 554,239 555,240 555,248 556,248 577,248 578,249 607,249 608,250 632,250 636,255 636,256 637,256 665,256 669,252 670,252 673,249 687,249 687,249 687,242 689,240 692,240 693,239 719,239 720,238 722,238 723,237 729,237 730,239 730,249 731,249 791,249 792,250 829,250 831,248 831,245 832,244 832,243 835,240 836,240 838,238 839,238 840,237 846,237 849,241 849,250 850,250 876,250 877,249 898,249 899,248 911,248 912,247 912,245 915,242 915,241 917,239 918,239 919,238 921,238 922,237 940,237 941,238 942,238 943,240 943,249 944,249 979,249 981,252 981,253 984,256 984,257 985,257 998,257 998,258 998,259 999,260 999,263 996,266 986,266 985,267 985,271 985,271 972,271 971,272 896,272 895,271 892,271 858,271 857,272 846,272 845,271 808,271 807,272 807,273 807,273 806,273 805,272 790,272 789,271 735,271 734,272 731,272 730,271 702,271 701,272 690,272 689,271 652,271 651,272 651,274 648,277 647,277 646,278 645,278 643,277 643,273 643,272 627,272 626,271 579,271 578,272 578,275 576,277 576,278 575,279 575,280 575,280 574,280 573,281 571,281 570,282"/><TextEquiv index="1"><Unicode>“rival. Voyez ſa figure, obſervez ſa reſſem-</Unicode></TextEquiv></TextLine><TextLine id="r1_l004"><Coords points="823,334 823,318 823,317 806,317 804,319 803,318 802,318 801,317 800,317 799,316 778,316 777,315 737,315 736,316 722,316 721,317 688,317 687,316 659,316 658,317 641,317 640,318 639,318 638,317 635,317 630,312 603,312 602,313 602,315 601,316 601,319 596,324 595,324 594,325 592,325 591,324 590,324 589,324 589,317 589,316 536,316 535,317 534,316 523,316 522,317 522,321 522,321 521,321 520,321 520,317 520,316 514,316 511,314 511,313 511,312 483,312 480,315 479,315 478,316 477,316 476,317 472,317 471,318 471,319 469,321 468,321 468,317 468,316 453,316 452,315 429,315 424,315 423,316 403,316 402,317 402,329 402,329 397,329 396,329 396,317 396,316 381,316 380,317 376,317 375,316 326,316 325,317 325,318 325,318 323,316 279,316 278,317 244,317 243,318 241,318 240,319 240,321 240,321 239,321 238,322 237,323 237,324 236,325 234,325 232,324 232,319 232,318 228,318 227,318 227,317 226,316 226,315 227,314 227,312 228,311 228,305 229,304 229,302 232,299 233,299 234,298 245,298 246,297 269,297 269,297 269,289 270,288 270,287 272,285 275,285 276,284 297,284 298,283 300,283 301,282 302,284 302,286 303,287 303,295 304,295 336,295 337,294 341,294 342,295 377,295 378,294 379,295 414,295 415,294 537,294 538,293 565,293 567,295 578,295 579,296 580,296 580,297 580,298 581,299 581,307 582,307 596,307 597,308 620,308 620,308 620,307 621,306 627,306 627,306 627,305 628,304 628,302 630,300 630,291 631,290 631,287 634,284 636,284 637,283 640,283 641,284 642,284 643,285 644,285 645,287 645,289 646,290 646,291 647,292 647,294 648,294 657,294 658,295 687,295 688,294 704,294 704,294 704,293 705,292 705,289 710,284 711,284 713,282 719,282 722,285 723,285 723,286 723,294 724,294 747,294 748,295 776,295 777,294 780,294 780,294 780,285 782,283 783,283 784,282 785,282 786,281 787,282 788,282 788,283 788,285 790,287 790,294 791,294 803,294 804,295 839,295 841,293 842,293 844,295 880,295 880,296 880,297 881,297 909,297 910,296 911,296 912,295 915,295 915,295 915,286 916,285 917,285 918,284 920,284 921,283 922,283 923,282 924,282 925,283 926,283 926,284 926,292 928,293 930,293 930,294 930,295 931,295 967,295 967,295 967,288 970,285 971,285 972,284 974,284 975,283 976,283 977,285 977,291 978,292 978,295 979,295 993,295 994,296 995,296 999,301 999,302 1000,303 1000,313 1002,315 1001,316 1000,316 999,317 976,317 975,316 951,316 947,316 946,317 918,317 917,316 912,316 911,315 910,315 906,312 906,309 905,308 905,307 904,306 904,303 904,302 879,302 878,303 878,315 876,317 827,317 826,318 826,334 825,335"/><TextEquiv index="1"><Unicode>“blance avec vous, &amp; oſez douter de la</Unicode></TextEquiv></TextLine><TextLine id="r1_l005"><Coords points="228,330 450,330 450,374 228,374"/><TextEquiv index="1"><Unicode>“parenté.“</Unicode></TextEquiv></TextLine><TextLine id="r1_l006"><Coords points="576,419 575,419 575,414 575,413 347,413 346,413 346,408 346,407 237,407 236,407 237,406 237,404 238,403 281,403 281,403 281,386 281,385 276,385 275,384 274,384 273,384 274,383 274,377 275,376 277,376 278,375 387,375 388,374 533,374 535,372 646,372 646,372 646,361 647,360 649,360 650,362 650,370 651,370 877,370 879,372 923,372 924,373 976,373 976,374 976,375 977,375 978,376 979,376 979,377 979,384 980,384 990,384 991,385 992,385 993,386 994,386 995,388 995,389 999,392 1000,392 1000,393 1000,400 1001,401 1001,403 1002,404 1000,406 1000,407 1000,407 999,407 998,408 874,408 873,409 852,409 851,410 851,417 850,418 586,418 585,419"/><TextEquiv index="1"><Unicode>Tout le monde paroiſſoit frappé de la</Unicode></TextEquiv></TextLine><TextLine id="r1_l007"><Coords points="967,465 966,465 966,453 966,452 953,452 952,451 951,451 949,449 920,449 919,450 919,451 917,453 902,453 901,452 834,452 831,452 830,453 797,453 796,452 793,452 792,451 790,451 789,450 757,450 756,451 754,451 753,452 737,452 736,453 736,455 736,455 734,455 733,456 732,456 732,452 732,451 703,451 702,452 701,452 700,451 660,451 659,452 624,452 623,451 602,451 591,451 590,452 584,452 583,451 548,451 546,453 544,453 543,452 515,452 514,453 514,461 513,462 504,462 502,461 502,453 502,452 469,452 468,453 467,453 466,452 430,452 429,453 429,454 429,454 428,453 393,453 392,452 319,452 318,453 316,453 315,452 278,452 277,453 246,453 245,454 245,459 245,459 244,459 243,459 243,454 243,453 237,453 236,453 236,452 234,450 234,448 233,447 233,444 231,442 231,441 230,440 230,438 230,437 228,437 227,436 226,436 225,436 225,432 227,430 245,430 246,429 247,430 286,430 286,430 286,422 289,419 307,419 308,418 310,418 311,417 312,417 313,418 314,418 315,419 316,419 316,420 316,421 317,422 317,431 318,431 361,431 361,431 361,424 364,421 366,421 367,420 388,420 389,419 390,419 391,418 392,418 392,419 392,422 393,423 393,430 394,430 452,430 453,431 499,431 500,430 538,430 538,430 538,422 540,420 574,420 575,419 585,419 586,420 587,420 588,422 588,431 589,431 621,431 623,429 625,429 626,430 670,430 671,429 734,429 734,429 734,423 735,422 735,420 736,419 739,419 740,418 741,420 741,428 742,428 753,428 753,429 753,430 755,431 757,431 758,432 788,432 789,431 792,431 793,430 793,422 795,420 796,420 797,419 799,419 800,418 801,418 802,419 803,419 803,420 803,429 805,430 842,430 843,431 884,431 884,431 884,422 885,421 887,421 889,419 893,419 894,421 894,427 895,428 895,431 896,431 911,431 912,432 913,432 914,434 914,438 915,438 946,438 946,438 946,437 947,436 947,435 951,431 952,431 953,430 954,430 954,430 954,421 955,420 956,420 957,419 960,419 961,418 979,418 979,418 979,417 980,416 981,416 982,415 983,416 985,416 987,419 987,438 988,438 1002,438 1003,439 1004,439 1005,441 1005,443 1004,444 1004,447 1003,448 986,448 985,449 985,450 983,452 982,452 981,453 978,453 977,454 976,454 974,452 973,452 972,453 972,465 972,465"/><TextEquiv index="1"><Unicode>vraiſemblance qui ſe trouvoit dans la dé-</Unicode></TextEquiv></TextLine><TextLine id="r1_l008"><Coords points="675,509 674,509 674,504 674,503 241,503 240,504 239,504 238,504 238,499 238,498 237,498 236,497 234,497 233,496 232,496 231,495 230,495 227,493 227,492 225,490 225,488 229,484 229,483 234,478 234,477 235,476 351,476 352,475 406,475 406,475 406,466 407,465 408,465 409,464 410,464 411,463 826,463 828,465 972,465 974,468 974,469 975,470 975,476 976,476 978,476 980,479 980,480 981,481 981,484 982,484 1002,484 1003,485 1004,485 1004,486 1004,488 1005,489 1003,491 1002,491 1001,492 986,492 985,493 985,495 984,496 984,497 984,497 983,497 982,498 950,498 948,500 742,500 741,501 741,506 739,508 681,508 680,509"/><TextEquiv index="1"><Unicode>couverte de Noirville. Je prends tout-à-</Unicode></TextEquiv></TextLine><TextLine id="r1_l009"><Coords points="240,556 239,556 239,555 238,554 238,544 238,543 236,543 235,542 234,542 232,540 231,540 228,538 228,537 227,536 227,532 228,531 228,530 230,528 230,527 231,526 231,525 232,524 233,524 235,522 239,522 240,521 286,521 287,522 349,522 350,521 404,521 405,520 505,520 506,519 513,519 513,519 513,512 515,510 519,510 520,511 578,511 578,512 578,520 579,520 653,520 653,520 653,516 654,515 654,513 656,511 673,511 673,511 673,510 674,509 686,509 687,508 688,508 689,507 690,509 690,514 691,515 691,520 692,520 746,520 747,521 827,521 828,520 855,520 855,520 855,516 856,515 856,514 857,513 861,513 861,514 861,519 862,519 906,519 906,520 906,521 907,521 971,521 972,520 989,520 990,519 996,519 997,520 998,520 999,522 999,523 1000,523 1001,523 1001,524 1001,525 1002,526 1002,541 1002,541 1001,541 1000,542 927,542 926,543 869,543 868,544 831,544 830,545 829,545 829,544 829,543 827,543 826,542 769,542 768,543 762,543 761,542 662,542 631,542 630,543 454,543 453,544 453,551 452,552 445,552 444,553 443,553 440,551 440,543 440,542 358,542 357,543 306,543 305,544 305,556 305,556"/><TextEquiv index="1"><Unicode>coup mon parti. Je m'élance comme un</Unicode></TextEquiv></TextLine><TextLine id="r1_l010"><Coords points="439,600 438,600 438,589 438,588 236,588 235,587 234,587 228,581 227,581 226,581 228,579 228,573 230,571 231,571 232,570 232,568 233,567 235,567 236,566 238,566 238,566 238,559 239,558 239,557 240,556 357,556 358,555 450,555 451,554 621,554 622,553 784,553 786,555 954,555 955,557 955,565 956,565 984,565 985,566 986,566 987,567 988,567 988,568 988,574 989,574 1002,574 1005,578 1004,579 1004,580 1003,581 997,581 996,582 992,582 991,583 991,585 990,586 990,587 990,587 982,587 981,588 807,588 806,589 528,589 527,590 527,600 527,600"/><TextEquiv index="1"><Unicode>éclair dans les bras de mon frere. „Em-</Unicode></TextEquiv></TextLine><TextLine id="r1_l011"><Coords points="500,645 499,645 499,633 499,632 489,632 469,632 468,633 468,634 467,635 467,636 465,638 464,638 462,640 459,640 458,640 458,639 457,638 457,634 457,633 407,633 406,634 406,638 406,638 405,638 405,634 405,633 244,633 243,634 243,642 242,643 242,645 242,645 240,645 239,645 239,636 239,635 230,635 229,635 229,634 228,633 229,632 229,617 230,616 230,611 231,610 258,610 258,610 258,604 260,602 261,602 262,601 266,601 266,602 266,604 267,605 267,611 268,611 321,611 321,611 321,610 322,609 322,607 323,606 323,605 328,600 329,600 330,599 345,599 346,598 347,598 348,599 349,599 351,602 351,613 352,613 383,613 384,612 389,612 390,611 435,611 435,611 435,603 436,602 436,601 437,600 442,600 442,601 442,602 443,603 443,622 444,623 444,624 445,624 486,624 486,624 486,603 488,601 489,601 490,600 491,600 492,599 495,599 496,600 527,600 528,602 528,611 529,611 562,611 562,611 562,602 565,599 568,599 569,598 570,598 571,599 581,599 583,602 583,611 584,611 615,611 615,611 615,603 616,602 616,601 618,599 620,599 622,601 624,601 625,603 625,610 626,610 638,610 639,611 640,611 641,612 642,612 642,613 642,614 644,616 644,618 645,619 645,624 646,624 695,624 695,624 695,616 696,615 696,614 697,613 698,613 699,612 700,612 701,611 709,611 710,610 722,610 723,611 762,611 763,610 765,610 766,611 767,611 768,612 811,612 811,612 811,604 813,602 814,602 815,601 816,601 817,600 819,600 820,602 820,612 821,612 857,612 858,611 892,611 893,610 893,608 894,607 894,606 900,600 903,600 904,599 906,599 907,600 908,600 909,601 910,601 911,602 912,602 913,604 913,611 914,611 956,611 957,612 999,612 1000,614 1000,615 1001,615 1002,615 1003,617 1003,631 1004,632 1004,634 1005,635 1004,636 1002,636 998,640 997,640 995,642 993,642 991,641 991,634 991,633 933,633 932,634 931,634 930,635 930,636 930,636 929,636 927,634 898,634 897,633 891,633 890,632 849,632 848,633 802,633 801,632 721,632 717,632 716,633 715,633 714,632 675,632 672,635 672,636 668,640 665,640 664,640 664,639 663,638 663,635 663,634 621,634 620,635 620,636 617,639 617,640 616,641 616,642 616,642 613,640 613,633 613,632 562,632 561,631 530,631 529,632 517,632 516,633 508,633 507,632 503,632 502,633 502,645 502,645"/><TextEquiv index="1"><Unicode>“braſſe-moi, lui dis-je, mon cher frere;</Unicode></TextEquiv></TextLine><TextLine id="r1_l012"><Coords points="262,690 258,687 258,681 258,680 231,680 229,679 229,655 230,654 238,654 238,654 238,646 239,645 333,645 334,644 335,644 336,645 909,645 911,643 914,643 915,644 979,644 980,645 982,645 985,649 985,651 986,651 989,651 989,652 989,655 990,655 998,655 999,657 999,670 1002,673 1002,674 1003,675 1002,676 1001,676 999,678 994,678 993,679 981,679 980,680 943,680 942,681 942,682 940,684 940,685 939,686 937,686 936,687 840,687 838,689 688,689 687,688 271,688 269,690"/><TextEquiv index="1"><Unicode>“pardonne-moi tout ce qui s'eſt paſſé, &amp;</Unicode></TextEquiv></TextLine><TextLine id="r1_l013"><Coords points="941,736 940,736 940,724 940,723 935,723 934,724 911,724 910,725 885,725 883,723 809,723 808,724 795,724 794,725 793,725 791,723 604,723 603,722 555,722 554,723 553,723 552,722 432,722 409,722 408,723 318,723 317,724 283,724 282,725 282,733 281,734 273,734 270,732 270,726 270,725 233,725 232,724 231,724 229,723 231,721 231,707 232,706 232,702 233,701 347,701 348,700 350,700 351,701 404,701 405,700 433,700 434,699 434,697 436,695 436,694 437,693 437,692 438,691 439,691 440,690 445,690 446,689 448,689 449,690 470,690 470,691 470,693 471,694 471,699 472,699 481,699 482,700 483,700 484,701 549,701 549,701 549,693 550,692 551,692 552,691 555,691 556,690 577,690 578,689 607,689 608,688 613,688 613,689 613,691 614,691 660,691 661,690 663,690 664,691 666,691 670,696 670,701 671,701 718,701 719,700 738,700 738,700 738,693 740,691 741,691 742,690 744,690 745,689 746,690 789,690 789,691 789,702 790,702 885,702 885,702 885,694 886,693 909,693 910,692 911,692 912,691 931,691 931,691 931,690 933,688 937,688 937,689 937,690 938,690 980,690 980,691 980,692 981,693 981,697 982,698 982,702 983,702 998,702 999,703 1000,703 1001,705 1001,706 1003,707 1004,707 1004,708 1004,710 1003,711 1003,719 998,724 991,724 990,723 947,723 946,724 946,736 946,736"/><TextEquiv index="1"><Unicode>“que tout ſoit oublié. Prends la moitié de</Unicode></TextEquiv></TextLine><TextLine id="r1_l014"><Coords points="295,780 294,780 294,769 294,768 246,768 245,769 245,774 243,776 241,775 241,770 241,769 232,769 230,768 231,767 231,752 232,751 232,747 233,746 242,746 243,745 245,745 246,746 247,746 248,747 302,747 303,746 330,746 331,745 333,747 360,747 360,747 360,739 362,737 365,737 366,736 387,736 388,735 391,735 392,737 392,746 393,746 425,746 426,745 430,745 433,749 433,754 435,756 435,758 436,758 481,758 481,758 481,754 482,753 482,752 483,751 483,740 484,739 484,738 487,735 491,735 492,734 493,735 494,735 495,736 496,736 497,738 497,742 498,743 498,744 499,744 528,744 528,744 528,737 529,736 531,736 532,735 534,735 535,734 536,735 583,735 584,734 597,734 598,733 600,733 601,734 603,734 604,735 634,735 634,735 634,734 635,733 638,733 640,736 640,737 641,738 641,740 642,741 642,742 643,743 643,744 644,745 644,747 646,748 647,748 647,749 647,750 648,751 648,753 649,754 649,755 650,756 650,757 652,758 683,758 683,758 683,737 684,736 685,737 722,737 723,736 724,736 726,734 729,734 729,735 729,736 730,736 740,736 740,737 740,738 741,739 741,747 742,747 781,747 781,747 781,738 782,737 783,737 784,736 786,736 787,735 790,735 790,736 790,742 792,744 792,746 793,746 829,746 829,746 829,740 831,738 832,738 833,737 834,737 835,736 836,736 837,735 838,735 839,736 850,736 851,737 863,737 863,738 863,747 864,747 868,747 869,748 919,748 920,747 921,747 922,746 935,746 935,746 935,740 936,739 939,739 940,738 940,737 941,736 975,736 976,735 980,735 980,736 980,739 981,740 981,747 982,747 996,747 997,748 998,748 999,749 1000,749 1002,752 1002,756 1001,757 1001,763 999,765 999,766 998,767 998,768 998,768 997,768 996,769 942,769 941,770 892,770 891,771 890,770 888,770 887,769 796,769 795,768 781,768 755,768 754,769 738,769 737,768 723,768 685,768 684,769 683,768 602,768 601,767 567,767 566,768 555,768 554,769 554,771 554,771 552,771 550,770 550,769 550,768 545,768 544,767 496,767 495,768 463,768 462,769 460,769 456,773 455,773 453,775 452,775 449,773 449,768 449,767 410,767 409,768 362,768 360,766 321,766 320,767 307,767 306,768 300,768 299,769 299,779 298,780"/><TextEquiv index="1"><Unicode>“mon bien, &amp; laiſſe à Julie la liberté de</Unicode></TextEquiv></TextLine><TextLine id="r1_l015"><Coords points="324,826 324,814 324,813 295,813 294,814 292,814 291,813 238,813 237,814 235,814 234,815 232,815 231,815 231,814 230,813 230,812 232,810 232,792 233,791 242,791 243,790 269,790 269,790 269,784 270,783 270,782 271,781 273,781 274,780 275,780 276,779 278,779 279,780 347,780 348,779 349,780 350,780 350,781 350,790 352,791 455,791 456,790 457,790 458,789 459,790 461,790 462,791 518,791 519,790 573,790 574,791 619,791 619,791 619,782 620,781 621,781 622,780 624,780 625,779 626,779 627,781 627,791 628,791 692,791 693,792 694,792 694,793 694,794 695,794 752,794 752,794 752,784 754,782 771,782 772,781 775,781 776,782 780,782 780,783 780,785 781,786 781,792 782,792 829,792 830,791 868,791 868,791 868,785 869,784 869,783 870,782 872,782 873,781 877,781 877,782 877,783 878,783 879,783 879,784 879,793 880,793 946,793 947,792 986,792 987,794 987,795 988,796 988,800 989,800 1001,800 1002,801 1005,801 1005,802 1005,803 1006,804 1006,806 1006,806 1005,806 1002,809 1002,810 1002,810 991,810 990,811 990,813 989,814 965,814 964,815 897,815 896,814 844,814 843,813 793,813 792,814 686,814 685,813 624,813 623,812 544,812 543,811 526,811 525,812 525,825 525,825 524,825 523,825 523,812 523,811 493,811 491,813 488,813 487,812 424,812 423,813 422,813 421,814 420,814 419,813 416,813 415,812 370,812 369,813 368,813 367,814 363,814 362,813 326,813 325,814 325,826 325,826"/><TextEquiv index="1"><Unicode>“décider entre nous deux.“ Toute la com-</Unicode></TextEquiv></TextLine><TextLine id="r1_l016"><Coords points="312,872 311,871 283,871 282,870 232,870 230,869 230,843 229,842 230,841 230,840 232,838 234,838 235,837 321,837 321,837 321,828 323,826 446,826 447,825 448,825 449,824 811,824 812,825 813,825 814,826 871,826 871,827 871,829 873,831 873,835 874,836 874,837 875,837 996,837 998,840 998,841 1003,846 1003,852 1004,853 1004,855 1004,855 1002,855 998,859 971,859 970,860 715,860 714,859 430,859 429,860 429,868 429,868 428,868 427,869 322,869 321,870 321,872 321,872"/><TextEquiv index="1"><Unicode>pagnie applaudit à la franchiſe de mon</Unicode></TextEquiv></TextLine><TextLine id="r1_l017"><Coords points="717,916 714,914 714,905 714,904 655,904 654,905 653,905 651,903 555,903 554,902 511,902 510,903 510,908 509,909 507,908 507,903 507,902 505,902 504,903 477,903 476,904 475,904 474,905 474,906 474,906 473,906 472,907 470,906 470,905 470,904 424,904 423,905 423,914 423,914 418,914 417,914 417,905 417,904 326,904 325,905 325,913 324,914 316,914 314,913 314,905 314,904 247,904 246,903 235,903 233,902 233,901 232,900 232,889 230,887 231,886 231,885 234,882 235,882 237,880 239,882 305,882 305,882 305,881 306,880 306,878 307,877 307,876 311,872 321,872 322,874 322,882 323,882 379,882 380,881 382,881 385,884 426,884 426,884 426,873 427,872 456,872 457,871 459,871 460,872 462,872 462,873 462,882 463,882 539,882 540,881 541,881 542,882 554,882 554,882 554,872 556,870 557,870 558,871 559,871 559,872 559,882 560,882 604,882 604,882 604,874 606,872 608,872 610,870 613,870 613,871 613,872 614,873 614,877 615,878 615,882 616,882 679,882 680,883 762,883 763,882 800,882 801,881 837,881 837,882 837,883 838,883 904,883 904,883 904,875 906,873 907,873 908,872 942,872 944,870 947,870 947,871 947,872 948,872 984,872 985,873 986,873 987,874 988,874 990,877 990,882 991,882 1000,882 1000,883 1000,898 1001,898 1003,898 1003,899 1003,900 1004,901 1004,902 1003,903 1002,903 1001,904 987,904 986,905 984,905 983,906 917,906 916,907 915,906 896,906 895,905 877,905 876,904 835,904 834,903 786,903 785,904 785,905 785,905 750,905 749,906 726,906 725,907 725,915 725,915 722,915 721,916"/><TextEquiv index="1"><Unicode>tranſport. Mon rival en parut touché &amp;</Unicode></TextEquiv></TextLine><TextLine id="r1_l018"><Coords points="271,962 270,962 270,952 270,951 245,951 244,950 243,950 242,949 238,949 237,948 236,948 235,948 235,947 234,946 234,944 232,942 232,937 233,936 233,935 234,934 234,933 235,932 235,931 237,929 238,929 239,928 240,928 241,927 288,927 288,927 288,920 289,919 290,919 291,918 293,918 294,917 392,917 393,916 394,916 395,915 417,915 418,914 597,914 598,915 600,915 601,916 801,916 802,917 877,917 878,919 878,921 879,922 879,928 880,928 996,928 997,929 998,929 999,930 1000,930 1001,931 1003,931 1003,932 1001,934 1001,944 999,946 1000,946 1037,946 1037,947 1037,949 1037,949 997,949 996,950 979,950 977,952 901,952 900,953 900,954 899,955 897,957 896,957 895,958 597,958 596,959 596,961 596,961 591,961 590,960 274,960 273,961 273,962 273,962"/><TextEquiv index="1"><Unicode>embarraſſé. „Monſieur, me dit - il, vous</Unicode></TextEquiv></TextLine><TextLine id="r1_l019"><Coords points="735,1007 735,996 735,995 717,995 716,994 678,994 677,995 677,1006 677,1006 676,1006 675,1006 675,995 675,994 591,994 590,995 589,995 588,994 586,994 585,993 540,993 539,994 539,1000 538,1001 535,1001 532,1004 531,1004 529,1006 529,1007 529,1007 528,1007 527,1007 527,1006 527,1005 521,1005 518,1003 518,1002 517,1001 517,999 514,996 514,995 514,994 476,994 475,993 474,993 473,992 441,992 440,993 438,993 437,994 393,994 392,993 317,993 316,994 304,994 303,995 273,995 272,994 261,994 238,994 237,995 234,995 232,994 232,978 233,977 233,973 235,971 266,971 267,970 267,969 268,968 268,966 269,965 269,963 270,962 274,962 274,963 274,967 275,968 275,972 276,972 287,972 288,973 351,973 352,972 389,972 389,972 389,966 392,963 394,963 395,962 416,962 417,961 420,961 421,963 421,972 422,972 434,972 435,973 469,973 470,972 470,967 471,966 471,964 473,962 474,962 475,961 476,961 477,960 478,961 482,961 484,964 484,965 485,966 485,971 486,971 494,971 495,972 526,972 527,971 547,971 547,971 547,967 548,966 548,964 549,963 549,961 550,960 554,960 554,961 554,962 555,963 555,972 556,972 588,972 588,972 588,967 589,966 589,965 590,964 590,962 591,961 595,961 595,962 595,972 596,972 675,972 676,974 676,987 677,987 712,987 714,985 719,985 719,985 719,965 721,963 732,963 733,964 734,964 734,965 734,973 735,973 782,973 783,972 804,972 805,973 808,973 809,974 886,974 886,974 886,965 888,963 889,963 890,962 891,963 892,963 892,964 892,966 893,967 893,974 894,974 928,974 929,973 929,970 931,968 931,967 935,963 936,963 937,962 964,962 965,963 966,963 966,964 966,973 967,973 998,973 999,974 1000,974 1005,980 1005,982 1004,983 1003,983 1002,984 1002,990 1001,991 1001,992 999,994 997,994 996,995 975,995 974,996 943,996 942,997 940,995 890,995 889,996 888,995 850,995 849,996 849,1005 849,1005 848,1005 847,1006 842,1006 841,1005 840,1005 838,1004 838,995 838,994 809,994 808,995 803,995 802,994 750,994 749,995 739,995 738,996 738,997 737,998 737,1006 736,1007"/><TextEquiv index="1"><Unicode>“êtes noble &amp; généreux. Je ne puis faire</Unicode></TextEquiv></TextLine><TextLine id="r1_l020"><Coords points="708,1051 707,1050 592,1050 589,1048 589,1041 589,1040 261,1040 254,1040 253,1041 253,1048 250,1051 249,1051 248,1050 246,1050 245,1050 245,1047 242,1044 242,1041 242,1040 234,1040 232,1039 232,1037 233,1036 233,1017 234,1016 407,1016 407,1016 407,1008 408,1007 409,1007 410,1006 435,1006 436,1005 438,1005 439,1006 678,1006 679,1007 886,1007 887,1008 945,1008 945,1009 945,1010 946,1010 956,1010 957,1011 958,1011 958,1012 958,1013 960,1015 960,1018 961,1018 997,1018 999,1020 1000,1020 1002,1023 1002,1031 1001,1032 1001,1037 1000,1038 1000,1039 1000,1039 999,1039 998,1040 973,1040 972,1041 766,1041 765,1042 765,1050 765,1050 761,1050 760,1051"/><TextEquiv index="1"><Unicode>“une meilleure acquiſition que celle d'un</Unicode></TextEquiv></TextLine><TextLine id="r1_l021"><Coords points="442,1096 442,1083 442,1082 412,1082 411,1083 351,1083 350,1084 350,1095 350,1095 349,1095 348,1095 348,1084 348,1083 239,1083 236,1086 235,1086 231,1083 232,1082 232,1065 233,1064 233,1063 234,1062 242,1062 243,1061 264,1061 265,1060 265,1057 272,1050 281,1050 282,1051 283,1051 284,1053 284,1062 285,1062 316,1062 317,1061 318,1062 376,1062 378,1060 402,1060 402,1060 402,1055 405,1052 407,1052 408,1051 409,1051 410,1050 411,1052 411,1059 412,1060 412,1061 413,1061 482,1061 483,1062 506,1062 507,1063 557,1063 558,1062 604,1062 605,1063 618,1063 619,1064 671,1064 672,1063 722,1063 722,1063 722,1054 724,1052 727,1052 728,1054 728,1055 729,1056 729,1063 730,1063 874,1063 875,1064 925,1064 926,1063 926,1056 929,1053 931,1053 932,1052 934,1052 935,1051 936,1051 937,1053 937,1063 938,1063 995,1063 996,1064 997,1064 998,1065 999,1065 1000,1066 1001,1066 1002,1068 1002,1085 1003,1085 1005,1085 1005,1086 1005,1086 1004,1086 1002,1088 1001,1088 1001,1086 1001,1085 955,1085 954,1086 949,1086 948,1085 887,1085 886,1086 886,1087 885,1088 885,1089 885,1089 884,1088 883,1088 881,1087 881,1086 881,1085 828,1085 826,1087 826,1088 825,1089 825,1092 823,1094 822,1094 821,1095 815,1095 813,1094 813,1085 813,1084 729,1084 728,1085 716,1085 715,1084 644,1084 643,1085 624,1085 623,1084 613,1084 612,1083 571,1083 569,1081 509,1081 507,1083 469,1083 468,1084 468,1091 467,1092 466,1092 465,1093 458,1093 456,1092 456,1083 456,1082 444,1082 443,1083 443,1096 443,1096"/><TextEquiv index="1"><Unicode>“frere tel que vous: mais voyons donc</Unicode></TextEquiv></TextLine><TextLine id="r1_l022"><Coords points="611,1141 610,1140 609,1140 608,1140 608,1139 608,1138 591,1138 590,1138 590,1130 590,1129 256,1129 255,1130 255,1139 255,1139 250,1139 249,1139 249,1131 249,1130 234,1130 232,1129 232,1108 234,1106 266,1106 268,1104 268,1102 271,1099 271,1098 273,1096 274,1096 275,1095 416,1095 417,1094 418,1094 419,1095 621,1095 622,1096 630,1096 631,1097 632,1097 633,1098 975,1098 976,1097 980,1097 980,1098 980,1099 981,1100 981,1108 982,1108 994,1108 995,1109 998,1109 999,1110 1001,1110 1002,1111 1003,1111 1003,1112 1003,1115 1000,1118 1000,1126 996,1130 993,1130 992,1131 965,1131 963,1133 938,1133 936,1135 856,1135 855,1136 854,1136 852,1138 659,1138 657,1140 625,1140 624,1141"/><TextEquiv index="1"><Unicode>“ſi vous l'êtes. Expliquez - vous, M. de</Unicode></TextEquiv></TextLine><TextLine id="r1_l023"><Coords points="393,1184 392,1184 392,1174 392,1173 308,1173 307,1174 304,1174 303,1173 267,1173 266,1174 237,1174 236,1175 234,1175 232,1174 232,1172 233,1171 233,1153 234,1152 244,1152 245,1151 247,1151 247,1151 247,1144 248,1143 248,1140 249,1139 257,1139 257,1140 257,1142 258,1142 319,1142 320,1141 321,1141 322,1142 323,1142 323,1143 323,1151 324,1151 333,1151 334,1152 366,1152 366,1152 366,1143 368,1141 378,1141 379,1140 381,1140 382,1139 395,1139 395,1140 395,1142 396,1143 396,1151 397,1151 412,1151 413,1152 414,1152 417,1156 417,1159 418,1159 479,1159 480,1158 511,1158 511,1158 511,1142 512,1141 523,1141 524,1140 529,1140 530,1141 536,1141 537,1143 537,1151 538,1151 557,1151 558,1152 599,1152 599,1152 599,1150 600,1149 600,1148 601,1147 601,1145 605,1141 606,1141 607,1140 610,1140 611,1141 624,1141 624,1142 624,1143 625,1144 625,1151 626,1151 645,1151 645,1152 645,1153 647,1154 649,1154 649,1155 649,1165 650,1165 690,1165 690,1165 690,1161 691,1160 691,1157 692,1156 693,1156 694,1155 695,1155 697,1153 700,1153 700,1153 700,1145 703,1142 705,1142 706,1141 709,1141 710,1142 719,1142 720,1143 790,1143 791,1145 791,1154 792,1154 822,1154 823,1153 825,1153 825,1153 825,1144 826,1143 827,1143 829,1141 832,1141 833,1142 834,1142 834,1143 834,1153 835,1153 869,1153 869,1153 869,1148 870,1147 870,1146 873,1143 883,1143 884,1144 891,1144 892,1145 893,1145 894,1147 894,1148 895,1149 895,1150 896,1151 896,1154 897,1154 949,1154 950,1155 975,1155 977,1158 977,1167 978,1167 997,1167 998,1168 999,1168 1000,1170 1000,1175 1001,1175 1002,1175 1002,1176 1002,1176 1001,1176 1000,1177 1000,1178 1000,1178 999,1178 994,1183 992,1183 990,1182 990,1178 990,1177 946,1177 945,1176 872,1176 871,1175 845,1175 844,1174 800,1174 799,1175 717,1175 716,1174 674,1174 673,1175 673,1177 670,1180 669,1180 668,1181 665,1181 664,1181 664,1175 664,1174 631,1174 630,1175 629,1175 628,1174 624,1174 623,1173 583,1173 582,1172 551,1172 546,1172 545,1173 526,1173 525,1174 524,1173 514,1173 513,1172 512,1172 511,1171 484,1171 483,1170 482,1170 481,1170 481,1165 481,1164 458,1164 457,1165 440,1165 438,1164 438,1163 438,1162 427,1162 426,1163 426,1172 425,1173 412,1173 411,1174 396,1174 395,1175 395,1184 395,1184"/><TextEquiv index="1"><Unicode>“Noirville. -- En effet, dit M. de Bonac,</Unicode></TextEquiv></TextLine><TextLine id="r1_l024"><Coords points="320,1234 319,1234 319,1232 319,1231 299,1231 297,1230 297,1221 297,1220 269,1220 268,1221 268,1234 268,1234 267,1234 266,1234 266,1221 266,1220 257,1220 256,1221 256,1229 255,1230 253,1230 252,1230 252,1222 252,1221 234,1221 232,1220 232,1218 233,1217 233,1200 232,1199 234,1197 266,1197 266,1197 266,1195 267,1194 267,1192 270,1189 270,1188 272,1186 274,1186 275,1185 280,1185 281,1186 282,1186 282,1187 282,1198 283,1198 324,1198 325,1197 327,1197 328,1198 369,1198 369,1198 369,1197 370,1196 370,1193 371,1192 371,1191 373,1189 374,1189 374,1189 374,1188 375,1187 376,1187 377,1186 378,1186 379,1185 392,1185 393,1184 396,1184 396,1185 396,1186 397,1186 452,1186 454,1184 456,1184 457,1183 460,1183 461,1184 462,1184 464,1187 464,1194 465,1194 466,1194 467,1195 502,1195 502,1195 502,1191 503,1190 503,1189 504,1188 513,1188 515,1186 549,1186 549,1187 549,1188 550,1189 550,1197 551,1197 678,1197 678,1197 678,1189 680,1187 682,1187 683,1186 684,1186 685,1185 686,1185 687,1187 687,1188 688,1189 688,1198 689,1198 737,1198 737,1198 737,1192 738,1191 738,1189 740,1187 743,1187 744,1189 744,1190 745,1191 745,1198 746,1198 782,1198 783,1199 851,1199 851,1199 851,1191 853,1189 855,1189 856,1188 859,1188 860,1190 860,1199 861,1199 954,1199 955,1200 979,1200 982,1204 982,1205 983,1206 983,1212 984,1212 999,1212 1000,1213 1001,1213 1002,1214 1003,1214 1005,1217 1005,1222 1006,1222 1007,1222 1007,1223 1007,1224 1006,1225 999,1225 998,1226 997,1226 995,1228 994,1228 993,1229 991,1228 991,1227 990,1226 990,1224 990,1223 974,1223 973,1222 944,1222 943,1221 888,1221 886,1223 885,1223 884,1222 883,1222 882,1222 882,1221 882,1220 825,1220 824,1221 823,1221 822,1222 821,1221 791,1221 790,1220 743,1220 741,1222 741,1224 737,1228 736,1228 736,1220 736,1219 698,1219 697,1218 646,1218 645,1219 607,1219 606,1220 585,1220 584,1221 584,1227 583,1228 581,1228 580,1229 576,1229 574,1228 574,1219 574,1218 519,1218 518,1219 515,1219 514,1218 481,1218 480,1219 480,1221 480,1221 479,1221 478,1222 478,1228 478,1228 477,1228 476,1229 468,1229 466,1228 466,1219 466,1218 432,1218 431,1219 417,1219 415,1221 415,1222 414,1223 414,1224 411,1227 409,1226 409,1222 409,1221 391,1221 390,1220 387,1220 386,1219 349,1219 348,1220 348,1233 347,1234"/><TextEquiv index="1"><Unicode>“ſuppoſé juſqu'ici pere du jeune homme,</Unicode></TextEquiv></TextLine><TextLine id="r1_l025"><Coords points="253,1277 251,1276 251,1267 251,1266 235,1266 234,1266 234,1265 233,1264 233,1247 232,1246 235,1243 238,1243 239,1244 264,1244 264,1244 264,1238 265,1237 265,1235 266,1234 270,1234 270,1235 270,1237 271,1238 271,1244 272,1244 313,1244 314,1243 314,1242 315,1241 315,1239 316,1238 316,1237 319,1234 347,1234 348,1233 349,1233 349,1234 349,1243 350,1243 404,1243 405,1242 426,1242 427,1243 477,1243 478,1242 483,1242 483,1242 483,1233 486,1230 488,1230 490,1232 527,1232 528,1233 529,1233 530,1234 531,1234 534,1238 534,1239 535,1240 535,1241 537,1242 578,1242 578,1242 578,1233 579,1232 580,1232 581,1231 605,1231 606,1230 607,1231 608,1231 608,1232 608,1238 609,1239 609,1242 610,1242 621,1242 622,1243 670,1243 670,1243 670,1242 671,1241 671,1238 672,1237 672,1236 673,1235 673,1234 674,1233 675,1233 676,1232 677,1232 678,1231 685,1231 687,1234 687,1235 688,1236 688,1243 689,1243 809,1243 809,1243 809,1241 810,1240 810,1238 815,1233 816,1233 817,1232 818,1232 819,1231 822,1231 823,1232 836,1232 836,1233 836,1244 837,1244 850,1244 851,1246 851,1253 852,1254 852,1256 854,1257 900,1257 900,1257 900,1252 901,1251 901,1250 902,1249 902,1240 903,1239 903,1237 904,1236 904,1235 906,1233 907,1233 908,1232 912,1232 913,1233 914,1233 916,1236 916,1238 917,1239 917,1243 918,1243 960,1243 960,1243 960,1237 963,1234 965,1234 966,1233 969,1233 969,1234 969,1236 970,1236 981,1236 982,1238 982,1240 983,1241 983,1244 984,1244 992,1244 993,1245 995,1245 997,1248 997,1261 1000,1264 998,1266 963,1266 962,1265 957,1265 916,1265 915,1266 879,1266 873,1272 871,1272 870,1273 869,1273 867,1272 867,1266 867,1265 820,1265 819,1266 818,1265 739,1265 737,1267 736,1266 735,1266 734,1266 734,1265 734,1264 688,1264 687,1265 662,1265 661,1266 660,1266 659,1265 658,1265 657,1264 579,1264 578,1263 526,1263 525,1264 522,1264 521,1265 518,1265 517,1264 516,1264 515,1263 445,1263 444,1264 439,1264 438,1265 438,1276 438,1276 434,1276 433,1275 398,1275 397,1274 396,1274 395,1274 395,1265 395,1264 348,1264 347,1265 337,1265 336,1264 290,1264 289,1265 271,1265 269,1267 269,1268 268,1269 268,1270 267,1271 267,1272 265,1274 262,1274 261,1274 261,1267 261,1266 255,1266 254,1267 254,1277 254,1277"/><TextEquiv index="1"><Unicode>“je ſais que d'Orville eſt mon fils, &amp; l'a</Unicode></TextEquiv></TextLine><TextLine id="r1_l026"><Coords points="935,1322 933,1321 933,1313 933,1312 931,1312 930,1311 899,1311 898,1312 856,1312 855,1313 855,1320 855,1320 853,1320 852,1321 846,1321 844,1320 844,1311 844,1310 780,1310 779,1311 779,1319 777,1321 777,1322 777,1322 774,1322 770,1319 770,1311 770,1310 707,1310 706,1311 705,1311 705,1310 705,1309 668,1309 667,1310 666,1310 665,1311 664,1311 663,1310 662,1310 661,1309 600,1309 599,1310 584,1310 581,1313 581,1314 579,1316 579,1317 578,1318 576,1318 574,1317 574,1309 574,1308 538,1308 537,1309 536,1309 535,1310 534,1310 533,1309 532,1309 531,1308 500,1308 499,1309 499,1311 494,1316 493,1316 492,1317 490,1316 490,1310 490,1309 433,1309 432,1310 431,1309 428,1309 427,1308 395,1308 394,1309 323,1309 322,1310 322,1312 321,1313 321,1314 317,1318 316,1318 314,1317 314,1310 314,1309 283,1309 282,1310 256,1310 255,1311 255,1317 254,1318 254,1319 254,1319 253,1319 252,1319 252,1311 252,1310 238,1310 237,1311 234,1311 231,1309 233,1307 233,1293 234,1292 234,1289 235,1288 243,1288 244,1287 269,1287 270,1288 317,1288 317,1288 317,1280 318,1279 319,1279 320,1278 321,1278 322,1279 323,1279 323,1280 323,1288 324,1288 363,1288 364,1287 385,1287 386,1288 429,1288 430,1287 430,1282 431,1281 431,1279 432,1278 432,1277 433,1276 438,1276 438,1277 438,1278 439,1278 465,1278 466,1280 466,1287 468,1288 494,1288 495,1289 496,1289 497,1290 525,1290 525,1290 525,1285 526,1284 526,1279 529,1276 533,1276 534,1275 535,1276 537,1276 540,1280 540,1282 541,1283 541,1286 542,1286 578,1286 578,1286 578,1279 581,1276 584,1276 585,1278 585,1287 586,1287 600,1287 601,1288 642,1288 643,1287 667,1287 668,1288 733,1288 733,1288 733,1279 735,1277 738,1277 739,1279 739,1289 740,1289 774,1289 775,1288 803,1288 804,1289 849,1289 850,1288 852,1288 853,1289 898,1289 899,1288 901,1288 902,1289 976,1289 977,1288 990,1288 990,1288 990,1282 991,1281 991,1280 992,1279 993,1278 997,1278 998,1280 998,1281 999,1282 999,1311 998,1312 995,1312 994,1311 978,1311 977,1310 946,1310 945,1311 945,1321 944,1322"/><TextEquiv index="1"><Unicode>“toujours éte; &amp; je ne vois pas pourquoi</Unicode></TextEquiv></TextLine><TextLine id="r1_l027"><Coords points="879,1368 878,1368 878,1360 878,1359 860,1359 859,1359 859,1358 859,1357 854,1357 853,1356 766,1356 765,1355 434,1355 433,1356 433,1360 433,1360 299,1360 298,1361 298,1367 298,1367 294,1367 293,1367 293,1362 293,1361 254,1361 251,1359 251,1357 251,1356 235,1356 231,1353 231,1352 232,1351 233,1351 233,1351 233,1333 234,1332 261,1332 261,1332 261,1325 263,1323 264,1323 265,1322 266,1322 267,1321 549,1321 550,1320 552,1320 554,1322 790,1322 791,1323 978,1323 979,1325 979,1334 980,1334 995,1334 1000,1339 1001,1339 1001,1340 1001,1341 998,1344 998,1352 994,1356 975,1356 973,1358 885,1358 884,1359 884,1368 884,1368"/><TextEquiv index="1"><Unicode>“l'on veut m'enlever mon fils. Noirville</Unicode></TextEquiv></TextLine><TextLine id="r1_l028"><Coords points="964,1412 963,1411 961,1411 960,1411 960,1402 960,1401 924,1401 923,1402 919,1402 918,1401 854,1401 853,1400 844,1400 824,1400 823,1401 822,1401 821,1402 810,1402 809,1401 751,1401 750,1402 750,1409 750,1409 749,1409 749,1401 749,1400 711,1400 710,1399 670,1399 649,1399 648,1400 643,1400 642,1399 613,1399 612,1400 611,1400 610,1399 561,1399 560,1398 508,1398 507,1399 497,1399 496,1398 441,1398 440,1399 439,1399 438,1398 408,1398 407,1397 352,1397 351,1398 342,1398 341,1399 341,1408 340,1409 311,1409 310,1410 305,1410 304,1409 303,1409 302,1409 302,1400 302,1399 257,1399 256,1400 237,1400 235,1399 236,1398 236,1383 237,1382 237,1380 238,1379 246,1379 247,1378 250,1378 251,1379 289,1379 290,1378 291,1378 291,1378 291,1374 292,1373 292,1370 293,1369 293,1368 294,1367 298,1367 298,1368 298,1378 299,1378 350,1378 350,1378 350,1367 351,1366 380,1366 381,1365 383,1365 384,1364 385,1364 385,1365 385,1366 386,1366 397,1366 397,1367 397,1375 398,1375 409,1375 412,1378 441,1378 442,1379 444,1379 444,1380 444,1394 445,1394 469,1394 469,1394 469,1369 470,1368 472,1368 474,1366 475,1366 476,1365 477,1366 539,1366 540,1365 544,1365 546,1368 546,1369 547,1370 547,1376 548,1376 549,1376 550,1377 576,1377 576,1377 576,1369 577,1368 577,1367 578,1366 581,1366 581,1367 581,1370 582,1371 582,1377 583,1377 592,1377 593,1378 615,1378 616,1379 644,1379 645,1378 659,1378 659,1378 659,1375 660,1374 660,1373 661,1372 661,1371 664,1368 665,1368 666,1367 668,1367 669,1366 673,1366 675,1368 704,1368 706,1366 713,1366 714,1368 714,1378 715,1378 719,1378 720,1379 748,1379 748,1379 748,1369 751,1366 752,1367 764,1367 766,1370 766,1377 767,1378 767,1380 768,1380 805,1380 805,1380 805,1369 807,1367 810,1367 810,1368 810,1369 812,1371 812,1372 813,1373 813,1374 814,1375 814,1377 815,1378 815,1380 817,1381 848,1381 849,1380 850,1380 851,1379 854,1379 854,1379 854,1370 855,1369 857,1369 859,1367 862,1367 863,1368 884,1368 884,1369 884,1380 885,1380 929,1380 929,1380 929,1373 930,1372 930,1371 932,1369 933,1369 934,1368 935,1368 936,1367 937,1369 937,1379 938,1379 952,1379 953,1380 976,1380 980,1385 980,1388 981,1388 996,1388 999,1392 997,1394 996,1394 995,1395 980,1395 978,1397 978,1398 976,1400 974,1400 973,1401 972,1401 971,1402 971,1410 970,1411 970,1412 970,1412"/><TextEquiv index="1"><Unicode>“répondit: l'hiſtoire eſt facile à dévelop-</Unicode></TextEquiv></TextLine><TextLine id="r1_l029"><Coords points="989,1460 988,1460 988,1454 987,1453 987,1447 987,1446 938,1446 937,1447 887,1447 886,1448 885,1448 884,1447 883,1447 882,1446 795,1446 794,1447 794,1448 794,1448 793,1448 792,1447 791,1447 790,1446 757,1446 756,1445 713,1445 712,1446 708,1446 707,1445 668,1445 667,1444 571,1444 570,1443 564,1443 563,1444 563,1455 563,1455 560,1455 559,1455 559,1444 559,1443 524,1443 523,1444 521,1444 520,1443 481,1443 480,1442 445,1442 444,1443 442,1443 441,1444 408,1444 407,1443 367,1443 366,1444 366,1445 366,1445 327,1445 326,1444 273,1444 272,1445 272,1454 271,1455 270,1455 269,1456 266,1456 265,1455 264,1455 263,1455 263,1447 263,1446 235,1446 233,1445 233,1444 235,1442 235,1427 236,1426 236,1425 237,1424 244,1424 245,1423 317,1423 318,1422 319,1423 349,1423 349,1423 349,1414 350,1413 354,1413 355,1412 380,1412 380,1413 380,1421 381,1421 409,1421 410,1422 485,1422 486,1421 531,1421 531,1421 531,1415 532,1414 532,1413 534,1411 536,1411 538,1413 573,1413 575,1411 576,1411 577,1410 579,1410 580,1409 581,1410 584,1410 585,1411 595,1411 595,1412 595,1415 596,1416 596,1423 597,1423 610,1423 611,1424 648,1424 649,1423 756,1423 757,1422 759,1422 760,1424 760,1425 761,1425 803,1425 804,1424 853,1424 854,1425 934,1425 934,1425 934,1417 936,1415 937,1415 938,1414 939,1414 941,1417 941,1425 942,1425 969,1425 970,1424 973,1424 974,1425 976,1425 977,1427 977,1428 979,1430 979,1436 980,1436 993,1436 994,1437 995,1437 997,1440 997,1441 999,1443 999,1447 997,1449 996,1449 994,1451 994,1460 994,1460"/><TextEquiv index="1"><Unicode>“per. Votre vrai fils mourut en nourrice,</Unicode></TextEquiv></TextLine><TextLine id="r1_l030"><Coords points="854,1503 853,1502 852,1502 849,1500 849,1498 848,1497 848,1492 848,1491 814,1491 813,1492 799,1492 798,1491 740,1491 739,1492 738,1491 712,1491 711,1492 711,1501 711,1501 708,1501 707,1502 702,1502 700,1501 700,1492 700,1491 680,1491 679,1490 631,1490 630,1491 630,1492 630,1492 629,1491 627,1491 626,1490 615,1490 614,1489 603,1489 602,1488 560,1488 558,1490 557,1490 556,1490 556,1489 556,1488 532,1488 531,1487 503,1487 502,1488 502,1492 501,1493 500,1493 499,1494 490,1494 489,1493 487,1493 486,1493 486,1489 486,1488 459,1488 458,1489 458,1495 458,1495 455,1495 454,1495 454,1491 454,1490 428,1490 427,1491 427,1499 426,1500 419,1500 416,1498 416,1496 416,1495 373,1495 371,1497 369,1497 368,1497 368,1496 367,1495 367,1490 367,1489 347,1489 346,1490 329,1490 328,1491 328,1492 328,1492 327,1492 327,1491 325,1488 282,1488 281,1489 280,1489 279,1490 262,1490 261,1491 261,1502 261,1502 255,1502 254,1502 254,1493 254,1492 236,1492 235,1492 235,1476 236,1475 236,1470 237,1469 266,1469 266,1469 266,1465 267,1464 267,1461 268,1460 268,1459 269,1458 274,1458 275,1457 279,1457 280,1459 280,1460 281,1461 281,1466 282,1466 294,1466 296,1468 325,1468 326,1467 360,1467 361,1466 375,1466 377,1468 432,1468 433,1467 479,1467 480,1466 481,1466 482,1467 500,1467 501,1468 530,1468 531,1467 534,1467 534,1467 534,1458 535,1457 536,1457 537,1456 538,1456 539,1455 579,1455 580,1454 583,1454 584,1455 606,1455 607,1457 607,1459 608,1460 608,1468 609,1468 642,1468 642,1468 642,1459 643,1458 644,1458 645,1457 646,1457 647,1456 650,1456 650,1457 650,1469 651,1469 799,1469 800,1470 828,1470 829,1469 868,1469 869,1470 949,1470 950,1469 987,1469 987,1469 987,1461 988,1460 994,1460 995,1462 995,1477 996,1478 996,1479 997,1480 997,1492 997,1492 993,1492 992,1491 964,1491 963,1492 963,1500 962,1501 960,1501 959,1502 952,1502 951,1502 951,1501 950,1500 950,1492 950,1491 909,1491 908,1492 870,1492 869,1493 869,1495 868,1496 868,1498 867,1499 867,1500 866,1501 865,1501 864,1502 861,1502 860,1503"/><TextEquiv index="1"><Unicode>“&amp; cette perte déſola les pauvres gens qui</Unicode></TextEquiv></TextLine><TextLine id="r1_l031"><Coords points="619,1549 618,1548 611,1548 610,1547 455,1547 454,1547 454,1544 454,1543 256,1543 254,1542 254,1541 254,1540 229,1540 228,1540 229,1539 229,1536 230,1535 231,1535 232,1534 233,1534 234,1533 234,1517 235,1516 235,1515 237,1513 253,1513 253,1513 253,1503 254,1502 266,1502 266,1502 266,1501 267,1500 270,1500 271,1499 271,1500 271,1501 272,1501 456,1501 457,1502 475,1502 476,1503 773,1503 774,1504 942,1504 943,1506 943,1513 944,1513 993,1513 995,1515 997,1515 997,1516 997,1517 998,1518 998,1527 999,1528 999,1536 1000,1537 999,1538 891,1538 890,1539 890,1547 890,1547 889,1547 888,1548 621,1548 620,1549"/><TextEquiv index="1"><Unicode>“le nourriſſoient, parce qu'ils comptoient</Unicode></TextEquiv></TextLine><TextLine id="r1_l032"><Coords points="959,1596 959,1595 959,1594 956,1594 953,1592 953,1586 953,1585 880,1585 879,1586 826,1586 825,1587 823,1585 805,1585 804,1584 668,1584 666,1586 666,1587 665,1588 665,1589 664,1590 664,1593 664,1593 663,1592 659,1592 656,1590 656,1586 657,1585 658,1585 658,1585 658,1584 551,1584 550,1585 550,1590 549,1591 544,1591 543,1592 536,1592 535,1592 535,1591 534,1590 534,1585 534,1584 522,1584 521,1583 430,1583 429,1584 380,1584 379,1585 372,1585 371,1586 371,1588 371,1588 370,1588 369,1589 368,1588 298,1588 296,1586 237,1586 234,1583 233,1583 232,1583 232,1582 231,1581 231,1561 231,1560 229,1560 228,1559 224,1559 222,1558 223,1557 265,1557 265,1557 265,1554 267,1552 267,1551 269,1549 270,1549 273,1546 275,1546 276,1545 277,1546 280,1546 281,1548 281,1557 282,1557 288,1557 289,1558 452,1558 452,1558 452,1553 453,1552 453,1549 455,1547 459,1547 459,1548 459,1557 460,1557 604,1557 604,1557 604,1556 605,1555 605,1553 610,1548 618,1548 619,1549 620,1549 620,1550 620,1559 621,1559 627,1559 630,1563 630,1567 631,1568 631,1572 632,1572 709,1572 709,1572 709,1570 710,1569 710,1563 713,1560 724,1560 724,1560 724,1553 726,1551 736,1551 738,1549 749,1549 750,1548 753,1548 753,1549 753,1560 754,1560 858,1560 858,1560 858,1554 859,1553 859,1551 860,1550 864,1550 864,1551 864,1553 865,1554 865,1555 866,1555 901,1555 902,1557 902,1559 903,1559 985,1559 986,1558 990,1558 991,1559 993,1559 993,1560 993,1561 996,1564 996,1565 997,1566 997,1578 999,1580 998,1581 998,1582 998,1582 993,1582 992,1583 967,1583 966,1584 966,1592 964,1594 963,1594 962,1595 962,1596 961,1597"/><TextEquiv index="1"><Unicode>“ſur une récompenſe, s'ils avoient pu</Unicode></TextEquiv></TextLine></TextRegion><ImageRegion id="r2"><Coords points="399,85 398,86 368,86 367,88 366,88 366,91 363,93 341,93 341,106 344,108 344,113 342,114 341,114 341,126 346,126 347,127 485,127 486,126 486,120 487,119 488,120 488,126 490,127 588,127 589,126 590,127 638,127 639,128 677,128 679,127 699,127 701,128 763,128 764,129 798,129 799,128 866,128 867,127 869,127 869,126 870,125 870,115 869,115 866,113 866,97 863,93 770,93 769,95 731,95 730,93 476,93 475,92 438,92 436,91 436,86 435,85"/></ImageRegion><TextRegion id="r3" type="page-number" orientation="-0.0"><Coords points="254,86 252,89 252,91 251,92 251,93 250,95 234,95 232,96 210,96 209,97 208,97 207,98 207,99 206,100 206,103 205,104 205,125 207,127 219,127 223,132 223,133 224,134 224,135 227,137 263,137 264,136 265,136 266,135 267,135 271,132 272,132 273,130 278,130 278,129 279,128 293,128 294,127 295,127 296,126 297,126 301,122 303,122 303,111 302,110 302,108 301,107 302,106 302,93 301,93 300,92 300,90 297,88 296,88 295,86"/><TextEquiv><Unicode/></TextEquiv><TextLine id="r3_l002"><Coords points="254,86 252,89 252,91 251,92 251,93 250,95 234,95 232,96 210,96 209,97 208,97 207,98 207,99 206,100 206,103 205,104 205,125 207,127 219,127 223,132 223,133 224,134 224,135 227,137 263,137 264,136 265,136 266,135 267,135 271,132 272,132 273,130 278,130 278,129 279,128 293,128 294,127 295,127 296,126 297,126 301,122 303,122 303,111 302,110 302,108 301,107 302,106 302,93 301,93 300,92 300,90 297,88 296,88 295,86"/><TextEquiv index="1"><Unicode>a</Unicode></TextEquiv></TextLine></TextRegion></Page></PcGts>