1116 1854
846 102 956 146 ot
138 155 922 205 fin: „Julie, ma chere Julie, je vous
139 201 921 250 “adore avec plus d'ardeur que jamais;
138 246 922 294 “mais j'attends un aveu ſincere. Vous avez
138 290 919 340 “été abſente, Julie, vous avez voyagé
138 335 919 383 “ſur mer; je vous ai rencontrée ſur un
136 382 915 428 “vaiſſeau: expliquez-moi tout ce myſtere.“
133 427 917 475 Julie parut extrêmement frappée quand
135 473 917 519 je lui dis que je l'avois rencontrée ſur un
134 517 918 558 vaiſſeau. „Comment, comment? s'écria-t-
135 562 918 608 “elle. -- Je vous expliquerai cela par l
135 606 913 653 “ſuite, lui répondis-je: éclairciſſez - moi
137 651 916 698 “ſeulement ſur l'objet de mes demandes. -
135 697 918 744 “Hé bien, mon cher ami, me dit - elle,
137 741 917 791 “vos demandes ſon juſtes. Je les ai preſ-
136 786 915 833 “ſenties; je n'ai pas eu deſſein de vous
137 832 916 877 “rien cacher. C'eſt mon pere qui m'a or-
136 876 916 923 “donné de taire ce fatal ſecret. Apprenez
136 921 915 968 “donc ce que vous deſirez ſi juſtement
140 970 341 1008 “de ſavoir.
185 1011 916 1059 “Vous vous ſouvenez de l'état où vous
137 1056 914 1104 “m'avez laiſſée, il y a ſept ou huit ans.
138 1101 915 1150 “J'étois plongée dans l'évanouiſſement: on
138 1148 915 1194 “me fit revenir avec beaucoup de peine.
139 1190 916 1240 “Mes yeux en ſe rouvrant vous cherche-
139 1238 915 1282 “rent, ne vous trouverent pas, & ſe re-
139 1281 916 1327 “fermerent. Je demandai ce que vous étiez
137 1326 913 1372 “devenu. On me dit d'abord, (ſans doute
140 1370 913 1420 “pour m'ôter l'eſpérance de vous revoir)
138 1416 913 1465 “qu'on vous avoit rendu à votre prieur,
139 1462 916 1507 “qui vous avoit replongé dans votre in-
138 1506 913 1553 “fernale priſon. A cette nouvelle je re-
139 1550 919 1589 “tombai dans l'évanouiſſement. On me fit
