1116 1854
133 146 920 205 ſuggéra que je pourrois atendre du ſe-
134 201 921 249 “cours de ſon repentir & de ſon amitié.
132 245 918 292 “Je lui écrivis; elle vint me trouver,
131 292 917 339 elle ſe jeta dans mes bras. Je lui expo-
131 336 920 384 “ſai ma douloureuſe ſituation; elle en fut
131 384 914 429 “touchée preſque autant que moi-même:
132 426 916 467 “& ſe leva ſoudain d'un air vif & déter-
133 472 919 515 “miné: Il faut vous ſauver de-là, me dit-
132 518 918 562 “elle; je le dois, je le veux, j'en fait
123 561 914 607 “mon aſſaire. Quoique je fuſſe veillée,
134 608 915 654 “elle eut l'art de m'enlever, en me prê-
133 652 914 699 “tant ſa pelliſſe, qui m'enveloppa, & me
132 696 918 745 “fit éviter les regards des furveillants; elle
132 742 914 790 “m'empaqueta dans un fiacre, elle me
134 788 916 825 “conduiſit... où... chez madame de Bon-
135 831 914 877 “neville, cette excellente & reſpectable
130 874 913 924 “dame qui vous avoit placé vous-même en
137 921 915 970 “penſion dans mon couvent ſous l'habit
136 966 911 1014 “de fille, & qui vous avoit procuré le
136 1012 914 1060 “gros lot d'une loterie, montant à vingt
137 1054 914 1104 “mille livres. Cette généreuſe femme étoit
139 1102 910 1150 “paremte de mon amie. Celle-ci lui avois
137 1147 913 1191 “raconté vos aventures & les miennes;
140 1193 913 1238 “elle en avoit ſouri, en nous plaignant
137 1237 912 1286 “cependant tous deux. Elle ne vous en
138 1282 912 1330 “vouloit point; & elle deſiroit beaucoup
138 1326 911 1364 “de vous revoir en homme. Ce fut donc
140 1372 911 1419 “votre ancienne bienfaitrice qui devint la
141 1417 913 1456 “mienne. Elle conſentit à me cacher chez
140 1462 914 1510 “elle pendant un certain temps, qu'elle
139 1507 915 1556 “employa à m'obtenir la caſſation de mes
