1116 1854
225 128 991 178 “Sur ces entrefaites ſon mari fut nommé
210 184 991 231 “conſul de France à Lisbonne. Vous ſavez
219 230 988 276 “que c'étoit un vieux libertin; mais de-
220 275 990 322 “puis quelque temps, il étoit perclus d'une
219 321 990 366 “moitié de ſon corps; ce qui l'avoit rendu
217 363 989 410 “entiérement ſage. Je conſentis à ſuivre
217 410 989 458 “madame de Bonneville en Portugal, pour
216 452 987 501 “l'aider dans l'éducation de ſes deux peti-
216 499 986 545 “tes filles. J'y ai paſſé avec elle plus de
216 544 983 591 “ſix ans, auſſi heureuſe que je pouvois
210 589 985 635 “l'être ſans vous. Enfin ſon mari mourut
215 631 985 681 “l'été dernier. Sa pieuſe épouſe ne tarda
216 680 985 726 “pas à le ſuivre. Je la pleurai bien tendre-
215 724 983 768 “ment: mais que me reſtoit-il à faire dant
212 768 982 817 “le pays? Je ne voyois d'aſyle décent dans
215 814 982 862 “l'univers que la maiſon de mon pere,
216 860 981 907 “&, quoiqu'il en pût arriver, je réſolus
216 904 981 951 “de m'y rendre. Je laiſſai les enfants de
214 949 981 994 “ma bienfaitrice en de très-bonnes mains,
214 994 980 1043 “& je m'embarquai ſur un vaiſſeau Fran-
212 1040 980 1087 “cois, qui, après avoir beaucoup voyagé,
212 1084 979 1132 “fut pris par un Anglois, comme vous le
212 1129 979 1176 “ſavez, à mon grand étonnement. Je fus
212 1174 978 1222 “tranſportée en Angleterre, & de - là en
212 1221 979 1267 “France, où je retrouvai mon pere. Il
210 1263 979 1311 “fit le difficile pour me pardonner ma fuite,
211 1309 978 1358 “& ne conſentit à révoquer la malédiction
210 1353 975 1401 “qu'il avoit, diſoit-il, lancée contre moi,
207 1398 977 1445 “qu'à condition que j'épouſerois d'Orville.
207 1442 978 1490 “Il me fit voir des rapports inconteſtables,
203 1490 973 1538 “qui m'apprirent que le vaiſſeau ſur lequel
198 1532 973 1591 “vous étiez parti pour les iſles, avoit été
221 95 302 129 o
