1116 1854
838 91 925 141 ro
114 153 907 197 “pris par des corſaires Barbares, qui vous
118 191 981 242 “avoient tous jetés à la mer. Dans la dé-
111 237 908 285 “plorable certitude de votre mort, (cer-
114 282 909 330 “titude accablante qui déchira mon cœur
113 328 906 373 “je crus devoir me ſacrifier pour conten-
116 374 907 420 “ter mon pere, & combler les vœux d'un
115 418 908 467 “homme dont j'avois le malheur d'être
117 461 907 511 “aimée. Vous avez paru au milieu du ſa-
118 508 906 557 “crifice; vous m'avez rendu la vie, que
118 552 909 600 “je n'aurois pu conſerver long-temps dans
120 598 910 635 “les bras de votre rival. Me rendrez - vous
119 641 909 690 “auſſi votre cœur? Vous poſſédez le mien;
121 689 464 736 “voyez & jugez.“
170 733 945 781 Je ſautai au cou de Julie, je l'embraſ-
121 778 911 826 ſai. „Ma chere ame, lui dis-je, je ſuis à
122 823 912 869 “vous pour la vie. Je dois vous paroître
122 865 913 915 “un grand malheureux d'avoir exigé de
123 912 913 959 “vous cette explication; pardonnez - moi
122 955 916 1005 “vous-même, & décidez mon ſort.“ En
120 1001 922 1048 effet, n'avois-je pas bonne grace à pré-
123 1045 910 1094 tendre éplucher la conduite de mon amante,
126 1091 906 1139 après toutes les libertés que j'avois à ca-
126 1137 911 1184 cher dans la mienne? Elle ſe jeta dans mes
124 1180 948 1228 bras. Son pere vint; elle tomba à ſes pieds,
125 1226 903 1274 & lui demanda ſon conſentement pour notre
125 1272 905 1320 mariage. „Permettez-vous, me dit - elle,
127 1314 901 1364 “que je remette à mon pere, pour ſon en-
129 1359 900 1409 “tretien, un héritage récent qu'une de mes
128 1407 902 1454 “tantes m'a laiſſé en mourant? -- Oui,
128 1452 901 1499 “ma chere Julie, lui dis-je, de tout mon
128 1496 975 1543 “cœur: j'y joindrai, ſi vous voulez, la
127 1539 899 1587 “moitié de notre bien.“ Noirville, furieux
