1116 1854
217 67 286 119 aeoé
381 1248 768 1308 F du Tome ſecond.
211 115 989 168 de notre généroſité, nous remercioit en
212 163 991 213 grincant des dents. „Mariez-vous, mal-
212 210 990 256 “heureux, dit-il enfin; je vous donne ma
212 253 990 302 “malédiction.“ Il dit & s'enfuit. Il alla
212 301 990 348 s'enterrer dans le monaſtere où j'avois pris
208 345 988 395 l'habit, & il eſt à préſent un des moines
210 389 509 438 les plus fervents.
219 434 984 484 Mon frere plut à mademoiſelle de Mir-
208 481 985 528 ville, par la reſſemblance qu'il avoit avec
208 525 984 574 moi. Flatté de cette conquête, il prit du
207 569 983 624 goût pour elle, & l'épouſa. Nos deux ma-
207 615 981 665 nages furent célébrés enſemble, & ſes pa-
206 660 982 708 rents adoptifs lui laiſſerent hientôt un très-
202 707 464 758 gros héritage.
252 752 983 797 Je n'avoi pas trente ans, & Julie n'en
204 794 983 845 avoit guere plus de vingt-cinq. Elle étoit
204 838 980 888 au comble de ſa beauté. Nous nous ado-
203 883 979 934 rions, nous vécûmes heureux enſemble. Pen-
203 929 979 979 dant trois mois je me plongeai dans le re-
200 975 985 1024 pos, je menai la vie la plus douce à Paris;
201 1018 979 1070 mais mon étoile m'appella bientôt à de nou-
194 1064 981 1116 velles aventures, que j'écrirai peut-être auſſi
198 1107 982 1180 par la ſuite, ſi le public, en me liſant,
198 1154 678 1207 m'encourage à pourſuivre.
