4266 7829
1054 1104 3813 1302 s'est trouve environne! quels regrets
1054 1340 3808 1534 ternels! et quelle honte  jamais inef-
1054 1563 3808 1753 faable sur mon front!... -- Il est vrai,
1054 1780 3813 1991 monsieur; la socit de ces tres corrom-
1054 2036 3813 2234 pus n'tait pas faite pour vous; et c'est
1049 2269 3823 2460 sans doute d'avoir donn quelques mo-
1044 2495 3813 2691 mens  cette socit, que vous rougissez
1054 2724 3828 2913 aujourd'hui? -- Mademoiselle!... vous
1064 2959 3818 3154 ne saurez jamais, non, vous ne conna-
1044 3187 3813 3385 trez jamais tous mes torts: je vous de-
1054 3423 3818 3615 viendrais trop odieux. -- Monsieur, les
1044 3646 3813 3837 murs de votre sexe sont, m'a-t-on dit,
1043 3882 3818 4079 bien moins svres que celles du ntre.
1048 4104 3818 4307 Une liaison vicieuse, qu'on fuit quand
1049 4342 3828 4539 on la reconnat telle, ne peut exciter
1044 4575 3823 4762 des remords ternels, et l'on a toujours
1039 4800 3808 5003 des droits  l'indulgence. -- A l'indul-
1034 5041 3803 5239 gence! Oh! comme ce mot me rassure,
1044 5262 3803 5461 et combien j'en ai besoin! il est trop
1044 5482 3818 5690 vrai, mademoiselle, j'ai perdu tout droit
1044 5732 2748 5876 un autre sentiment!...
1207 5942 3803 6159 Son oncle, qui l'appela, m'empcha
2181 913 2659 1092 .
