4266 7774
1052 1104 3754 1285 bas, et qui n'arrivent pas: c'est main-
1047 1336 3750 1511 tenant ma seule ressource; car, pour
1032 1567 3755 1737 ma commanderie, dans ce moment o
1037 1790 3761 1969 l'on fait des changemens ncessaires,
1042 2017 3761 2192 je crains bien qu'elle n'aille au diable,
1078 2249 3219 2420 comme tous les ordres religieux.
1200 2473 3755 2649 Ici la conversation devint gnrale,
1047 2697 3761 2876 et je ressentis un vrai plaisir d'apprendre
1047 2928 3761 3104 que Saint-Ange allait passer quelque tems
1042 3157 3760 3324 prs de nous. Cependant une rflexion
1042 3381 3755 3556 douloureuse vint bientt empoisonner ce
1037 3603 3761 3777 plaisir et troubler mon cur. Trois mois
1042 3837 3755 4005 encore, et j'allais tre mre! Quel em-
1042 4059 3755 4235 barras! et quelle honte pour moi de de-
1037 4288 3755 4463 venir si mprisable aux yeux de l'homme
1037 4516 3755 4646 dont l'estime et l'amour taient si n-
1037 4745 2839 4871 cessaires  mon bonheur!
1193 4973 3744 5151 Je fis part de cette rflexion  madame
1026 5207 3750 5377 de Servol, qui tait entirement dans
1026 5438 3745 5610 ma confidence, et elle s'effraya comme
1026 5665 3740 5840 moi. Cependant elle me flatta de me ser-
1026 5894 3730 6070 vir  cette poque, et de tcher de ca-
2173 903 2643 1083 .
