4266 7746
524 1057 3258 1247 cher mon dshonneur  tous les yeux.
675 1290 3243 1433 L'arrive du commandeur et de Saint-
514 1517 3254 1705 Ange rpandit, pour tout le monde, un
518 1752 3243 1931 charme infini dans cette maison. Servol,
513 1983 3244 2167 son ami, et mon pre, toujours cach
513 2211 3253 2395 sous le nom de Saint-Brice, qu'il avait
503 2440 3242 2616 pri Servol en secret de lui garder, ces
508 2665 3263 2845 trois vieillards, dis-je, taient inspara-
503 2894 3269 3077 bles, tandis que Saint-Ange et moi nous
498 3124 3243 3265 formions la socit de madame de Ser-
503 3353 3259 3534 vol, qui, connaissant notre tendresse,
498 3580 3253 3762 nous aidait  l'pancher en sa prsence.
498 3806 3238 3985 Les aveux suivirent de prs nos demi-
498 4036 3228 4213 confidences, et bientt nous fmes, mon
498 4266 3228 4438 amant et moi, de la meilleure intelli-
518 4491 3223 4677 gence. Cependant il parlait toujours de
498 4714 3228 4890 ses fautes, de ses remords et de l'horreur
493 4944 3253 5131 que lui inspirait madame de Linval. Je
498 5175 3316 5363 le pressai un jour de me donner l'expli-
498 5402 3223 5584 cation de ce que je trouvais d'obscur dans
493 5626 3213 5804 ces exclamations; et il le it, mais tou-
483 5844 3258 6029 jours en me cachant son crime envers
