4266 7774
2215 829 2657 1007 L
1021 1047 3754 1217 moi. Il nous apprit que l'astucieuse Lin-
1022 1279 3745 1452 val, n'ayant pas cess de croire que M.
1032 1508 3770 1674 de Saint-Brice tait Dormon, erreur de
1027 1740 3781 1913 laquelle il me donna l'explication dont je
1026 1973 3765 2141 t'ai fait part hier, ma bonne Jeannette,
1033 2203 3761 2374 cette mchante femme m'avait fait pas-
1026 2428 3754 2602 ser aux yeux de sa vile socit pour la
1027 2660 3766 2807 matresse de ce faux Dormon: Je l'ai cru
1032 2884 3780 3054 comme les autres, ajouta-t-il avec timi-
1033 3109 3781 3277 dit. Pardonnez, mademoiselle; mais
1026 3344 3760 3517 j'ai offens votre vertu au point .... au
1038 3574 3781 3749 point de vous croire une de ces cratures
940 3797 3765 3973 qui vivent du produit de leur dshonneur!
1033 4029 3771 4202 Erreur coupable! Votre dcence, votre
1042 4259 3765 4430 conduite, tout en vous ne devait-il pas
1038 4490 3786 4654 la dtruire!... Mais ma jeunesse, les
1042 4714 3765 4881 mauvais conseils, l'tat d'ivresse o l'on
1048 4938 3766 5127 se plongcait dans cette maison de dbau-
945 5167 3780 5357 che, tout m'a port .... tout m'a fascin
1043 5403 3766 5598 les yeux! ... Cependant, quelque tems
1047 5632 3770 5825 aprs votre dpart, nous avons tous t
1053 5859 3771 6041 dsabuss sur votre compte; et ce fut la
