4266 7858
2099 712 2663 942 L.
997 960 3755 1154 tmes pour jamais. Depuis ce tems nous
997 1192 3760 1383 avons visit quelques amis, et nous nous
1007 1420 3760 1605 sommes enfin arrts ici, b le bonheur
1002 1664 2967 1803 m'a fait vous rencontrer!
1176 1894 3770 2083 Je fus indigne, ainsi que madame de
1012 2123 3776 2306 Servol, de la conduite de la Linval; et
1012 2355 3776 2542 nous l'aurions t bien davantage, si
1007 2584 3770 2770 nous avions t instruites de l'outrage
1012 2813 3770 3010 auquel elle avait expos mon innocence.
1017 3040 3781 3234 Saint-Ange se taisait sur ce point, et il
1017 3274 3776 3468 tait trop coupable en effet pour avouer
1017 3527 1970 3658 un tel crime.
1181 3736 3781 3930 Quand mon pre apprit du comman-
1017 3964 3776 4141 deur cette erreur de madame de Linval,
1017 4192 3786 4379 il en rit, sans se douter, hlas! de la
1017 4426 3791 4617 vengeance inouie que cette femme sc-
1027 4662 3786 4808 lrate avait exerce sur sa fille. Cette ven-
1031 4892 3781 5083 geance, que Saint Ange connaissait seul,
1027 5119 3791 5307 devait bientt clater, et me livrer  des
1021 5375 2108 5547 regrets ternels.
1217 5586 3781 5777 Cependant l'amour de Saint - Ange
893 5815 3781 6009 croissait de plus en plus, et le mien r-
