4266 7867
1547 835 2106 1012 .
552 1034 3308 1218 pondait  l'excs de ses transports. Ma-
557 1265 3309 1448 dame de Servol, tmoin toujours de tous
547 1492 3313 1677 nos entretiens, jouait le rle d'une amie
552 1730 3309 1914 sensible, et n'apprhendait, pour mon
542 1961 3304 2138 amant, que la dcouverte de ce qu'elle
542 2191 3304 2365 appelait ma faute. Un jour Saint-Ange
542 2418 3304 2604 hasarda le mot d'hymen; il se jeta  mes
537 2657 3303 2795 pieds en me suppliant de lui accorder ma
537 2888 3293 3064 main, qu'il allait demander  mon pre.
542 3122 3304 3304 J'tais prte  l'encourager dans cette d-
537 3353 3304 3524 marche; mais madame de Servol, d'un
532 3582 3304 3763 regard expressif, me rendit  la prudence
532 3813 3288 3994 en me rappelant mon funeste tat. Ah,
527 4045 3293 4217 monsieur! lui dis-je en mettant mes mains
527 4280 3293 4454 sur mon front, ces nuds si desirs dans
521 4512 3288 4688 un autre tems, ne sont plus faits pour
532 4738 3283 4912 moi! Ne m'interrogez pas, et cessez d'es-
511 4983 1170 5106 prer!..
676 5205 3278 5393 A ces mots, je me prcipitai dans une
517 5446 3273 5628 autre pice, et laissai Saint - Auge,
521 5662 3277 5860 genoux encore, bien tonn sans doute
516 5909 3263 6092 de ce reus et de cette brusque sortie.
