4266 7858
930 977 3693 1154 Saint-Ange, frapp comme d'un coup
926 1208 3689 1378 de foudre, questionne madame de Ser-
925 1437 3693 1614 vol, qui lui rpond qu'un obstacle invin-
926 1666 3689 1803 cible s'oppose  notre union. -- Et le-
930 1907 3703 2071 quel, grand dieu! en est-il un seul que
921 2131 3689 2303 je ne puisse briser? -- Il en est un, mon-
925 2373 3703 2531 sieur, terrible, insurmontable!... pour
921 2593 3683 2722 le moment du moins. -- Pour le mo-
925 2827 3688 2997 ment! c'est--dire, madame, qu'un jour...
926 3062 3683 3230 -- Un jour, monsieur, un jour vous sau-
925 3288 3698 3462 rez tout; et alors, si vous persistez dans
926 3524 3699 3705 votre projet d'hymen, vous n'aurez de
925 3760 3708 3939 reproches  faire  personne! ... -- Des
931 3992 3699 4169 reproches! ... Daignez vous expliquer.
930 4225 3682 4402 -- Je ne le puis, monsieur; c'est le se-
931 4458 3689 4628 cret de mon amie, et non le mien. --
940 4699 2066 4820 Des secrets!...
1100 4923 3704 5088 Madame de Servol se lve, vient me
935 5155 3693 5331 joindre, et s'empresse d'essuyer les pleurs
940 5386 3677 5545 qui coulent abondamment de mes yeux.
940 5611 3698 5780 Mon amie, me dit - elle, ce n'est point
941 5847 3689 6023 l le moment d'ajouter  vos remords;
2117 761 2516 915 r
