4266 7867
1589 858 2138 1023 .
481 1054 3247 1233 mais si Saint-Ange vous et rendue cou-
475 1295 3246 1459 pable, voyez quel bonheur ce serait pour
476 1520 3242 1694 vous aujourd'hui de l'pouser! de cou-
475 1752 3246 1891 vrir de son nom votre dshonneur! --
470 1991 3257 2155 h, madame, sais- je qui m'a rendue
475 2217 3241 2347 criminelle!... -- Encore votre incerti-
476 2455 3268 2629 tude, mon amie? vous sentez bien que je
480 2685 3241 2862 ne puis y croire. Entre nous, il faut
471 2919 3253 3090 bien que quelqu'un... -- Personne, ma-
470 3149 3252 3325 dame, personne! -- Qu'est-ce que cela
476 3384 3237 3557 veut dire? Est-ce qu'on aurait abus de
470 3612 3246 3745 votre sommeil?... mais encore il faudrait
471 3845 3232 4020 dormir d'une force!... Allons, allons,
475 4073 3241 4251 cela n'est pas possible! ... -- J'ignore,
476 4305 3232 4479 madame, si cela est possible ou non;
475 4535 3241 4709 mais je sais bien, moi, et j'atteste le ciel
492 4774 3253 4945 que Saint - Ange est le seul que j'aie aim,
480 5003 3246 5183 et qu'avec lui j'ai toujours suivi les loix
481 5239 1291 5359 de la vertu.
639 5468 3252 5635 Madame de Servol secoua la tte, et
476 5700 3242 5877 ne me pressa pas davantage. Cependant
480 5941 3241 6110 Satint-Ange, persistant toujours dans son
