4266 7858
2105 833 2693 1011 t.
991 1031 3764 1222 projet, fut, avant d'en parler  mon pre,
997 1268 3740 1416 demander le consentement de son oncle.
996 1503 3745 1693 Le commandeur s'emporta. Y pensez-
997 1737 3755 1930 vous, monsieur? lui dit-il; ignorez-vous
997 1984 3749 2137 que votre pre m'a donn le droit de dis-
991 2214 3749 2383 poser autrement de votre main, et que
991 2429 2865 2610 j'ai d'autres vues sur vous?
1155 2662 3755 2855 Le commandeur s'opposa formellement
997 2893 3755 3084 aux vux de Saint - Ange; et ce jeune
996 3129 3755 3321 homme dsespr vint confier  madame
997 3367 3750 3552 de Servol, en mon absence, son em-
990 3591 3755 3743 barras et son malheur. Madame de Ser-
991 3822 3760 4009 vol consola cet infortun, et l'engagea
997 4052 3755 4239 obir  son oncle dans cette affaire, sur-
997 4290 3750 4482 tout o il ne pourrait esprer le consen-
991 4519 3750 4679 tement de son amie. Mademoiselle de
997 4752 3746 4946 Saint-Brice, ajouta - t - elle, vous aime,
996 4993 3750 5187 vous adore; mais elle ne peut vous pou-
996 5224 3751 5424 ser. Saint-Ange, dsol, fut se livrer en
991 5452 3091 5605 secret  l'excs de sa douleur.
1164 5685 3746 5884 Cependant le terme de ma grossesse
997 5914 3746 6116 approchait, et, grace aux soins de mon
