4266 7670
693 2414 1002 2480 L
533 2469 3228 2634 „Il était neuf heures du matin lorsque
523 2688 3224 2870 je fus heureusement délivrée. Une garde
523 2914 3209 3084 sûre, un accoucheur, madame de Ser-
523 3143 3214 3316 vol étaient près de mon lit; et, de-
523 3377 3218 3537 ouis deux jours les approches de mon ac-
524 3596 3214 3724 couchement nous avait tous tellement
524 3819 3214 3988 occupés, que mon amie n'avait pu se li-
518 4045 3214 4215 vrer à ses précautions ordinaires. J'étais
514 4265 3214 4434 donc mère, Jeannette, et déjà je tenais
514 4490 3209 4660 dans mes bras, en le couvrant de baisers,
509 4719 3209 4893 mon enfant, qui m'offrait la première idée
508 4949 3193 5119 de son sexe, et que j'appelais mon fils,
509 5176 1737 5299 mon cher fils!.....
659 5398 3184 5581 La porte s'ouvre, et nous voyons pa-
503 5623 3189 5805 raître, qui, grand dieu! Saint-Ange lui-
503 5856 3174 6033 même, qui reste frappé d'étonnement.
1638 908 2183 1091 Ln.
778 1871 2964 2026 Joie du Papa, et suite funeste.
