4266 7801
1009 1129 3774 1333 -- J'tais sortie, madame, rpond H-
1039 1354 3811 1553 lne; j'tais dehors pour un moment.
1039 1572 3774 1791 Ma petite nice, une enfant de dix ans,
1044 1820 3789 2018 tait reste auprs du petit Charles. Un
1044 2050 3790 2243 monsieur entre, me demande, caresse le
1044 2278 3785 2484 petit, l'embrasse, et dit  ma jeune nice
1050 2513 3793 2701 qu'il va me l'apporter chez la voisine
1050 2735 3795 2939 Vitry, o je le demande. Il remet une
1055 2967 3804 3166 lettre  ma nice, sort avec le petit dans
1060 3197 3800 3395 ses bras, et monte dans une chaise de
1061 3433 3804 3621 poste, qui s'loigne aux yeux de la jeune
1070 3651 3811 3848 fille tonne. Voil, madame, l'exacte
1070 3883 3816 4086 vrit: vous jugez de ma surprise et de
1075 4115 3825 4282 ma douleur en rentrant chez moi! -- Et
1085 4345 3830 4545 cette lettre, Hlne, l'avez-vous? -- La
1085 4575 3820 4775 voil; c'est  madame qu'elle est adresse.
1090 4840 1808 4971 -- A moi!
1262 5041 3840 5248 Madame de Servol prend la lettre, qui
1106 5280 3831 5483 en effet porte son nom sur la suscription,
1110 5499 3840 5666 et nous reconnaissons toutes deux l'cri-
1121 5728 3840 5934 ture de Saint-Ange. Voici ce qu'il man-
1121 5970 2327 6118 dait  mon amie:
