4266 7746
2527 6148 2728 6213 L
1610 884 2175 1064 ae.
695 1081 3253 1262 Madame, le malheur qui s'est atta-
534 1311 3263 1487 ch  mon berceau ds ma naissance,
529 1536 3268 1722 vient d'puiser ses derniers traits sur
529 1760 3268 1898 moi. Un obstacle invincible me s-
524 1987 3263 2169 pare  jamais de celle que j'aime, que
524 2214 3253 2396 j'adorerai jusqu' la mort. Un oncle
524 2441 3253 2621 intraitable  qui j'ai tout dit, m'en-
518 2666 3248 2844 trane, m'arrache des lieux o j'ai
513 2891 3248 3073 connu l'amour et la paternit. La s-
513 3118 3243 3300 vrit, dirai-je l'honneur? oui, l'hon-
508 3341 3243 3523 neur mme me prescrivent d'autres
517 3573 3243 3762 nuds que j'abhorre, mais auxquels je
508 3802 3233 3984 ne puis me soustraire!.... Il m'a t
502 4033 3228 4216 impossible d'annoncer cette fatale nou-
498 4259 3223 4407 velle  mademoiselle de Saint-Brice:
497 4487 3218 4675 j'aurais perdu la vie en voyant sa dou-
498 4716 3218 4905 leur. Il m'a donc fallu m'loigner sans
498 4937 3203 5128 la voir.... Mais je suis pre; et du
493 5165 3213 5356 moins, si je lui drobe son enfant, si je
493 5394 3213 5585 la prive de ce bien prcieux, le seul
493 5622 3212 5804 qui puisse me consoler loin d'elle, c'est
493 5838 3203 6042 dans l'espoir de le lui prsenter un
