4266 7801
2147 932 2686 1107 L.
1021 1130 3774 1315 remercier ma tendre, ma gnreuse amie,
1040 1364 3759 1538 qui me promit d'entretenir une corres-
1030 1589 3768 1762 pondance suivie avec moi, et de me don-
1035 1816 3779 1998 ner des nouvelles de Saint - Ange, si elle
1050 2044 2738 2177 parvenait  en dcouvrir.
1213 2273 3774 2449 Nous fmes de l visiter, toujours
1057 2497 3784 2676 sous le mme nom suppos, les quatre
1050 2726 3789 2895 coins de la France, et nous tions en
1046 2960 3794 3137 Bretagne lorsque nous apprmes la mort
1056 3185 3810 3362 de madame de Servol, que celle de son
1057 3411 3794 3592 poux suivit de prs. Une maladie pid-
1056 3633 3798 3812 mique, qui rgnait alors  Calais, me
1056 3869 3793 4027 privait de deux amis, sur-tout de la seule
1057 4094 3859 4271 femme de qui je pusse attendre des nou-
1066 4318 3799 4496 velles de Saint-Ange et de mon fils! Que
1071 4550 3804 4729 de coups, Jeannette! que de malheurs
1061 4775 3804 4951 accumuls!... Tu nous apprends notre
1071 5008 3804 5179 ruine: mon pre tombe malade. Il se r-
1076 5236 3814 5367 tablit: nous revenons  Meudon. J'e
1081 5469 3824 5649 perds le meilleur des pres, et tu connais
1081 5692 3820 5828 la suite de mes infortunes. Accable de
1086 5921 3825 6101 chagrins de tous les genres, je n'ai pu te
