4266 7801
1294 1457 3412 1579 HAPITRE XXI.
1549 1808 3175 1920 Sa tête va bien travailler.
984 2183 3717 2346 La bonne et naïve Jeannette resta long-
989 2408 3727 2584 tems muette d'étonnement d'apprendre
995 2637 3733 2809 tant d'événemens bizarres, et dont jus-
1000 2868 3742 3042 qu'alors elle était bien éloignée de croire
1005 3102 3737 3260 que son amie fût l'héroïne. Cécile, Cé-
1005 3331 3742 3500 cile, la décence et la vertu sur la terre,
1010 3564 3754 3733 Cécile était amante, mère, et son père
1010 3793 3758 3966 était mort sans connaître le mystère de
1000 4020 3749 4164 son amour! Elle en avait même ſait un
1010 4248 3753 4421 secret à Jeannette; et, quoique son erreur
929 4448 3743 4638 fût l'eſfet du malheur et de la séduction,
1015 4713 3753 4887 Cécile rougissait de sa faute: comment
1020 4931 3754 5113 Jeannette aurait - elle pu lui en faire des
1015 5170 3753 5337 reproches? La sévère Jeannette ne pou-
1025 5401 3764 5568 vait que plaindre son amie, la consoler
1030 5631 3763 5757 et l'aider de ses conseils. O Cécile! lui
939 5859 3749 6030 dit - elle quand celle-ci ent fini de parler,
2080 846 2629 1012 .
