4266 7629
1877 872 2223 1031 L.
604 1048 3299 1257 quel enchanement singulier d'infortunes
600 1284 3278 1469 produites par le hasard! Eh quoi! ce
603 1504 3285 1710 Saint- Ange, cet homme qui vous a ravi
609 1727 3284 1930 votre fils d'une manire anssi trange,
605 1950 3274 2153 c'est ce mme particulier que j'ai vu hier,
599 2174 3283 2370 hier soir, ici! Oh, si j'avais su votre
605 2413 3273 2572 secret, comme je l'aurais examin! Il v
604 2623 3274 2824 a tout lieu de croire que, ne vous con-
604 2854 3274 3056 naissant que sous le nom de Saint-Brice,
599 3074 3284 3283 il ignore ce que vous tes devenue, puis-
604 3299 3284 3502 que le seul confident de votre liaison,
605 3523 3280 3726 cette respectable madame de Servol,
599 3750 3294 3951 n'existe plus. Il est libre comme vous
600 3973 3279 4178 le dites; sa main ne s'est pas encore
604 4201 3293 4403 donne: s'il savait que mademoiselle
604 4427 3284 4626 existe encore, et qu'elle l'aime toujours,
603 4643 3284 4846 il lui rendrait son fils, et peut - tre lui
609 4869 3279 5074 donnerait - il un poux. Mademoiselle, il
604 5093 3274 5256 me vient une ide: madame de Saint-
604 5320 3303 5527 Albin connat Saint - Ange, puisqu'elle
604 5543 3293 5754 l'a envoy ici. J'irai, moi, oui, j'irai voir
603 5765 3299 5973 madame de Saint - Albin, je retrouverai
2650 5976 2944 6162 .
