4266 7801
2215 838 2636 996 o.
1062 1051 3794 1224 amours avec Saint - Ange. Emilie prend
1062 1290 3789 1453 de ce récit l'occasion de parler des vicis-
1062 1514 3789 1681 situdes humaines; puis elle fait à Jean-
1062 1747 2535 1864 nette le récit suivant:
1229 1971 3825 2138 „Ainsi, ma chère, pendant que le des-
1062 2199 3799 2367 tin se plaît à abaisser celui-ci, il donne à
1062 2433 3789 2611 celui-là les moyens de s'élever, et c'est la
1061 2661 3798 2823 providence sans doute qui m'a fait te
1067 2890 3804 3053 rencontrer pour te donner avis du bon-
1062 3119 3810 3281 heur qui t'attend! Ecoute-moi avec atten-
1067 3347 3804 3510 tion Tu sauras qu'après avoir quitté
1071 3575 3809 3742 'hospice des enfans - trouvés, je voulus
1072 3804 3810 3972 aller retrouver mes parens qui demeu-
1072 4033 3810 4201 rent dans une province très - éloignée
1067 4262 3815 4429 d'ici. Eu passant près de Chartres, la
1072 4495 3810 4663 nuit me surprit, ou plutôt un orage
1072 4714 3815 4876 affreux menaçant d'éclater, je me vis
1072 4942 3815 5115 forcée de suspendre ma marche pour cher-
1077 5176 3810 5338 cher un abri. Il n'y avait aucune auberge
1072 5399 3810 5562 aux environs. Je tremblais d'être surprise
1071 5632 3798 5800 par le mauvais tems, lorsque je décou-
1072 5862 3810 6034 vris près de moi une petite masure de
