<PcGts xmlns="http://schema.primaresearch.org/PAGE/gts/pagecontent/2017-07-15" xmlns:xsi="http://www.w3.org/2001/XMLSchema-instance" xsi:schemaLocation="http://schema.primaresearch.org/PAGE/gts/pagecontent/2017-07-15 http://schema.primaresearch.org/PAGE/gts/pagecontent/2017-07-15/pagecontent.xsd"><Metadata><Creator/><Created>2020-09-22T14:06:51</Created><LastChange>1970-01-01T00:00:00</LastChange><Comments/></Metadata><Page imageFilename="0046.png" imageHeight="7801" imageWidth="4266"><ReadingOrder><OrderedGroup id="g1"><RegionRefIndexed index="0" regionRef="r1"/><RegionRefIndexed index="1" regionRef="r2"/></OrderedGroup></ReadingOrder><TextRegion id="r1" type="page-number" orientation="-0.0"><Coords points="2467,862 2467,867 2457,877 2457,911 2452,916 2423,916 2418,911 2418,867 2276,867 2272,872 2135,872 2116,892 2116,897 2111,901 2111,906 2106,911 2106,936 2101,940 2101,1038 2106,1043 2106,1048 2111,1053 2111,1058 2120,1067 2120,1077 2125,1082 2130,1082 2135,1087 2267,1087 2276,1077 2413,1077 2413,1043 2418,1038 2457,1038 2462,1043 2462,1082 2467,1087 2593,1087 2603,1077 2603,1072 2613,1062 2613,1058 2623,1048 2623,1038 2627,1033 2627,999 2632,994 2632,936 2627,931 2627,877 2613,877 2608,872 2603,872 2598,867 2598,862"/><TextEquiv><Unicode/></TextEquiv><TextLine id="r1_l001"><Coords points="2418,986 2417,985 2306,985 2305,985 2306,984 2310,984 2310,984 2310,975 2311,974 2315,974 2315,974 2315,965 2316,964 2320,964 2320,964 2320,955 2321,954 2325,954 2325,954 2325,950 2326,949 2330,949 2330,949 2330,940 2331,939 2336,939 2336,939 2336,930 2337,929 2341,929 2341,929 2341,899 2342,898 2361,898 2361,899 2361,922 2362,922 2524,922 2524,923 2524,923 2362,923 2361,924 2361,938 2362,938 2550,938 2551,939 2564,939 2564,940 2564,949 2565,949 2569,949 2569,950 2569,964 2570,964 2574,964 2574,965 2574,969 2574,969 2570,969 2569,970 2569,986 2569,986"/><TextEquiv index="1"><Unicode></Unicode></TextEquiv></TextLine><TextLine id="r1_l002"><Coords points="2199,1061 2198,1061 2198,1057 2198,1056 2194,1056 2193,1056 2193,1051 2193,1050 2189,1050 2188,1050 2188,1041 2188,1040 2184,1040 2183,1040 2183,1036 2183,1035 2179,1035 2178,1035 2178,1026 2178,1025 2174,1025 2173,1025 2173,1016 2173,1015 2169,1015 2168,1015 2168,970 2169,969 2173,969 2173,969 2173,968 2174,967 2186,967 2187,966 2188,966 2188,967 2188,985 2189,985 2351,985 2352,986 2569,986 2569,987 2569,1010 2569,1010 2565,1010 2564,1011 2564,1025 2564,1025 2560,1025 2559,1026 2559,1035 2559,1035 2555,1035 2554,1036 2554,1040 2554,1040 2550,1040 2549,1041 2549,1050 2549,1050 2545,1050 2544,1051 2544,1056 2544,1056 2536,1056 2535,1057 2535,1060 2535,1060 2534,1060 2534,1057 2534,1056 2530,1056 2529,1056 2529,1051 2529,1050 2215,1050 2214,1051 2214,1056 2214,1056 2210,1056 2209,1057 2209,1061 2209,1061"/><TextEquiv index="1"><Unicode></Unicode></TextEquiv></TextLine></TextRegion><TextRegion id="r2" type="paragraph" orientation="0.375"><Coords points="1755,1092 1750,1097 1750,1140 1745,1145 1511,1145 1506,1140 1506,1101 1472,1101 1470,1099 1469,1099 1467,1097 1340,1097 1338,1099 1337,1099 1335,1101 1194,1101 1194,1145 1189,1150 1160,1150 1155,1145 1155,1101 945,1101 940,1106 940,1175 942,1177 943,1177 945,1179 945,1184 955,1184 960,1189 960,1204 955,1209 940,1209 940,1272 945,1277 1082,1277 1087,1272 1477,1272 1482,1267 2189,1267 2194,1262 2276,1262 2281,1267 2418,1267 2423,1262 2447,1262 2452,1267 2493,1267 2494,1268 2491,1271 2491,1272 2484,1279 2484,1280 2477,1287 2477,1288 2469,1296 2469,1297 2462,1304 2462,1305 2455,1312 2455,1313 2447,1321 2447,1322 2440,1329 2440,1330 2433,1337 2433,1338 2425,1346 2425,1347 2418,1354 2418,1355 2411,1362 2411,1363 2404,1370 2404,1371 2401,1374 2330,1374 2325,1379 2257,1379 2252,1374 2203,1374 2201,1372 2200,1372 2198,1370 2198,1355 2101,1355 2096,1350 2096,1326 1960,1326 1955,1331 1955,1374 1950,1379 1760,1379 1755,1374 1755,1355 1760,1350 1833,1350 1833,1292 1706,1292 1706,1326 1701,1331 1608,1331 1608,1340 1606,1342 1606,1343 1604,1345 1604,1370 1602,1372 1601,1372 1599,1374 1506,1374 1501,1379 1150,1379 1145,1374 1145,1335 960,1335 955,1340 955,1399 960,1404 975,1404 980,1409 978,1411 977,1411 975,1413 955,1413 950,1418 945,1418 945,1501 950,1501 955,1506 1101,1506 1106,1501 1199,1501 1204,1506 1204,1545 1209,1550 1374,1550 1374,1506 1379,1501 1487,1501 1489,1503 1489,1504 1491,1506 1491,1540 1496,1545 1735,1545 1745,1535 1745,1526 1750,1521 1755,1521 1755,1501 1760,1496 1808,1496 1813,1501 1813,1545 1979,1545 1979,1501 1984,1496 2218,1496 2223,1501 2223,1540 2228,1545 2333,1545 2334,1546 2333,1547 2333,1551 2332,1552 2332,1557 2331,1558 2331,1563 2330,1564 2330,1569 2329,1570 2329,1575 2328,1576 2328,1580 2327,1581 2327,1586 2326,1587 2326,1592 2325,1593 2325,1598 2324,1599 2223,1599 2223,1604 2221,1606 2220,1606 2218,1608 2169,1608 2167,1606 2166,1606 2164,1604 2164,1560 2023,1560 2023,1574 2018,1579 2013,1574 2013,1565 1872,1565 1872,1604 1870,1606 1869,1606 1867,1608 1799,1608 1794,1613 1789,1613 1784,1618 1784,1623 1779,1628 1779,1633 1774,1638 1774,1643 1772,1645 1771,1645 1769,1647 1735,1647 1733,1645 1732,1645 1730,1643 1730,1623 1725,1618 1725,1617 1721,1613 1662,1613 1657,1608 1657,1565 1560,1565 1555,1560 1418,1560 1413,1565 1413,1604 1409,1608 1292,1608 1290,1606 1289,1606 1287,1604 1287,1594 1277,1584 1150,1584 1145,1589 1092,1589 1092,1604 1090,1606 1089,1606 1087,1608 975,1608 970,1613 960,1613 955,1618 950,1618 950,1623 945,1628 945,1721 949,1725 950,1725 955,1730 1287,1730 1292,1725 1350,1725 1355,1730 1647,1730 1652,1735 1652,1764 1784,1764 1788,1760 1789,1760 1794,1755 1794,1750 1799,1745 1799,1740 1801,1738 1801,1737 1803,1735 1803,1730 1808,1725 1862,1725 1867,1730 1940,1730 1945,1735 1945,1745 2008,1745 2013,1750 2013,1769 2145,1769 2149,1765 2150,1765 2155,1760 2155,1755 2157,1753 2157,1752 2159,1750 2159,1740 2164,1735 2164,1730 2169,1725 2280,1725 2281,1726 2280,1727 2280,1729 2279,1730 2279,1731 2278,1732 2278,1733 2277,1734 2277,1735 2276,1736 2276,1738 2275,1739 2275,1740 2274,1741 2274,1742 2273,1743 2273,1744 2272,1745 2272,1746 2271,1747 2271,1749 2270,1750 2270,1751 2269,1752 2269,1753 2268,1754 2268,1755 2267,1756 2267,1758 2266,1759 2266,1760 2265,1761 2265,1762 2264,1763 2264,1764 2263,1765 2263,1767 2262,1768 2262,1769 2261,1770 2261,1771 2260,1772 2260,1773 2259,1774 2259,1776 2258,1777 2258,1778 2257,1779 2257,1780 2256,1781 2256,1782 2255,1783 2255,1785 2254,1786 2254,1787 2253,1788 2253,1789 2252,1790 2252,1791 2251,1792 2251,1794 2250,1795 2250,1796 2249,1797 2249,1798 2248,1799 2248,1800 2247,1801 2247,1803 2246,1804 2246,1805 2245,1806 2245,1807 2244,1808 2237,1808 2235,1806 2235,1805 2233,1803 2233,1784 2052,1784 2047,1789 2047,1808 2042,1813 1945,1813 1945,1823 1940,1828 1847,1828 1842,1823 1842,1789 1838,1789 1833,1784 1706,1784 1701,1789 1608,1789 1606,1791 1606,1792 1604,1794 1604,1847 1599,1852 1394,1852 1389,1847 1389,1838 1384,1833 1101,1833 1099,1831 1099,1830 1097,1828 1097,1799 1092,1794 1092,1789 1087,1784 955,1784 950,1789 950,1828 945,1833 940,1833 938,1835 938,1836 936,1838 936,1896 938,1898 938,1899 940,1901 945,1901 950,1906 950,1920 943,1927 943,1928 936,1935 936,1999 1072,1999 1077,1994 1082,1994 1082,1989 1087,1984 1087,1979 1092,1974 1092,1964 1094,1962 1095,1962 1097,1960 1223,1960 1228,1955 1233,1960 1374,1960 1379,1955 1423,1955 1428,1950 1428,1940 1433,1935 1628,1935 1633,1940 1633,1955 1989,1955 1994,1950 2223,1950 2228,1955 2230,1955 2231,1956 2231,1960 2232,1961 2232,1966 2233,1967 2233,1972 2234,1973 2234,1978 2235,1979 2235,1985 2236,1986 2236,1991 2237,1992 2237,1997 2238,1998 2238,2003 2239,2004 2239,2010 2240,2011 2240,2016 2241,2017 2241,2022 2242,2023 2242,2029 2243,2030 2243,2035 2244,2036 2244,2041 2245,2042 2245,2047 2246,2048 2246,2054 2247,2055 2247,2056 2246,2057 2125,2057 2120,2052 2120,2023 2115,2018 2115,2017 2111,2013 1935,2013 1930,2018 1930,2057 1920,2067 1920,2091 1918,2093 1918,2094 1916,2096 1911,2091 1911,2067 1906,2062 1896,2062 1891,2057 1891,2042 1755,2042 1745,2052 1745,2057 1740,2062 1555,2062 1550,2057 1550,2023 1545,2018 1409,2018 1409,2057 1404,2062 1389,2062 1384,2057 1384,2023 1379,2023 1374,2018 1170,2018 1165,2023 1145,2023 1145,2081 1140,2086 1082,2086 1077,2081 945,2081 940,2086 940,2164 945,2169 1082,2169 1087,2164 1189,2164 1194,2169 1194,2174 1199,2179 1199,2189 1204,2194 1331,2194 1333,2192 1333,2191 1335,2189 1560,2189 1565,2184 1599,2184 1604,2189 1823,2189 1828,2194 1828,2223 1960,2223 1960,2218 1964,2214 1964,2213 1969,2208 1969,2203 1974,2198 1974,2189 1979,2184 2057,2184 2062,2189 2062,2228 2203,2228 2213,2218 2213,2213 2218,2208 2218,2198 2220,2196 2221,2196 2223,2194 2223,2184 2228,2179 2273,2179 2274,2180 2274,2181 2275,2182 2275,2185 2276,2186 2276,2189 2277,2190 2277,2192 2278,2193 2278,2196 2279,2197 2279,2200 2280,2201 2280,2203 2281,2204 2281,2207 2282,2208 2282,2211 2283,2212 2283,2214 2284,2215 2284,2218 2285,2219 2285,2222 2286,2223 2286,2225 2287,2226 2287,2229 2288,2230 2288,2233 2289,2234 2289,2236 2290,2237 2290,2240 2291,2241 2291,2244 2292,2245 2292,2247 2293,2248 2293,2251 2294,2252 2294,2255 2295,2256 2295,2258 2296,2259 2296,2262 2297,2263 2297,2266 2298,2267 2298,2269 2299,2270 2299,2273 2300,2274 2300,2277 2301,2278 2301,2280 2302,2281 2302,2284 2303,2285 2303,2286 2302,2287 2301,2286 2033,2286 2028,2281 2028,2242 1706,2242 1701,2247 1696,2247 1691,2252 1691,2286 1686,2291 1565,2291 1560,2286 1560,2242 1428,2242 1423,2247 1423,2267 1418,2272 1394,2272 1389,2267 1389,2252 1131,2252 1131,2286 1126,2291 970,2291 965,2296 960,2296 950,2306 950,2315 945,2320 945,2403 960,2418 970,2418 975,2423 975,2457 980,2462 1150,2462 1150,2423 1155,2418 1179,2418 1184,2413 1292,2413 1294,2415 1294,2416 1296,2418 1613,2418 1618,2413 1799,2413 1801,2415 1801,2416 1803,2418 1803,2452 1808,2457 1974,2457 1979,2452 1984,2452 1989,2447 1989,2442 1994,2437 1994,2418 1999,2413 2228,2413 2233,2418 2233,2447 2258,2447 2259,2448 2259,2449 2258,2450 2258,2451 2257,2452 2257,2453 2256,2454 2256,2455 2255,2456 2255,2457 2254,2458 2254,2459 2252,2461 2252,2462 2251,2463 2251,2464 2250,2465 2250,2466 2249,2467 2242,2467 2240,2469 2239,2469 2237,2471 2237,2491 2236,2492 2236,2493 2235,2494 2235,2495 2234,2496 2234,2497 2233,2498 2233,2499 2231,2501 2231,2502 2230,2503 2230,2504 2229,2505 2229,2506 2228,2507 2228,2508 2226,2510 2164,2510 2159,2515 2028,2515 2023,2510 2023,2476 2018,2471 1735,2471 1730,2476 1667,2476 1667,2486 1662,2491 1662,2506 1660,2508 1659,2508 1657,2510 1657,2515 1652,2520 1652,2530 1647,2535 1647,2536 1643,2540 1394,2540 1389,2535 1389,2530 1384,2525 1384,2481 1379,2476 1243,2476 1243,2481 1238,2486 1238,2501 1233,2506 1170,2506 1170,2520 1165,2525 1106,2525 1101,2520 1101,2486 1099,2484 1099,2483 1097,2481 950,2481 945,2486 945,2545 949,2549 950,2549 955,2554 955,2603 960,2608 960,2652 1126,2652 1131,2647 1433,2647 1438,2642 1438,2627 1440,2625 1441,2625 1443,2623 1613,2623 1615,2625 1616,2625 1618,2627 1618,2642 2023,2642 2028,2637 2158,2637 2159,2638 2159,2639 2158,2640 2158,2641 2157,2642 2157,2643 2156,2644 2156,2645 2155,2646 2155,2647 2154,2648 2154,2649 2153,2650 2153,2651 2152,2652 2152,2653 2151,2654 2151,2655 2149,2657 2149,2658 2148,2659 2148,2660 2147,2661 2147,2662 2146,2663 2146,2664 2145,2665 2145,2666 2144,2667 2144,2668 2143,2669 2143,2670 2142,2671 2142,2672 2141,2673 2141,2674 2140,2675 2140,2676 2138,2678 2138,2679 2137,2680 2137,2681 2136,2682 2136,2683 2135,2684 2135,2685 2134,2686 2134,2687 2133,2688 2133,2689 2132,2690 2132,2691 2131,2692 2131,2693 2130,2694 2130,2695 2128,2697 2128,2698 2127,2699 2127,2700 2126,2701 2126,2702 2125,2703 2125,2704 2124,2705 2124,2706 2123,2707 2123,2708 2122,2709 2122,2710 2121,2711 2121,2712 2120,2713 2120,2714 2118,2716 2118,2717 2117,2718 2117,2719 2116,2720 2116,2721 2115,2722 2115,2723 2114,2724 2114,2725 2113,2726 2113,2727 2112,2728 2111,2727 2111,2725 1974,2725 1974,2735 1969,2740 1886,2740 1884,2742 1883,2742 1881,2744 1838,2744 1836,2742 1835,2742 1833,2740 1833,2701 1682,2701 1675,2708 1674,2708 1667,2715 1667,2725 1662,2730 1662,2740 1660,2742 1659,2742 1657,2744 1604,2744 1599,2749 1418,2749 1413,2754 1360,2754 1355,2749 1355,2744 1350,2739 1349,2739 1345,2735 1345,2725 1340,2720 1340,2710 1209,2710 1204,2715 1204,2730 1199,2735 1199,2740 1197,2742 1196,2742 1194,2744 1194,2754 1189,2759 1189,2769 1184,2774 1087,2774 1082,2769 950,2769 945,2774 945,2842 950,2847 950,2852 1131,2852 1136,2847 1160,2847 1165,2852 1165,2876 1506,2876 1506,2871 1511,2866 1516,2866 1521,2871 1521,2876 1647,2876 1647,2871 1652,2866 2111,2866 2116,2861 2182,2861 2226,2905 2227,2905 2236,2914 2235,2915 2120,2915 2118,2917 2118,2918 2116,2920 2057,2920 2052,2925 2003,2925 2003,2935 2001,2937 2001,2938 1999,2940 1999,2954 1994,2959 1994,2969 1989,2974 1906,2974 1901,2969 1901,2959 1896,2954 1852,2954 1842,2944 1842,2935 1837,2930 1837,2929 1833,2925 1579,2925 1579,2969 1574,2974 1491,2974 1489,2976 1489,2977 1487,2979 1482,2974 1482,2935 1477,2935 1472,2930 1218,2930 1218,2979 1214,2983 1175,2983 1170,2988 1131,2988 1121,2998 1116,2998 1116,3008 1111,3013 1111,3071 1116,3076 1116,3086 1121,3086 1131,3096 1140,3096 1142,3098 1143,3098 1145,3100 1272,3100 1274,3098 1275,3098 1277,3096 1535,3096 1540,3091 1599,3091 1604,3096 1735,3096 1740,3091 1901,3091 1906,3096 1906,3139 2062,3139 2062,3091 2067,3086 2164,3086 2169,3091 2233,3091 2235,3093 2235,3094 2237,3096 2237,3125 2286,3125 2287,3126 2287,3128 2286,3129 2286,3130 2285,3131 2285,3132 2284,3133 2284,3134 2283,3135 2283,3137 2282,3138 2282,3139 2281,3140 2281,3141 2280,3142 2280,3143 2279,3144 2279,3146 2278,3147 2278,3148 2277,3149 2277,3150 2276,3151 2276,3153 2275,3154 2145,3154 2140,3159 2140,3217 2159,3217 2164,3222 2164,3227 2159,3232 2145,3232 2140,3237 2135,3237 2130,3232 2130,3203 2125,3198 2120,3198 2118,3196 2118,3195 2116,3193 1979,3193 1974,3198 1613,3198 1613,3203 1608,3208 1511,3208 1506,3203 1506,3169 1501,3164 1496,3164 1491,3159 1355,3159 1345,3169 1340,3164 1335,3164 1333,3162 1333,3161 1331,3159 1179,3159 1177,3161 1177,3162 1175,3164 1170,3164 1158,3176 1157,3176 1145,3188 1145,3193 1140,3198 1140,3227 1138,3229 1138,3230 1136,3232 1087,3232 1082,3227 950,3227 945,3232 945,3291 947,3293 948,3293 950,3295 950,3315 1082,3315 1087,3310 1145,3310 1150,3315 1150,3320 1155,3320 1160,3325 1175,3325 1184,3334 1184,3344 1194,3354 1199,3354 1204,3359 1209,3359 1214,3364 1379,3364 1384,3359 1384,3334 1386,3332 1387,3332 1389,3330 1418,3330 1423,3325 2023,3325 2028,3320 2047,3320 2052,3325 2052,3359 2179,3359 2194,3344 2194,3330 2196,3328 2196,3327 2198,3325 2286,3325 2291,3320 2313,3320 2329,3336 2330,3336 2351,3357 2352,3357 2373,3378 2374,3378 2395,3399 2396,3399 2418,3421 2419,3421 2424,3426 2423,3427 2101,3427 2096,3432 1379,3432 1374,3437 1204,3437 1204,3442 1199,3447 1150,3447 1145,3442 1145,3398 1140,3393 1004,3393 999,3398 984,3398 984,3442 975,3451 970,3451 955,3466 955,3549 960,3554 960,3559 965,3564 1194,3564 1196,3566 1197,3566 1199,3568 1199,3603 1201,3605 1202,3605 1204,3607 1365,3607 1367,3605 1368,3605 1370,3603 1374,3603 1374,3564 1379,3559 1842,3559 1847,3554 2155,3554 2157,3552 2157,3551 2159,3549 2458,3549 2459,3550 2458,3551 2458,3553 2457,3554 2457,3557 2456,3558 2456,3560 2455,3561 2455,3563 2454,3564 2454,3567 2453,3568 2453,3570 2452,3571 2452,3573 2451,3574 2451,3577 2450,3578 2450,3580 2449,3581 2449,3583 2448,3584 2448,3587 2447,3588 2447,3590 2446,3591 2446,3593 2445,3594 2445,3597 2444,3598 2444,3600 2443,3601 2443,3603 2442,3604 2442,3607 2441,3608 2441,3610 2440,3611 2440,3613 2439,3614 2439,3617 2438,3618 2438,3620 2437,3621 2437,3623 2436,3624 2436,3626 2435,3627 2435,3630 2434,3631 2434,3633 2433,3634 2433,3636 2432,3637 2432,3640 2431,3641 2431,3643 2430,3644 2430,3646 2429,3647 2429,3650 2428,3651 2247,3651 2242,3656 2218,3656 2213,3651 2086,3651 2081,3656 1877,3656 1872,3651 1872,3617 1867,3612 1808,3612 1803,3607 1803,3603 1677,3603 1677,3607 1672,3612 1560,3612 1550,3622 1550,3627 1545,3632 1545,3637 1540,3642 1540,3656 1535,3661 1472,3661 1467,3656 1467,3617 1316,3617 1316,3656 1311,3661 1209,3661 1204,3666 1194,3666 1189,3661 1189,3622 1184,3617 955,3617 955,3622 950,3627 950,3695 960,3695 965,3700 965,3710 960,3715 960,3788 965,3793 1101,3793 1106,3788 1292,3788 1294,3786 1294,3785 1296,3783 1662,3783 1667,3778 1672,3783 1877,3783 1879,3781 1879,3780 1881,3778 1896,3778 1901,3783 2033,3783 2038,3778 2366,3778 2367,3779 2366,3780 2366,3781 2365,3782 2365,3783 2364,3784 2364,3785 2363,3786 2363,3787 2362,3788 2362,3789 2361,3790 2361,3791 2360,3792 2360,3793 2359,3794 2359,3795 2358,3796 2358,3797 2356,3799 2356,3800 2355,3801 2355,3802 2354,3803 2354,3804 2353,3805 2353,3806 2352,3807 2352,3808 2351,3809 2351,3810 2350,3811 2350,3812 2349,3813 2349,3814 2348,3815 2348,3816 2347,3817 2347,3818 2346,3819 2346,3820 2344,3822 2344,3823 2343,3824 2343,3825 2342,3826 2342,3827 2341,3828 2341,3829 2340,3830 2340,3831 2339,3832 2339,3833 2338,3834 2338,3835 2337,3836 2337,3837 2336,3838 2336,3839 2335,3840 2335,3841 2334,3842 2334,3843 2333,3844 2333,3845 2331,3847 2331,3848 2330,3849 2330,3850 2329,3851 2329,3852 2328,3853 2328,3854 2327,3855 2327,3856 2326,3857 2326,3858 2325,3859 2325,3860 2324,3861 2324,3862 2323,3863 2323,3864 2322,3865 2322,3866 2321,3867 2321,3868 2319,3870 2319,3871 2318,3872 2318,3873 2317,3874 2317,3875 2316,3876 2316,3877 2315,3878 2315,3879 2314,3880 2314,3881 2313,3882 2313,3883 2312,3884 2312,3885 2311,3886 2311,3887 2310,3888 2310,3889 2309,3890 2309,3891 2308,3892 2301,3885 2296,3885 2291,3880 2169,3880 2167,3878 2166,3878 2164,3876 2164,3846 2159,3841 2077,3841 2075,3839 2074,3839 2072,3837 1930,3837 1928,3839 1927,3839 1925,3841 1920,3841 1918,3843 1918,3844 1916,3846 1916,3851 1911,3856 1911,3880 1906,3885 1657,3885 1652,3880 1652,3846 1647,3841 1511,3841 1506,3846 1506,3880 1501,3885 1448,3885 1443,3890 1389,3890 1384,3885 1384,3851 1379,3846 1165,3846 1160,3851 1160,3915 1155,3920 1140,3920 1138,3918 1138,3917 1136,3915 955,3915 955,3993 960,3998 960,4012 1087,4012 1087,4002 1089,4000 1090,4000 1092,3998 1145,3998 1147,4000 1148,4000 1150,4002 1150,4017 1155,4022 1296,4022 1301,4017 1311,4017 1316,4012 1808,4012 1813,4007 1940,4007 1945,4002 1950,4002 1955,4007 2228,4007 2233,4012 2233,4041 2347,4041 2348,4042 2348,4044 2349,4045 2349,4046 2350,4047 2350,4049 2351,4050 2351,4052 2352,4053 2352,4054 2353,4055 2353,4057 2354,4058 2354,4060 2355,4061 2355,4062 2356,4063 2356,4065 2357,4066 2357,4068 2358,4069 2358,4070 2359,4071 2359,4073 2360,4074 2360,4075 2361,4076 2361,4078 2362,4079 2362,4081 2363,4082 2363,4083 2364,4084 2364,4086 2365,4087 2365,4089 2366,4090 2366,4091 2367,4092 2367,4094 2368,4095 2368,4097 2369,4098 2369,4099 2370,4100 2370,4102 2371,4103 2371,4104 2370,4105 2345,4105 2340,4110 1896,4110 1891,4115 1516,4115 1511,4110 1511,4076 1272,4076 1272,4080 1267,4085 1267,4115 1265,4117 1264,4117 1262,4119 984,4119 982,4121 982,4122 980,4124 970,4124 960,4134 960,4163 955,4168 955,4241 960,4246 1282,4246 1287,4241 1526,4241 1528,4243 1528,4244 1530,4246 1530,4285 1682,4285 1684,4283 1684,4282 1686,4280 1691,4280 1691,4241 1696,4236 1999,4236 2003,4232 2033,4232 2035,4234 2036,4234 2038,4236 2038,4275 2042,4275 2047,4280 2042,4285 1989,4285 1989,4329 1984,4334 1633,4334 1628,4339 1550,4339 1545,4334 1545,4295 1394,4295 1394,4334 1389,4339 1326,4339 1321,4334 1321,4324 1189,4324 1184,4329 1184,4339 1179,4344 1160,4344 1155,4339 1155,4305 1150,4300 994,4300 989,4305 984,4305 982,4307 982,4308 980,4310 980,4314 970,4324 970,4344 965,4349 955,4349 955,4412 960,4417 960,4466 965,4466 967,4468 968,4468 970,4470 970,4475 1101,4475 1101,4470 1103,4468 1104,4468 1106,4466 1233,4466 1238,4461 1511,4461 1516,4456 1633,4456 1638,4461 1764,4461 1769,4456 2028,4456 2033,4461 2120,4461 2125,4466 2125,4495 2267,4495 2272,4490 2272,4485 2274,4483 2274,4482 2276,4480 2276,4470 2278,4468 2279,4468 2281,4466 2281,4451 2286,4446 2332,4446 2333,4447 2332,4448 2332,4449 2331,4450 2331,4451 2330,4452 2330,4453 2329,4454 2329,4455 2327,4457 2327,4458 2326,4459 2326,4460 2325,4461 2325,4462 2324,4463 2324,4464 2323,4465 2323,4466 2321,4468 2321,4469 2320,4470 2320,4471 2319,4472 2319,4473 2318,4474 2318,4475 2317,4476 2317,4477 2315,4479 2315,4480 2314,4481 2314,4482 2313,4483 2313,4484 2312,4485 2312,4486 2311,4487 2311,4488 2309,4490 2309,4491 2308,4492 2308,4493 2307,4494 2307,4495 2306,4496 2306,4497 2305,4498 2305,4499 2303,4501 2303,4502 2302,4503 2302,4504 2301,4505 2301,4506 2300,4507 2300,4508 2299,4509 2299,4510 2297,4512 2297,4513 2296,4514 2198,4514 2198,4553 2196,4555 2196,4556 2194,4558 2086,4558 2081,4553 2081,4524 2076,4519 2076,4518 2072,4514 1935,4514 1930,4519 1930,4558 1925,4563 1794,4563 1789,4568 1779,4568 1769,4578 1769,4583 1767,4585 1766,4585 1764,4587 1764,4597 1762,4599 1762,4600 1760,4602 1711,4602 1706,4597 1706,4568 1691,4568 1686,4563 1686,4548 1550,4548 1550,4563 1545,4568 1282,4568 1277,4573 1155,4573 1150,4568 1150,4524 999,4524 999,4573 994,4578 975,4578 970,4583 969,4583 965,4587 965,4592 960,4597 960,4665 965,4670 965,4680 975,4690 1326,4690 1331,4695 1331,4734 1335,4734 1340,4739 1506,4739 1511,4734 1516,4734 1526,4724 1526,4719 1528,4717 1528,4716 1530,4714 1530,4690 1535,4685 1638,4685 1643,4690 1643,4729 1774,4729 1789,4714 1794,4719 1794,4729 1799,4734 1960,4734 1962,4732 1962,4731 1964,4729 1964,4690 1969,4685 1994,4685 1999,4680 2257,4680 2258,4681 2258,4686 2259,4687 2259,4692 2260,4693 2260,4698 2261,4699 2261,4703 2262,4704 2262,4709 2263,4710 2263,4715 2264,4716 2264,4721 2265,4722 2265,4727 2266,4728 2266,4732 2267,4733 2267,4738 2268,4739 2268,4744 2269,4745 2269,4750 2270,4751 2270,4756 2271,4757 2271,4762 2272,4763 2272,4767 2273,4768 2273,4773 2274,4774 2274,4779 2275,4780 2275,4785 2276,4786 2276,4791 2277,4792 2277,4796 2278,4797 2278,4802 2279,4803 2279,4808 2280,4809 2280,4814 2281,4815 2281,4820 2282,4821 2282,4825 2281,4826 2223,4826 2218,4821 2218,4797 2213,4797 2208,4792 2179,4792 2174,4787 2174,4743 1960,4743 1955,4748 1955,4753 1950,4758 1950,4773 1945,4778 1945,4787 1940,4792 1940,4802 1935,4807 1935,4812 1930,4817 1750,4817 1745,4812 1745,4753 1740,4748 1599,4748 1599,4773 1594,4778 1511,4778 1509,4780 1508,4780 1506,4782 1506,4792 1501,4797 1316,4797 1311,4802 1253,4802 1248,4797 1248,4792 1243,4792 1238,4787 1238,4782 1106,4782 1101,4787 1101,4792 1099,4794 1099,4795 1097,4797 1053,4797 1048,4802 994,4802 989,4807 980,4807 970,4817 970,4831 960,4841 960,4900 962,4902 963,4902 965,4904 970,4904 977,4911 977,4912 984,4919 1106,4919 1111,4924 1238,4924 1243,4919 1355,4919 1360,4914 1384,4914 1389,4919 1526,4919 1528,4917 1528,4916 1530,4914 1604,4914 1606,4916 1606,4917 1608,4919 1735,4919 1740,4914 1745,4914 1745,4895 1750,4890 1906,4890 1911,4895 1911,4909 2140,4909 2145,4914 2145,4948 2150,4953 2281,4953 2281,4943 2285,4939 2286,4939 2291,4934 2291,4929 2293,4927 2294,4928 2294,4935 2295,4936 2295,4945 2296,4946 2296,4954 2297,4955 2297,4963 2298,4964 2298,4972 2299,4973 2299,4982 2300,4983 2300,4991 2301,4992 2301,5000 2302,5001 2302,5010 2303,5011 2303,5016 2302,5017 2267,5017 2265,5019 2264,5019 2262,5021 2262,5051 2257,5056 2198,5056 2193,5051 2193,5050 2189,5046 2189,5021 2187,5019 2186,5019 2184,5017 2125,5017 2120,5012 2120,4973 2072,4973 2067,4968 1930,4968 1925,4973 1916,4973 1909,4980 1908,4980 1901,4987 1901,4992 1896,4997 1896,5021 1891,5026 1745,5026 1740,5021 1594,5021 1579,5036 1579,5060 1574,5065 1526,5065 1521,5060 1521,5031 1516,5026 1506,5026 1501,5021 1501,5012 1360,5012 1360,5021 1355,5026 1316,5026 1311,5021 1311,4978 1165,4978 1160,4983 1159,4983 1155,4987 1155,4997 1150,5002 1150,5021 1145,5026 1092,5026 1087,5031 999,5031 994,5036 984,5036 982,5038 982,5039 980,5041 980,5046 975,5051 975,5056 973,5058 972,5058 970,5060 970,5124 975,5129 975,5134 984,5143 989,5143 994,5148 1189,5148 1194,5143 1199,5148 1448,5148 1450,5150 1450,5151 1452,5153 1452,5192 1579,5192 1589,5182 1589,5177 1591,5175 1592,5175 1594,5173 1594,5168 1599,5163 1599,5158 1604,5153 1604,5148 1606,5146 1606,5145 1608,5143 1891,5143 1896,5138 2120,5138 2125,5143 2125,5163 2120,5168 2106,5168 2101,5173 2101,5221 2096,5226 2086,5226 2086,5241 2081,5246 1964,5246 1964,5251 1960,5255 1867,5255 1865,5253 1864,5253 1862,5251 1862,5207 1847,5207 1842,5202 1711,5202 1706,5207 1599,5207 1594,5212 1593,5212 1589,5216 1589,5251 1587,5253 1586,5253 1584,5255 1582,5253 1581,5253 1579,5251 1579,5212 1574,5207 1443,5207 1438,5212 1292,5212 1292,5251 1290,5253 1289,5253 1287,5255 1272,5255 1270,5253 1269,5253 1267,5251 1267,5212 1150,5212 1145,5207 1019,5207 1014,5212 1013,5212 1009,5216 1009,5255 1004,5260 994,5260 989,5265 984,5265 979,5270 979,5271 975,5275 975,5358 979,5362 979,5363 984,5368 989,5368 993,5372 994,5372 999,5377 1194,5377 1199,5372 1238,5372 1243,5377 1472,5377 1477,5382 1477,5411 1482,5416 1487,5416 1489,5418 1489,5419 1491,5421 1652,5421 1657,5416 1662,5416 1667,5411 1672,5411 1672,5407 1677,5402 1677,5377 1682,5372 2057,5372 2059,5370 2060,5370 2062,5368 2145,5368 2147,5370 2148,5370 2150,5372 2281,5372 2283,5370 2284,5370 2286,5368 2372,5368 2373,5369 2373,5372 2374,5373 2374,5376 2375,5377 2375,5380 2376,5381 2376,5384 2377,5385 2377,5388 2378,5389 2378,5392 2379,5393 2379,5395 2380,5396 2380,5399 2381,5400 2381,5403 2382,5404 2382,5407 2383,5408 2383,5411 2384,5412 2384,5415 2385,5416 2385,5419 2386,5420 2386,5423 2387,5424 2387,5427 2388,5428 2388,5431 2389,5432 2389,5435 2390,5436 2390,5439 2391,5440 2391,5443 2392,5444 2392,5447 2393,5448 2393,5451 2394,5452 2394,5455 2395,5456 2395,5458 2396,5459 2396,5462 2397,5463 2397,5466 2398,5467 2398,5469 2397,5470 2350,5470 2345,5475 2296,5475 2291,5470 2291,5455 2247,5455 2242,5450 2242,5431 2101,5431 2101,5455 2096,5460 2077,5460 2072,5455 2072,5436 2067,5431 1867,5431 1857,5441 1857,5475 1852,5480 1604,5480 1599,5485 1594,5485 1592,5487 1591,5487 1589,5489 1584,5489 1584,5494 1579,5499 1579,5519 1574,5524 1560,5524 1555,5519 1555,5485 1550,5485 1545,5480 1399,5480 1394,5475 1394,5436 1150,5436 1145,5441 1145,5499 1150,5504 1145,5509 965,5509 960,5514 960,5577 965,5582 965,5587 1101,5587 1106,5582 1145,5582 1150,5587 1150,5602 1170,5602 1172,5604 1173,5604 1175,5606 1448,5606 1452,5602 1472,5602 1474,5604 1475,5604 1477,5606 1477,5641 1613,5641 1613,5636 1623,5626 1628,5626 1628,5621 1633,5616 1633,5606 1635,5604 1636,5604 1638,5602 1945,5602 1950,5597 2233,5597 2235,5599 2235,5600 2237,5602 2237,5641 2335,5641 2336,5642 2334,5644 2334,5645 2332,5647 2332,5648 2330,5650 2330,5651 2328,5653 2328,5654 2327,5655 2327,5656 2325,5658 2325,5659 2323,5661 2323,5662 2321,5664 2321,5665 2319,5667 2319,5668 2318,5669 2318,5670 2316,5672 2316,5673 2314,5675 2314,5676 2312,5678 2312,5679 2310,5681 2310,5682 2309,5683 2309,5684 2307,5686 2307,5687 2305,5689 2305,5690 2303,5692 2303,5693 2301,5695 2301,5696 2300,5697 2300,5698 2299,5699 2169,5699 2164,5704 1891,5704 1886,5699 1886,5684 1881,5684 1877,5680 1877,5675 1872,5670 1872,5665 1735,5665 1735,5704 1730,5709 1682,5709 1677,5704 1677,5665 1584,5665 1579,5660 1428,5660 1423,5665 1418,5665 1413,5670 1413,5671 1409,5675 1409,5680 1407,5682 1406,5682 1404,5684 1404,5704 1399,5709 1370,5709 1365,5704 1365,5689 1326,5689 1321,5684 1321,5665 1316,5660 1184,5660 1179,5665 1179,5684 1177,5686 1177,5687 1175,5689 1136,5689 1131,5694 1131,5704 1126,5709 965,5709 960,5714 960,5782 970,5782 975,5787 975,5806 970,5811 965,5811 965,5875 970,5880 1126,5880 1131,5875 1136,5875 1136,5836 1138,5834 1138,5833 1140,5831 1521,5831 1526,5826 1545,5826 1550,5831 1682,5831 1684,5829 1684,5828 1686,5826 2184,5826 2189,5821 2384,5821 2396,5833 2397,5833 2410,5846 2411,5846 2424,5859 2425,5859 2438,5872 2439,5872 2451,5884 2452,5884 2465,5897 2466,5897 2479,5910 2480,5910 2492,5922 2491,5923 2281,5923 2276,5928 1989,5928 1984,5923 1984,5889 1979,5884 1833,5884 1828,5889 1828,5923 1823,5928 1584,5928 1579,5933 1574,5928 1574,5889 1511,5889 1506,5884 1355,5884 1355,5923 1350,5928 1301,5928 1296,5923 1296,5889 975,5889 975,5958 989,5958 991,5960 992,5960 994,5962 994,5977 989,5982 975,5982 975,5987 965,5997 965,6055 970,6060 1145,6060 1150,6055 1462,6055 1467,6060 1467,6099 1477,6099 1481,6103 1633,6103 1633,6060 1638,6055 2359,6055 2364,6050 2442,6050 2447,6055 2579,6055 2584,6050 2618,6050 2623,6045 2632,6045 2637,6050 2769,6050 2774,6045 2779,6050 2779,6084 2871,6084 2876,6089 2886,6089 2891,6094 3027,6094 3032,6089 3032,6040 3034,6038 3035,6038 3037,6036 3039,6038 3040,6038 3042,6040 3042,6045 3237,6045 3241,6041 3242,6041 3247,6036 3642,6036 3646,6040 3646,6045 3773,6045 3773,6040 3777,6036 3778,6036 3783,6031 3783,6016 3788,6011 3807,6011 3812,6006 3836,6006 3836,5943 3832,5943 3827,5938 3783,5938 3778,5933 3778,5914 3603,5914 3598,5909 3598,5875 3593,5875 3588,5870 3588,5865 3451,5865 3451,5870 3449,5872 3449,5873 3447,5875 3203,5875 3203,5914 3198,5919 3174,5919 3169,5914 3169,5899 3164,5894 3164,5884 3162,5882 3161,5882 3159,5880 3027,5880 3027,5914 3022,5919 2983,5919 2979,5923 2871,5923 2871,5953 2866,5958 2861,5958 2859,5956 2859,5955 2857,5953 2857,5938 2842,5923 2788,5923 2786,5921 2785,5921 2783,5919 2783,5884 2779,5880 2510,5880 2506,5884 2506,5919 2504,5921 2503,5921 2501,5923 2497,5923 2490,5916 2489,5916 2476,5903 2475,5903 2462,5890 2461,5890 2448,5877 2447,5877 2434,5864 2433,5864 2420,5851 2419,5851 2406,5838 2405,5838 2392,5825 2391,5825 2388,5822 2389,5821 2754,5821 2759,5826 2759,5865 2920,5865 2920,5821 2925,5816 3256,5816 3261,5821 3261,5860 3417,5860 3417,5816 3422,5811 3807,5811 3807,5806 3812,5801 3812,5743 3807,5738 3807,5733 3812,5728 3812,5665 3807,5660 3807,5645 3802,5645 3798,5641 3671,5641 3669,5643 3668,5643 3666,5645 3661,5645 3661,5684 3656,5689 3651,5684 3651,5675 3646,5670 3607,5670 3605,5668 3605,5667 3603,5665 3603,5645 3466,5645 3466,5670 3461,5675 3412,5675 3412,5684 3410,5686 3410,5687 3408,5689 3120,5689 3115,5694 2754,5694 2749,5699 2535,5699 2530,5694 2530,5680 2491,5680 2481,5670 2481,5660 2345,5660 2345,5665 2340,5670 2340,5680 2338,5682 2337,5682 2335,5684 2335,5694 2330,5699 2304,5699 2303,5698 2303,5697 2304,5696 2304,5695 2306,5693 2306,5692 2308,5690 2308,5689 2310,5687 2310,5686 2312,5684 2312,5683 2313,5682 2313,5681 2315,5679 2315,5678 2317,5676 2317,5675 2319,5673 2319,5672 2321,5670 2321,5669 2322,5668 2322,5667 2324,5665 2324,5664 2326,5662 2326,5661 2328,5659 2328,5658 2330,5656 2330,5655 2331,5654 2331,5653 2333,5651 2333,5650 2335,5648 2335,5647 2337,5645 2337,5644 2340,5641 2403,5641 2403,5602 2408,5597 2662,5597 2664,5595 2664,5594 2666,5592 2930,5592 2935,5587 3013,5587 3018,5592 3018,5626 3149,5626 3164,5611 3164,5597 3174,5587 3408,5587 3410,5589 3410,5590 3412,5592 3412,5626 3544,5626 3549,5621 3549,5616 3554,5611 3554,5606 3556,5604 3557,5604 3559,5602 3559,5592 3564,5587 3617,5587 3622,5582 3807,5582 3812,5577 3812,5572 3817,5567 3817,5480 3812,5475 3812,5470 3802,5460 3744,5460 3739,5455 3739,5416 3422,5416 3417,5421 3417,5460 3412,5465 3393,5465 3388,5460 3252,5460 3247,5465 3105,5465 3105,5504 3100,5509 3098,5507 3098,5506 3096,5504 3096,5470 3091,5465 3086,5465 3081,5460 3032,5460 3027,5455 3027,5426 2974,5426 2969,5421 2827,5421 2822,5426 2813,5426 2803,5436 2803,5441 2798,5446 2798,5465 2793,5470 2401,5470 2400,5469 2400,5468 2399,5467 2399,5464 2398,5463 2398,5460 2397,5459 2397,5456 2396,5455 2396,5452 2395,5451 2395,5448 2394,5447 2394,5444 2393,5443 2393,5440 2392,5439 2392,5436 2391,5435 2391,5432 2390,5431 2390,5428 2389,5427 2389,5424 2388,5423 2388,5420 2387,5419 2387,5416 2386,5415 2386,5412 2385,5411 2385,5408 2384,5407 2384,5405 2383,5404 2383,5401 2382,5400 2382,5397 2381,5396 2381,5393 2380,5392 2380,5389 2379,5388 2379,5385 2378,5384 2378,5381 2377,5380 2377,5377 2376,5376 2376,5373 2375,5372 2375,5369 2376,5368 2593,5368 2598,5363 3066,5363 3071,5358 3568,5358 3573,5353 3661,5353 3666,5358 3798,5358 3802,5354 3802,5353 3807,5348 3807,5324 3812,5319 3817,5319 3817,5275 3822,5270 3822,5265 3827,5260 3827,5202 3817,5192 3807,5192 3802,5187 3525,5187 3520,5192 3520,5207 3515,5212 3515,5226 3510,5231 3291,5231 3286,5226 3286,5216 3149,5216 3149,5226 3144,5231 3047,5231 3042,5236 3003,5236 2998,5231 2998,5197 2993,5192 2847,5192 2842,5197 2837,5197 2827,5207 2827,5212 2825,5214 2824,5214 2822,5216 2822,5236 2820,5238 2820,5239 2818,5241 2671,5241 2666,5246 2530,5246 2525,5241 2393,5241 2391,5243 2391,5244 2389,5246 2344,5246 2343,5245 2343,5243 2342,5242 2342,5239 2341,5238 2341,5235 2340,5234 2340,5231 2339,5230 2339,5227 2338,5226 2338,5224 2337,5223 2337,5220 2336,5219 2336,5216 2335,5215 2335,5212 2334,5211 2334,5208 2333,5207 2333,5204 2332,5203 2332,5200 2331,5199 2331,5196 2330,5195 2330,5192 2329,5191 2329,5188 2330,5187 2423,5187 2423,5143 2428,5138 2549,5138 2551,5136 2552,5136 2554,5134 2876,5134 2878,5136 2879,5136 2881,5138 2881,5168 3013,5168 3018,5163 3018,5158 3020,5156 3020,5155 3022,5153 3022,5148 3027,5143 3027,5134 3032,5129 3037,5129 3042,5134 3042,5173 3188,5173 3193,5168 3203,5168 3203,5129 3208,5124 3217,5124 3222,5129 3359,5129 3364,5124 3627,5124 3632,5129 3632,5134 3759,5134 3759,5129 3761,5127 3761,5126 3763,5124 3817,5124 3822,5119 3822,5056 3817,5056 3807,5046 3807,5002 3802,4997 3603,4997 3598,5002 3573,5002 3568,4997 3437,4997 3432,5002 3422,5002 3417,4997 3417,4958 3232,4958 3227,4963 3183,4963 3178,4968 3178,4997 3176,4999 3176,5000 3174,5002 3061,5002 3061,5007 3059,5009 3059,5010 3057,5012 3032,5012 3018,5026 3018,5031 3013,5036 3013,5046 3008,5051 2964,5051 2959,5046 2959,5021 2957,5019 2956,5019 2954,5017 2949,5017 2944,5012 2822,5012 2820,5010 2820,5009 2818,5007 2818,4992 2779,4992 2769,4982 2769,4978 2764,4973 2764,4968 2632,4968 2632,4973 2627,4978 2627,4987 2625,4989 2625,4990 2623,4992 2510,4992 2508,4994 2508,4995 2506,4997 2506,5007 2496,5017 2306,5017 2305,5016 2305,5011 2304,5010 2304,5001 2303,5000 2303,4992 2302,4991 2302,4983 2301,4982 2301,4973 2300,4972 2300,4964 2299,4963 2299,4955 2298,4954 2298,4946 2297,4945 2297,4936 2296,4935 2296,4927 2295,4926 2295,4925 2296,4924 2296,4919 2301,4914 2301,4909 2306,4904 2311,4909 2510,4909 2515,4904 2686,4904 2686,4856 2691,4851 2696,4851 2701,4856 2701,4870 2696,4875 2696,4948 2827,4948 2827,4943 2829,4941 2830,4941 2832,4939 2832,4934 2842,4924 2842,4904 2844,4902 2845,4902 2847,4900 3183,4900 3188,4895 3242,4895 3247,4900 3378,4900 3383,4895 3812,4895 3822,4885 3822,4826 3817,4821 3816,4821 3812,4817 3812,4802 3807,4802 3802,4797 3802,4768 3627,4768 3627,4773 3622,4778 3383,4778 3378,4773 3378,4768 3334,4768 3332,4766 3332,4765 3330,4763 3330,4739 3325,4734 3325,4729 3178,4729 3176,4731 3176,4732 3174,4734 3174,4773 3169,4778 3100,4778 3096,4782 3086,4782 3084,4780 3083,4780 3081,4778 3081,4763 2944,4763 2944,4778 2940,4782 2896,4782 2894,4780 2893,4780 2891,4778 2891,4748 2886,4743 2886,4739 2837,4739 2832,4734 2705,4734 2703,4736 2703,4737 2701,4739 2701,4782 2696,4787 2691,4787 2686,4782 2686,4743 2684,4741 2683,4741 2681,4739 2457,4739 2457,4782 2452,4787 2311,4787 2306,4792 2301,4792 2291,4802 2291,4807 2286,4812 2286,4821 2285,4822 2283,4820 2283,4815 2282,4814 2282,4809 2281,4808 2281,4803 2280,4802 2280,4798 2279,4797 2279,4792 2278,4791 2278,4786 2277,4785 2277,4780 2276,4779 2276,4774 2275,4773 2275,4769 2274,4768 2274,4763 2273,4762 2273,4757 2272,4756 2272,4751 2271,4750 2271,4745 2270,4744 2270,4739 2269,4738 2269,4734 2268,4733 2268,4728 2267,4727 2267,4722 2266,4721 2266,4716 2265,4715 2265,4710 2264,4709 2264,4705 2263,4704 2263,4699 2262,4698 2262,4693 2261,4692 2261,4687 2260,4686 2260,4681 2261,4680 2510,4680 2515,4675 2798,4675 2803,4670 2827,4670 2832,4675 3047,4675 3052,4670 3086,4670 3091,4675 3091,4719 3252,4719 3252,4675 3254,4673 3254,4672 3256,4670 3383,4670 3388,4665 3817,4665 3817,4597 3812,4597 3807,4592 3807,4553 3798,4544 3646,4544 3642,4548 3573,4548 3571,4546 3570,4546 3568,4544 3568,4500 3388,4500 3383,4505 3383,4548 3378,4553 3325,4553 3320,4548 3320,4534 3315,4529 3183,4529 3178,4534 3178,4548 3176,4550 3176,4551 3174,4553 2832,4553 2827,4558 2754,4558 2749,4553 2749,4509 2747,4507 2746,4507 2744,4505 2593,4505 2591,4507 2590,4507 2588,4509 2588,4539 2586,4541 2586,4542 2584,4544 2457,4544 2457,4553 2452,4558 2354,4558 2352,4556 2352,4555 2350,4553 2350,4514 2300,4514 2299,4513 2299,4512 2300,4511 2300,4510 2301,4509 2301,4508 2302,4507 2302,4506 2304,4504 2304,4503 2305,4502 2305,4501 2306,4500 2306,4499 2307,4498 2307,4497 2308,4496 2308,4495 2310,4493 2310,4492 2311,4491 2311,4490 2312,4489 2312,4488 2313,4487 2313,4486 2314,4485 2314,4484 2316,4482 2316,4481 2317,4480 2317,4479 2318,4478 2318,4477 2319,4476 2319,4475 2320,4474 2320,4473 2322,4471 2322,4470 2323,4469 2323,4468 2324,4467 2324,4466 2325,4465 2325,4464 2326,4463 2326,4462 2328,4460 2328,4459 2329,4458 2329,4457 2330,4456 2330,4455 2331,4454 2331,4453 2332,4452 2332,4451 2334,4449 2334,4448 2336,4446 2949,4446 2954,4441 3408,4441 3410,4439 3410,4438 3412,4436 3432,4436 3437,4441 3568,4441 3573,4436 3651,4436 3656,4441 3798,4441 3800,4439 3800,4438 3802,4436 3807,4436 3812,4431 3812,4427 3817,4422 3817,4358 3812,4353 3812,4319 3798,4319 3793,4314 3793,4305 3788,4300 3656,4300 3656,4305 3651,4310 3651,4314 3646,4319 3578,4319 3573,4314 3573,4305 3437,4305 3432,4310 3432,4314 3427,4319 3300,4319 3295,4324 2861,4324 2859,4326 2859,4327 2857,4329 2818,4329 2813,4324 2813,4280 2627,4280 2627,4324 2625,4326 2625,4327 2623,4329 2593,4329 2588,4324 2588,4285 2586,4283 2586,4282 2584,4280 2447,4280 2447,4324 2442,4329 2401,4329 2400,4328 2400,4327 2401,4326 2401,4325 2402,4324 2402,4323 2403,4322 2403,4321 2404,4320 2404,4319 2406,4317 2406,4316 2407,4315 2407,4314 2408,4313 2408,4312 2409,4311 2409,4310 2410,4309 2410,4308 2412,4306 2412,4305 2413,4304 2413,4303 2414,4302 2414,4301 2415,4300 2415,4299 2416,4298 2416,4297 2418,4295 2418,4294 2419,4293 2419,4292 2420,4291 2420,4290 2421,4289 2421,4288 2422,4287 2422,4286 2424,4284 2424,4283 2425,4282 2425,4281 2426,4280 2426,4279 2427,4278 2427,4277 2428,4276 2428,4275 2430,4273 2430,4272 2431,4271 2431,4270 2432,4269 2432,4268 2433,4267 2433,4266 2434,4265 2434,4264 2433,4263 2433,4262 2432,4261 2432,4259 2431,4258 2431,4256 2430,4255 2430,4254 2429,4253 2429,4251 2428,4250 2428,4249 2427,4248 2427,4246 2426,4245 2426,4243 2425,4242 2425,4241 2424,4240 2424,4238 2423,4237 2423,4236 2425,4234 2426,4234 2428,4232 2515,4232 2517,4234 2518,4234 2520,4236 2520,4271 2652,4271 2662,4261 2662,4256 2664,4254 2664,4253 2666,4251 2666,4236 2670,4232 2671,4232 2676,4227 3022,4227 3027,4222 3174,4222 3176,4224 3176,4225 3178,4227 3276,4227 3281,4232 3281,4266 3442,4266 3442,4227 3447,4222 3798,4222 3798,4217 3800,4215 3800,4214 3802,4212 3807,4212 3807,4193 3817,4183 3817,4119 3798,4100 3720,4100 3715,4095 3588,4095 3583,4100 3564,4100 3559,4095 3559,4061 3554,4056 3412,4056 3412,4095 3410,4097 3410,4098 3408,4100 3310,4100 3305,4095 3305,4085 3266,4085 3261,4080 3261,4061 3256,4056 3013,4056 3003,4066 3003,4071 2998,4076 2998,4100 2993,4105 2983,4105 2981,4103 2981,4102 2979,4100 2979,4066 2974,4061 2837,4061 2827,4071 2827,4100 2822,4105 2808,4105 2803,4100 2803,4066 2754,4066 2749,4061 2613,4061 2608,4066 2608,4105 2603,4110 2598,4110 2598,4139 2593,4144 2588,4139 2588,4138 2584,4134 2584,4110 2481,4110 2476,4105 2374,4105 2373,4104 2373,4103 2372,4102 2372,4101 2371,4100 2371,4098 2370,4097 2370,4095 2369,4094 2369,4093 2368,4092 2368,4090 2367,4089 2367,4087 2366,4086 2366,4085 2365,4084 2365,4082 2364,4081 2364,4079 2363,4078 2363,4077 2362,4076 2362,4074 2361,4073 2361,4072 2360,4071 2360,4069 2359,4068 2359,4066 2358,4065 2358,4064 2357,4063 2357,4061 2356,4060 2356,4058 2355,4057 2355,4056 2354,4055 2354,4053 2353,4052 2353,4050 2352,4049 2352,4048 2351,4047 2351,4045 2350,4044 2350,4042 2351,4041 2364,4041 2368,4037 2369,4037 2374,4032 2379,4032 2379,4027 2384,4022 2384,4012 2388,4008 2388,4007 2393,4002 2725,4002 2727,4000 2728,4000 2730,3998 3198,3998 3203,3993 3208,3998 3334,3998 3339,3993 3739,3993 3744,3988 3812,3988 3812,3924 3810,3922 3809,3922 3807,3920 3807,3866 3802,3861 3671,3861 3666,3866 3525,3866 3520,3861 3520,3856 3515,3851 3481,3851 3476,3846 3476,3827 3330,3827 3330,3866 3325,3871 3115,3871 3110,3876 3091,3876 3086,3871 3086,3832 3081,3827 2949,3827 2944,3832 2813,3832 2808,3837 2808,3856 2803,3861 2715,3861 2715,3871 2710,3876 2559,3876 2557,3878 2556,3878 2554,3880 2515,3880 2513,3878 2512,3878 2510,3876 2510,3837 2496,3837 2491,3832 2364,3832 2359,3837 2350,3837 2350,3880 2345,3885 2335,3885 2320,3900 2320,3920 2318,3922 2317,3922 2315,3924 2311,3920 2311,3895 2309,3893 2310,3892 2310,3891 2311,3890 2311,3889 2312,3888 2312,3887 2313,3886 2313,3885 2314,3884 2314,3883 2316,3881 2316,3880 2317,3879 2317,3878 2318,3877 2318,3876 2319,3875 2319,3874 2320,3873 2320,3872 2321,3871 2321,3870 2322,3869 2322,3868 2323,3867 2323,3866 2324,3865 2324,3864 2325,3863 2325,3862 2326,3861 2326,3860 2328,3858 2328,3857 2329,3856 2329,3855 2330,3854 2330,3853 2331,3852 2331,3851 2332,3850 2332,3849 2333,3848 2333,3847 2334,3846 2334,3845 2335,3844 2335,3843 2336,3842 2336,3841 2337,3840 2337,3839 2338,3838 2338,3837 2340,3835 2340,3834 2341,3833 2341,3832 2342,3831 2342,3830 2343,3829 2343,3828 2344,3827 2344,3826 2345,3825 2345,3824 2346,3823 2346,3822 2347,3821 2347,3820 2348,3819 2348,3818 2349,3817 2349,3816 2350,3815 2350,3814 2351,3813 2351,3812 2353,3810 2353,3809 2354,3808 2354,3807 2355,3806 2355,3805 2356,3804 2356,3803 2357,3802 2357,3801 2358,3800 2358,3799 2359,3798 2359,3797 2360,3796 2360,3795 2361,3794 2361,3793 2362,3792 2362,3791 2363,3790 2363,3789 2365,3787 2365,3786 2366,3785 2366,3784 2367,3783 2367,3782 2368,3781 2368,3780 2370,3778 2452,3778 2457,3773 2783,3773 2788,3768 2842,3768 2847,3763 2847,3754 2852,3749 2979,3749 2981,3751 2981,3752 2983,3754 2983,3759 2993,3759 2995,3761 2996,3761 2998,3763 3003,3763 3008,3768 3291,3768 3293,3766 3293,3765 3295,3763 3656,3763 3661,3768 3793,3768 3798,3763 3802,3763 3802,3729 3807,3724 3812,3724 3814,3722 3815,3722 3817,3720 3817,3607 3812,3602 3811,3602 3807,3598 3656,3598 3651,3603 3646,3603 3646,3617 3644,3619 3644,3620 3642,3622 3588,3622 3583,3627 3583,3637 3578,3642 3247,3642 3245,3644 3244,3644 3242,3646 3240,3644 3239,3644 3237,3642 3188,3642 3183,3637 3183,3607 3178,3607 3174,3603 3159,3603 3154,3598 3018,3598 3013,3603 3008,3603 3006,3605 3005,3605 3003,3607 2998,3607 2988,3617 2983,3617 2981,3619 2981,3620 2979,3622 2979,3627 2974,3632 2974,3637 2969,3642 2969,3661 2964,3666 2808,3666 2803,3661 2803,3651 2798,3651 2793,3646 2681,3646 2679,3644 2678,3644 2676,3642 2676,3607 2674,3605 2673,3605 2671,3603 2540,3603 2538,3605 2537,3605 2535,3607 2535,3646 2530,3651 2431,3651 2430,3650 2431,3649 2431,3647 2432,3646 2432,3644 2433,3643 2433,3640 2434,3639 2434,3637 2435,3636 2435,3634 2436,3633 2436,3631 2437,3630 2437,3627 2438,3626 2438,3624 2439,3623 2439,3621 2440,3620 2440,3617 2441,3616 2441,3614 2442,3613 2442,3611 2443,3610 2443,3607 2444,3606 2444,3604 2445,3603 2445,3601 2446,3600 2446,3597 2447,3596 2447,3594 2448,3593 2448,3591 2449,3590 2449,3587 2450,3586 2450,3584 2451,3583 2451,3581 2452,3580 2452,3577 2453,3576 2453,3574 2454,3573 2454,3571 2455,3570 2455,3567 2456,3566 2456,3564 2457,3563 2457,3561 2458,3560 2458,3557 2459,3556 2459,3554 2460,3553 2460,3551 2462,3549 2593,3549 2598,3554 2598,3593 2759,3593 2764,3588 2764,3549 2769,3544 2881,3544 2886,3549 3018,3549 3020,3547 3020,3546 3022,3544 3174,3544 3176,3542 3176,3541 3178,3539 3295,3539 3300,3544 3300,3588 3539,3588 3544,3583 3544,3544 3549,3539 3798,3539 3802,3535 3802,3534 3807,3529 3807,3525 3812,3520 3812,3500 3817,3495 3817,3432 3802,3417 3734,3417 3729,3412 3729,3378 3724,3373 3529,3373 3527,3375 3527,3376 3525,3378 3525,3412 3520,3417 3417,3417 3412,3422 3398,3422 3393,3417 3203,3417 3198,3422 3052,3422 3047,3417 2920,3417 2915,3422 2891,3422 2886,3417 2886,3383 2881,3378 2740,3378 2740,3417 2735,3422 2613,3422 2608,3427 2598,3427 2588,3417 2588,3412 2584,3408 2452,3408 2450,3410 2449,3410 2447,3412 2447,3422 2442,3427 2428,3427 2411,3410 2410,3410 2388,3388 2387,3388 2366,3367 2365,3367 2344,3346 2343,3346 2322,3325 2321,3325 2317,3321 2318,3320 2398,3320 2403,3325 2403,3359 2554,3359 2554,3320 2559,3315 2818,3315 2820,3313 2820,3312 2822,3310 2822,3300 2827,3295 2891,3295 2893,3293 2894,3293 2896,3291 2988,3291 2990,3293 2991,3293 2993,3295 2993,3305 2998,3310 2998,3315 3130,3315 3135,3310 3549,3310 3554,3305 3564,3305 3566,3307 3566,3308 3568,3310 3710,3310 3715,3305 3802,3305 3807,3300 3807,3188 3802,3183 3578,3183 3573,3188 3559,3188 3554,3183 3422,3183 3417,3188 3383,3188 3378,3183 3247,3183 3242,3188 3178,3188 3176,3186 3176,3185 3174,3183 3174,3144 3013,3144 3003,3154 2954,3154 2949,3159 2949,3213 2947,3215 2946,3215 2944,3217 2842,3217 2840,3215 2839,3215 2837,3213 2837,3159 2832,3154 2832,3149 2822,3149 2820,3147 2820,3146 2818,3144 2686,3144 2681,3149 2671,3149 2666,3154 2666,3183 2664,3185 2664,3186 2662,3188 2608,3188 2603,3193 2325,3193 2320,3188 2320,3154 2278,3154 2277,3153 2278,3152 2278,3151 2279,3150 2279,3149 2280,3148 2280,3146 2281,3145 2281,3144 2282,3143 2282,3142 2283,3141 2283,3140 2284,3139 2284,3137 2285,3136 2285,3135 2286,3134 2286,3133 2287,3132 2287,3130 2288,3129 2288,3128 2289,3127 2289,3126 2290,3125 2369,3125 2374,3120 2379,3120 2384,3115 2384,3110 2389,3105 2389,3096 2393,3092 2393,3091 2398,3086 2413,3086 2418,3091 2549,3091 2554,3086 2920,3086 2925,3081 3325,3081 3330,3086 3330,3125 3332,3127 3332,3128 3334,3130 3334,3135 3476,3135 3476,3125 3481,3120 3486,3120 3488,3118 3488,3117 3490,3115 3490,3100 3492,3098 3493,3098 3495,3096 3495,3086 3500,3081 3793,3081 3797,3077 3797,3076 3802,3071 3802,3066 3807,3061 3807,2998 3768,2998 3763,2993 3763,2959 3437,2959 3432,2964 3403,2964 3398,2959 3276,2959 3271,2954 3271,2925 3266,2920 3266,2915 3120,2915 3120,2959 3115,2964 2793,2964 2788,2959 2788,2949 2749,2949 2744,2944 2744,2920 2681,2920 2676,2915 2530,2915 2525,2920 2525,2944 2520,2949 2413,2949 2408,2954 2408,2964 2403,2969 2350,2969 2343,2976 2342,2976 2335,2983 2335,2988 2330,2993 2330,3001 2329,3002 2326,2999 2325,2999 2320,2994 2320,2969 2311,2969 2306,2964 2306,2954 2301,2949 2275,2949 2264,2938 2263,2938 2262,2937 2262,2925 2257,2920 2252,2920 2247,2915 2240,2915 2203,2878 2202,2878 2186,2862 2187,2861 2203,2861 2208,2866 2335,2866 2340,2861 2588,2861 2592,2857 2593,2857 2598,2852 2598,2842 2603,2837 2725,2837 2730,2832 2759,2832 2764,2837 2764,2857 3408,2857 3412,2853 3412,2852 3417,2847 3417,2783 3415,2781 3414,2781 3412,2779 3412,2774 3164,2774 3159,2769 3159,2740 3154,2735 3022,2735 3020,2737 3020,2738 3018,2740 2964,2740 2954,2730 2954,2725 2949,2720 2949,2710 2944,2705 2944,2691 2813,2691 2813,2696 2808,2701 2808,2710 2803,2715 2803,2720 2798,2725 2798,2735 2793,2740 2793,2749 2783,2759 2554,2759 2549,2754 2549,2740 2486,2740 2481,2735 2481,2701 2476,2696 2476,2691 2350,2691 2350,2696 2345,2701 2345,2725 2340,2730 2340,2735 2335,2740 2116,2740 2111,2735 2111,2733 2112,2732 2112,2731 2113,2730 2113,2729 2114,2728 2114,2727 2116,2725 2116,2724 2117,2723 2117,2722 2118,2721 2118,2720 2119,2719 2119,2718 2120,2717 2120,2716 2121,2715 2121,2714 2122,2713 2122,2712 2123,2711 2123,2710 2124,2709 2124,2708 2126,2706 2126,2705 2127,2704 2127,2703 2128,2702 2128,2701 2129,2700 2129,2699 2130,2698 2130,2697 2131,2696 2131,2695 2132,2694 2132,2693 2133,2692 2133,2691 2134,2690 2134,2689 2136,2687 2136,2686 2137,2685 2137,2684 2138,2683 2138,2682 2139,2681 2139,2680 2140,2679 2140,2678 2141,2677 2141,2676 2142,2675 2142,2674 2143,2673 2143,2672 2144,2671 2144,2670 2145,2669 2145,2668 2147,2666 2147,2665 2148,2664 2148,2663 2149,2662 2149,2661 2150,2660 2150,2659 2151,2658 2151,2657 2152,2656 2152,2655 2153,2654 2153,2653 2154,2652 2154,2651 2155,2650 2155,2649 2157,2647 2157,2646 2158,2645 2158,2644 2159,2643 2159,2642 2160,2641 2160,2640 2161,2639 2161,2638 2162,2637 3027,2637 3027,2632 3032,2627 3213,2627 3215,2629 3215,2630 3217,2632 3217,2671 3222,2676 3227,2676 3232,2681 3388,2681 3393,2676 3403,2676 3407,2672 3407,2671 3412,2666 3412,2632 3417,2627 3422,2632 3422,2637 3559,2637 3559,2632 3564,2627 3642,2627 3644,2629 3644,2630 3646,2632 3646,2637 3793,2637 3793,2627 3795,2625 3796,2625 3798,2623 3798,2598 3800,2596 3800,2595 3802,2593 3807,2593 3807,2476 3798,2467 3788,2467 3783,2462 3783,2457 3656,2457 3656,2462 3651,2467 3646,2467 3642,2471 3637,2471 3637,2501 3632,2506 3515,2506 3513,2508 3512,2508 3510,2510 3447,2510 3445,2508 3444,2508 3442,2506 3442,2467 3315,2467 3310,2462 3310,2457 3178,2457 3178,2462 3176,2464 3176,2465 3174,2467 3115,2467 3115,2506 3113,2508 3112,2508 3110,2510 3027,2510 3025,2508 3024,2508 3022,2506 3022,2496 2979,2496 2974,2491 2974,2476 2969,2471 2969,2467 2832,2467 2832,2491 2827,2496 2803,2496 2798,2491 2798,2471 2796,2469 2795,2469 2793,2467 2666,2467 2662,2471 2662,2486 2657,2491 2657,2506 2652,2511 2651,2511 2647,2515 2598,2515 2593,2510 2505,2510 2502,2507 2501,2507 2487,2493 2486,2493 2473,2480 2472,2480 2459,2467 2458,2467 2445,2454 2444,2454 2430,2440 2429,2440 2416,2427 2415,2427 2402,2414 2401,2414 2396,2409 2397,2408 3008,2408 3013,2403 3471,2403 3476,2408 3603,2408 3605,2406 3605,2405 3607,2403 3754,2403 3759,2398 3763,2398 3763,2379 3768,2374 3798,2374 3800,2372 3800,2371 3802,2369 3807,2369 3812,2364 3812,2301 3793,2301 3788,2296 3759,2296 3754,2291 3754,2237 3752,2235 3751,2235 3749,2233 3554,2233 3552,2235 3551,2235 3549,2237 3549,2272 3547,2274 3546,2274 3544,2276 3451,2276 3449,2278 3449,2279 3447,2281 3261,2281 3256,2276 3256,2237 3105,2237 3100,2242 3100,2276 3098,2278 3098,2279 3096,2281 2837,2281 2832,2276 2832,2247 2822,2237 2686,2237 2686,2281 2681,2286 2593,2286 2588,2281 2452,2281 2447,2286 2345,2286 2340,2291 2340,2296 2330,2306 2330,2315 2325,2320 2320,2320 2315,2315 2315,2301 2308,2294 2308,2293 2306,2291 2306,2289 2305,2288 2305,2285 2304,2284 2304,2282 2303,2281 2303,2278 2302,2277 2302,2274 2301,2273 2301,2271 2300,2270 2300,2267 2299,2266 2299,2263 2298,2262 2298,2260 2297,2259 2297,2256 2296,2255 2296,2252 2295,2251 2295,2249 2294,2248 2294,2245 2293,2244 2293,2241 2292,2240 2292,2238 2291,2237 2291,2234 2290,2233 2290,2230 2289,2229 2289,2227 2288,2226 2288,2223 2287,2222 2287,2219 2286,2218 2286,2216 2285,2215 2285,2212 2284,2211 2284,2208 2283,2207 2283,2205 2282,2204 2282,2201 2281,2200 2281,2197 2280,2196 2280,2194 2279,2193 2279,2190 2278,2189 2278,2186 2277,2185 2277,2183 2276,2182 2276,2180 2277,2179 3110,2179 3115,2184 3115,2218 3120,2223 3276,2223 3281,2218 3281,2184 3286,2179 3408,2179 3410,2177 3410,2176 3412,2174 3642,2174 3644,2176 3644,2177 3646,2179 3646,2213 3778,2213 3783,2208 3783,2203 3790,2196 3791,2196 3798,2189 3798,2174 3800,2172 3800,2171 3802,2169 3802,2101 3800,2099 3800,2098 3798,2096 3798,2091 3793,2086 3724,2086 3722,2084 3722,2083 3720,2081 3720,2008 3715,2003 3583,2003 3578,2008 3578,2047 3573,2052 3286,2052 3281,2057 3149,2057 3144,2052 3008,2052 3003,2057 2481,2057 2476,2052 2476,2013 2471,2008 2335,2008 2330,2013 2325,2013 2325,2052 2320,2057 2250,2057 2249,2056 2249,2055 2248,2054 2248,2049 2247,2048 2247,2042 2246,2041 2246,2036 2245,2035 2245,2030 2244,2029 2244,2023 2243,2022 2243,2017 2242,2016 2242,2011 2241,2010 2241,2005 2240,2004 2240,1998 2239,1997 2239,1992 2238,1991 2238,1986 2237,1985 2237,1980 2236,1979 2236,1973 2235,1972 2235,1967 2234,1966 2234,1961 2233,1960 2233,1956 2234,1955 2359,1955 2364,1950 2428,1950 2430,1952 2430,1953 2432,1955 2432,1994 2559,1994 2574,1979 2574,1964 2576,1962 2577,1962 2579,1960 2579,1955 2584,1950 3105,1950 3110,1945 3159,1945 3164,1950 3466,1950 3471,1945 3793,1945 3798,1940 3798,1920 3802,1916 3802,1906 3807,1901 3807,1862 3812,1857 3812,1799 3807,1794 3807,1784 3802,1784 3800,1782 3800,1781 3798,1779 3793,1779 3788,1774 3656,1774 3651,1779 3646,1779 3641,1784 3641,1785 3637,1789 3637,1818 3632,1823 3169,1823 3164,1828 3018,1828 3013,1823 3013,1808 3008,1803 3008,1779 2857,1779 2852,1784 2852,1818 2847,1823 2686,1823 2681,1828 2584,1828 2579,1823 2579,1789 2574,1784 2442,1784 2437,1789 2437,1823 2432,1828 2364,1828 2359,1823 2359,1808 2248,1808 2247,1807 2247,1805 2248,1804 2248,1803 2249,1802 2249,1801 2250,1800 2250,1799 2251,1798 2251,1796 2252,1795 2252,1794 2253,1793 2253,1792 2254,1791 2254,1790 2255,1789 2255,1787 2256,1786 2256,1785 2257,1784 2257,1783 2258,1782 2258,1781 2259,1780 2259,1778 2260,1777 2260,1776 2261,1775 2261,1774 2262,1773 2262,1772 2263,1771 2263,1770 2264,1769 2264,1767 2265,1766 2265,1765 2266,1764 2266,1763 2267,1762 2267,1761 2268,1760 2268,1758 2269,1757 2269,1756 2270,1755 2270,1754 2271,1753 2271,1752 2272,1751 2272,1749 2273,1748 2273,1747 2274,1746 2274,1745 2275,1744 2275,1743 2276,1742 2276,1740 2277,1739 2277,1738 2278,1737 2278,1736 2279,1735 2279,1734 2280,1733 2280,1731 2281,1730 2281,1729 2282,1728 2282,1727 2284,1725 2398,1725 2403,1730 2403,1769 2545,1769 2554,1760 2554,1750 2559,1745 2559,1735 2569,1725 3061,1725 3063,1723 3064,1723 3066,1721 3068,1723 3069,1723 3071,1725 3291,1725 3295,1721 3646,1721 3648,1723 3649,1723 3651,1725 3783,1725 3785,1723 3786,1723 3788,1721 3793,1721 3798,1716 3802,1716 3802,1711 3807,1706 3807,1701 3812,1696 3812,1638 3807,1638 3802,1633 3802,1608 3798,1604 3798,1599 3793,1594 3646,1594 3644,1596 3644,1597 3642,1599 3408,1599 3403,1594 3403,1560 3398,1555 3105,1555 3100,1560 3096,1560 3089,1567 3088,1567 3081,1574 3081,1589 3076,1594 2974,1594 2969,1599 2959,1599 2959,1604 2957,1606 2956,1606 2954,1608 2952,1606 2951,1606 2949,1604 2949,1560 2944,1555 2813,1555 2808,1560 2720,1560 2720,1594 2715,1599 2710,1599 2705,1594 2705,1560 2701,1560 2696,1555 2569,1555 2564,1560 2564,1594 2559,1599 2510,1599 2510,1604 2506,1608 2437,1608 2435,1606 2434,1606 2432,1604 2432,1599 2327,1599 2326,1598 2327,1597 2327,1593 2328,1592 2328,1587 2329,1586 2329,1581 2330,1580 2330,1575 2331,1574 2331,1570 2332,1569 2332,1564 2333,1563 2333,1558 2334,1557 2334,1552 2335,1551 2335,1547 2337,1545 2389,1545 2389,1501 2391,1499 2391,1498 2393,1496 2584,1496 2586,1498 2586,1499 2588,1501 2588,1540 2720,1540 2720,1530 2722,1528 2723,1528 2725,1526 2725,1521 2730,1516 2730,1511 2735,1506 2764,1506 2764,1501 2774,1491 2886,1491 2891,1496 3086,1496 3091,1501 3091,1540 3096,1545 3261,1545 3261,1501 3266,1496 3471,1496 3476,1491 3510,1491 3515,1496 3783,1496 3787,1492 3788,1492 3793,1487 3798,1487 3798,1394 3793,1389 3793,1384 3788,1379 3734,1379 3729,1374 3656,1374 3654,1372 3653,1372 3651,1370 3651,1355 3607,1355 3602,1350 3602,1349 3598,1345 3598,1340 3593,1335 3593,1331 3461,1331 3459,1333 3458,1333 3456,1335 3456,1345 3451,1350 3451,1351 3447,1355 3339,1355 3339,1374 3334,1379 3242,1379 3237,1374 3071,1374 3069,1372 3068,1372 3066,1370 3066,1331 3061,1326 2930,1326 2925,1331 2925,1374 2920,1379 2900,1379 2898,1377 2898,1376 2896,1374 2740,1374 2738,1372 2737,1372 2735,1370 2735,1340 2730,1335 2730,1331 2593,1331 2593,1370 2591,1372 2590,1372 2588,1374 2406,1374 2405,1373 2409,1369 2409,1368 2416,1361 2416,1360 2423,1353 2423,1352 2431,1344 2431,1343 2438,1336 2438,1335 2445,1328 2445,1327 2453,1319 2453,1318 2460,1311 2460,1310 2467,1303 2467,1302 2474,1295 2474,1294 2482,1286 2482,1285 2489,1278 2489,1277 2496,1270 2496,1269 2498,1267 2579,1267 2584,1262 2935,1262 2940,1267 3066,1267 3071,1262 3193,1262 3198,1257 3198,1243 3203,1238 3359,1238 3364,1243 3364,1248 3369,1248 3383,1262 3388,1262 3393,1267 3632,1267 3637,1272 3637,1311 3773,1311 3773,1306 3778,1301 3778,1296 3780,1294 3781,1294 3783,1292 3783,1282 3788,1277 3788,1267 3793,1262 3793,1194 3778,1179 3710,1179 3708,1177 3707,1177 3705,1175 3705,1170 3710,1165 3710,1160 3715,1155 3715,1097 3573,1097 3571,1099 3570,1099 3568,1101 3564,1101 3559,1106 3554,1101 3553,1101 3549,1097 3534,1097 3529,1092 3403,1092 3398,1097 3388,1097 3364,1121 3364,1126 3354,1136 3354,1160 3349,1165 3159,1165 3139,1145 3076,1145 3071,1140 3071,1121 3022,1121 3020,1119 3020,1118 3018,1116 3018,1097 3013,1092 2759,1092 2754,1097 2754,1140 2749,1145 2447,1145 2442,1150 2364,1150 2359,1145 2359,1111 2354,1106 2354,1097 2203,1097 2203,1140 2198,1145 1916,1145 1911,1140 1911,1101 1909,1099 1908,1099 1906,1097 1901,1097 1896,1092"/><TextEquiv><Unicode/></TextEquiv><TextLine id="r2_l001"><Coords points="1004,1127 3736,1110 3737,1285 1005,1302"/><TextEquiv index="1"><Unicode>Paris? me demande mon hte. -- Oui,</Unicode></TextEquiv></TextLine><TextLine id="r2_l002"><Coords points="1010,1362 3742,1345 3743,1515 1011,1532"/><TextEquiv index="1"><Unicode>Jacques; je quitte pour jamais peut-tre</Unicode></TextEquiv></TextLine><TextLine id="r2_l003"><Coords points="1009,1592 3758,1574 3759,1738 1010,1756"/><TextEquiv index="1"><Unicode>cette ville, o je croyais bien finir mes</Unicode></TextEquiv></TextLine><TextLine id="r2_l004"><Coords points="1000,1813 3759,1794 3760,1962 1001,1981"/><TextEquiv index="1"><Unicode>jours. -- Y a-t-il toujours du nouveau?</Unicode></TextEquiv></TextLine><TextLine id="r2_l005"><Coords points="1005,2045 3748,2028 3749,2195 1006,2212"/><TextEquiv index="1"><Unicode>-- Vraiment, il y a de nouveau que moi,</Unicode></TextEquiv></TextLine><TextLine id="r2_l006"><Coords points="1874,2432 1873,2432 1873,2428 1873,2427 1869,2427 1868,2427 1868,2386 1868,2385 1717,2386 1716,2385 1564,2386 1563,2387 1563,2391 1563,2391 1554,2391 1553,2390 1412,2391 1411,2390 1361,2391 1360,2390 1360,2386 1360,2386 1296,2386 1295,2385 1123,2386 1122,2387 1122,2391 1122,2391 1092,2391 1091,2392 1091,2437 1091,2437 1084,2437 1083,2437 1064,2437 1054,2427 1054,2423 1054,2423 1050,2423 1049,2422 1049,2391 1049,2391 1026,2391 1025,2390 1025,2386 1025,2386 1021,2386 1020,2385 1020,2381 1020,2381 1016,2381 1015,2380 1015,2376 1014,2376 1010,2376 1010,2375 1010,2351 1010,2351 1014,2351 1015,2350 1015,2336 1015,2336 1019,2336 1020,2335 1020,2330 1020,2330 1024,2330 1025,2329 1025,2325 1025,2325 1034,2325 1035,2324 1035,2320 1035,2320 1193,2319 1194,2318 1193,2280 1194,2280 1208,2280 1209,2281 1330,2280 1330,2280 1330,2299 1331,2300 1487,2299 1487,2298 1487,2275 1488,2275 1492,2275 1492,2274 1492,2269 1493,2269 1502,2269 1502,2269 1503,2319 1503,2320 1541,2319 1542,2320 1756,2319 1757,2319 1756,2281 1757,2280 1762,2280 1762,2280 1762,2276 1763,2275 1772,2275 1772,2274 1772,2269 1773,2269 1833,2269 1834,2270 1970,2269 1970,2269 1971,2315 1971,2316 2121,2315 2122,2316 2243,2315 2244,2315 2244,2319 2244,2320 2248,2320 2249,2320 2249,2324 2249,2325 2253,2325 2254,2325 2254,2329 2254,2330 2258,2330 2259,2330 2259,2350 2259,2351 2395,2350 2396,2349 2396,2336 2396,2336 2401,2336 2402,2335 2402,2330 2402,2330 2406,2330 2407,2329 2407,2320 2407,2320 2411,2320 2412,2319 2412,2315 2412,2315 2517,2314 2518,2314 2518,2311 2518,2310 2533,2310 2534,2311 2534,2315 2534,2315 2538,2315 2539,2316 2752,2315 2753,2314 2752,2264 2753,2264 2763,2264 2764,2264 2767,2264 2767,2265 2767,2269 2768,2269 2772,2269 2772,2270 2772,2275 2773,2275 2777,2275 2777,2276 2778,2310 2778,2310 2832,2310 2833,2311 2969,2310 2970,2311 3169,2310 3170,2309 3169,2269 3170,2269 3174,2269 3174,2268 3174,2264 3175,2264 3199,2264 3199,2264 3200,2310 3200,2311 3371,2310 3372,2311 3518,2310 3519,2309 3519,2305 3519,2305 3616,2304 3617,2303 3616,2264 3617,2264 3621,2264 3621,2263 3621,2259 3622,2259 3631,2259 3632,2260 3692,2259 3692,2260 3692,2264 3693,2264 3697,2264 3697,2265 3698,2325 3698,2325 3731,2325 3732,2326 3732,2330 3732,2330 3757,2330 3758,2330 3758,2340 3757,2341 3753,2341 3753,2342 3753,2346 3752,2346 3742,2346 3742,2347 3742,2351 3741,2351 3707,2351 3707,2352 3707,2371 3707,2371 3698,2371 3697,2372 3697,2376 3697,2376 3550,2377 3549,2378 3549,2381 3549,2381 3545,2381 3544,2381 3544,2377 3544,2376 3530,2376 3529,2375 3393,2376 3392,2375 3236,2376 3235,2375 2951,2377 2950,2378 2950,2381 2950,2381 2921,2381 2920,2380 2804,2381 2803,2380 2626,2381 2625,2380 2479,2381 2478,2380 2326,2381 2325,2382 2325,2396 2325,2396 2321,2396 2320,2397 2320,2407 2320,2407 2316,2407 2315,2408 2315,2412 2315,2412 2311,2412 2310,2413 2310,2422 2310,2422 2306,2422 2305,2422 2301,2422 2300,2421 2300,2386 2300,2386 2174,2386 2173,2385 1940,2387 1939,2387 1939,2411 1939,2412 1935,2412 1934,2412 1934,2421 1934,2422 1930,2422 1929,2422 1929,2426 1929,2427 1920,2427 1919,2428 1919,2432 1919,2432"/><TextEquiv index="1"><Unicode>qui tais religieuse, on m'a rendu ma li-</Unicode></TextEquiv></TextLine><TextLine id="r2_l007"><Coords points="1010,2502 3758,2484 3759,2653 1011,2671"/><TextEquiv index="1"><Unicode>bert. -- Ah! madame tait religieuse?</Unicode></TextEquiv></TextLine><TextLine id="r2_l008"><Coords points="1010,2731 3362,2716 3363,2838 1011,2853"/><TextEquiv index="1"><Unicode>-- Aux enfans-trouvs. -- Aux.....</Unicode></TextEquiv></TextLine><TextLine id="r2_l009"><Coords points="1177,2952 3753,2936 3754,3107 1178,3123"/><TextEquiv index="1"><Unicode>Mon hte plit, et dtourne les yeux.</Unicode></TextEquiv></TextLine><TextLine id="r2_l010"><Coords points="1010,3185 3753,3168 3754,3329 1011,3346"/><TextEquiv index="1"><Unicode>-- Qu'avez-vous, Jacques? -- Vous venez</Unicode></TextEquiv></TextLine><TextLine id="r2_l011"><Coords points="1269,3585 1269,3585 1269,3581 1268,3580 1264,3580 1264,3580 1264,3539 1263,3538 1132,3539 1131,3538 1030,3539 1030,3538 1030,3534 1029,3534 1025,3534 1025,3533 1025,3529 1024,3529 1020,3529 1020,3528 1020,3526 1021,3525 1020,3494 1021,3494 1025,3494 1025,3493 1025,3483 1026,3483 1035,3483 1035,3482 1035,3478 1036,3478 1045,3478 1045,3477 1045,3473 1046,3473 1050,3473 1050,3472 1050,3428 1050,3428 1065,3428 1066,3427 1066,3422 1066,3422 1080,3422 1081,3422 1081,3427 1081,3428 1085,3428 1086,3428 1086,3473 1087,3473 1269,3472 1269,3472 1269,3469 1270,3468 1442,3467 1442,3467 1442,3464 1443,3463 1543,3463 1544,3464 1619,3463 1620,3464 1852,3462 1853,3463 1944,3463 1945,3464 2168,3462 2168,3462 2168,3459 2169,3458 2310,3457 2311,3458 2513,3457 2513,3457 2513,3444 2513,3443 2517,3443 2518,3443 2518,3439 2518,3438 2528,3438 2529,3439 2529,3443 2529,3443 2533,3443 2534,3444 2534,3453 2535,3453 2539,3453 2540,3454 2808,3452 2808,3452 2808,3408 2808,3407 2822,3407 2823,3408 2823,3412 2823,3412 2827,3412 2828,3413 2828,3454 2829,3454 2986,3453 2986,3453 2986,3449 2987,3448 2991,3448 2991,3449 2991,3453 2992,3453 3052,3453 3053,3454 3270,3452 3270,3452 3270,3449 3271,3448 3336,3448 3337,3449 3590,3447 3590,3447 3590,3408 3590,3407 3594,3407 3595,3407 3595,3403 3595,3402 3670,3402 3671,3402 3671,3406 3671,3407 3675,3407 3676,3407 3676,3448 3677,3449 3748,3448 3748,3449 3748,3453 3749,3453 3753,3453 3753,3454 3753,3458 3754,3458 3758,3458 3758,3459 3758,3463 3759,3463 3763,3463 3763,3463 3763,3467 3763,3468 3759,3468 3758,3469 3758,3494 3758,3494 3754,3494 3753,3495 3753,3504 3753,3504 3749,3504 3748,3505 3748,3509 3748,3509 3743,3509 3742,3510 3742,3512 3741,3513 3741,3514 3741,3514 3686,3514 3685,3513 3473,3515 3472,3515 3473,3534 3472,3535 3470,3533 3469,3533 3467,3531 3466,3531 3465,3530 3464,3530 3463,3529 3461,3529 3460,3528 3377,3529 3377,3528 3376,3514 3376,3514 3118,3515 3117,3516 3118,3519 3117,3519 2960,3520 2960,3521 2960,3524 2959,3524 2950,3524 2950,3524 2950,3520 2949,3519 2940,3519 2939,3518 2706,3520 2706,3520 2706,3564 2705,3565 2701,3565 2701,3565 2701,3569 2700,3570 2666,3570 2666,3570 2666,3524 2665,3523 2464,3524 2463,3523 2311,3524 2310,3523 2102,3525 2102,3525 2102,3528 2101,3529 2046,3529 2045,3528 1787,3530 1787,3530 1787,3533 1786,3534 1767,3534 1766,3533 1594,3534 1593,3533 1315,3535 1315,3536 1315,3580 1314,3580 1309,3580 1309,3581 1309,3585 1308,3585"/><TextEquiv index="1"><Unicode>de prononcer un mot qui me rappelle</Unicode></TextEquiv></TextLine><TextLine id="r2_l012"><Coords points="1016,3636 3764,3618 3765,3750 1017,3768"/><TextEquiv index="1"><Unicode>bien des fcheux souvenirs. -- Comment?</Unicode></TextEquiv></TextLine><TextLine id="r2_l013"><Coords points="1020,3867 3758,3850 3759,4008 1021,4025"/><TextEquiv index="1"><Unicode>-- J'avais un frre, devant Dieu soit son</Unicode></TextEquiv></TextLine><TextLine id="r2_l014"><Coords points="1020,4097 3763,4079 3764,4247 1021,4265"/><TextEquiv index="1"><Unicode>ame! le pauvre garon, il n'a fait qu'une</Unicode></TextEquiv></TextLine><TextLine id="r2_l015"><Coords points="1020,4321 3763,4303 3764,4459 1021,4477"/><TextEquiv index="1"><Unicode>faute dans sa vie; mais il en a eu tant</Unicode></TextEquiv></TextLine><TextLine id="r2_l016"><Coords points="1025,4546 3763,4529 3764,4699 1026,4716"/><TextEquiv index="1"><Unicode>de regret, qu'au bout du compte il en</Unicode></TextEquiv></TextLine><TextLine id="r2_l017"><Coords points="1025,4773 3768,4755 3769,4916 1026,4934"/><TextEquiv index="1"><Unicode>est mort! -- Ah, oui! j'entends: un</Unicode></TextEquiv></TextLine><TextLine id="r2_l018"><Coords points="1035,5002 3768,4984 3769,5151 1036,5169"/><TextEquiv index="1"><Unicode>enfant, son fils, peut-tre, qu'il aura</Unicode></TextEquiv></TextLine><TextLine id="r2_l019"><Coords points="1040,5214 3773,5196 3774,5384 1041,5402"/><TextEquiv index="1"><Unicode>t oblig de mettre aux enfans-trouvs?</Unicode></TextEquiv></TextLine><TextLine id="r2_l020"><Coords points="1025,5460 3763,5443 3764,5609 1026,5626"/><TextEquiv index="1"><Unicode>-- Non, ce n'tait pas son fils, une jolie</Unicode></TextEquiv></TextLine><TextLine id="r2_l021"><Coords points="2823,5840 2823,5840 2822,5795 2822,5794 2707,5795 2706,5794 2473,5795 2472,5794 2331,5795 2330,5794 2243,5795 2128,5796 2127,5796 2127,5799 2127,5800 2015,5800 2014,5799 1920,5800 1919,5799 1793,5800 1792,5799 1625,5800 1624,5801 1624,5805 1624,5805 1615,5805 1614,5805 1614,5801 1614,5800 1463,5801 1462,5802 1462,5805 1462,5805 1458,5805 1457,5804 1255,5805 1254,5804 1067,5806 1066,5806 1066,5815 1065,5816 1066,5817 1065,5818 1059,5818 1058,5817 1045,5817 1044,5816 1044,5805 1044,5805 1041,5805 1040,5804 1040,5759 1040,5759 1026,5759 1025,5758 1025,5744 1026,5744 1030,5744 1030,5743 1030,5739 1030,5739 1192,5738 1193,5737 1193,5723 1193,5723 1197,5723 1198,5722 1198,5718 1198,5718 1242,5718 1243,5717 1243,5693 1243,5693 1248,5692 1249,5692 1249,5688 1249,5687 1250,5687 1251,5688 1258,5688 1259,5689 1259,5693 1259,5693 1263,5693 1264,5694 1264,5718 1264,5718 1308,5718 1309,5719 1309,5739 1309,5739 1466,5738 1467,5738 1467,5714 1467,5713 1471,5713 1472,5713 1472,5704 1472,5703 1476,5703 1477,5702 1477,5698 1477,5698 1481,5698 1482,5697 1482,5693 1482,5693 1486,5693 1487,5692 1487,5688 1487,5688 1522,5688 1523,5688 1523,5692 1523,5693 1555,5692 1556,5693 1618,5693 1619,5694 1619,5698 1619,5698 1623,5698 1624,5699 1624,5739 1625,5739 1801,5738 1802,5737 1802,5693 1802,5693 1816,5693 1817,5693 1817,5702 1817,5703 1821,5703 1822,5703 1822,5712 1822,5713 1827,5713 1828,5713 1828,5733 1828,5734 1837,5734 1838,5735 2013,5733 2014,5734 2233,5733 2234,5733 2234,5730 2234,5729 2294,5729 2295,5730 2401,5729 2402,5728 2402,5713 2402,5713 2406,5713 2407,5712 2407,5698 2407,5698 2411,5698 2412,5697 2412,5688 2412,5688 2426,5688 2427,5688 2427,5702 2427,5703 2431,5703 2432,5703 2432,5707 2432,5708 2472,5707 2473,5708 2473,5729 2473,5729 2604,5729 2605,5730 2817,5728 2818,5728 2818,5724 2818,5723 2930,5722 2931,5723 3183,5722 3184,5721 3184,5718 3184,5718 3235,5717 3236,5718 3340,5718 3341,5719 3477,5718 3478,5717 3478,5703 3478,5703 3533,5703 3534,5702 3534,5673 3534,5673 3541,5672 3542,5673 3548,5673 3549,5674 3549,5698 3549,5698 3589,5698 3590,5699 3590,5703 3590,5703 3726,5702 3727,5702 3727,5674 3727,5673 3736,5673 3737,5673 3737,5669 3737,5668 3741,5668 3742,5669 3742,5673 3742,5673 3752,5673 3753,5674 3753,5693 3753,5693 3757,5693 3758,5694 3758,5779 3758,5779 3754,5779 3753,5780 3753,5784 3753,5784 3733,5784 3732,5783 3543,5784 3542,5783 3362,5785 3361,5785 3362,5834 3361,5835 3326,5835 3326,5834 3325,5788 3325,5788 3098,5789 3097,5788 2864,5790 2863,5790 2864,5839 2863,5840"/><TextEquiv index="1"><Unicode>petite fille  son matre: pauvre petite!</Unicode></TextEquiv></TextLine><TextLine id="r2_l022"><Coords points="1558,6079 1557,6078 1549,6079 1548,6078 1548,6074 1548,6074 1534,6074 1533,6073 1533,6064 1534,6064 1543,6064 1543,6063 1543,6028 1542,6028 1405,6028 1404,6027 1269,6028 1268,6027 1086,6029 1086,6029 1086,6032 1085,6033 1035,6033 1035,6032 1035,6028 1034,6028 1030,6028 1030,6027 1030,6023 1030,6023 1034,6023 1035,6022 1035,6018 1035,6018 1039,6018 1040,6017 1040,6013 1040,6013 1055,6013 1056,6012 1056,5973 1056,5973 1121,5972 1122,5972 1121,5953 1121,5952 1117,5952 1116,5952 1116,5924 1115,5922 1107,5922 1106,5922 1106,5917 1107,5916 1238,5916 1238,5916 1238,5957 1239,5958 1431,5956 1431,5956 1431,5924 1431,5923 1427,5923 1426,5922 1422,5922 1421,5922 1421,5912 1422,5911 1447,5911 1447,5912 1447,5916 1448,5916 1518,5916 1518,5916 1518,5926 1518,5927 1514,5927 1513,5927 1513,5961 1514,5962 1650,5961 1650,5960 1650,5957 1651,5957 1660,5957 1661,5958 1909,5956 1909,5956 1909,5926 1909,5925 1900,5925 1899,5925 1899,5923 1899,5922 1895,5922 1894,5922 1894,5917 1895,5916 1899,5916 1899,5916 1899,5912 1900,5911 1924,5911 1924,5912 1924,5916 1925,5916 1929,5916 1929,5917 1929,5957 1930,5957 1995,5957 1996,5958 2153,5957 2154,5958 2346,5956 2346,5956 2346,5953 2347,5952 2427,5952 2428,5953 2584,5952 2584,5951 2584,5916 2584,5916 2570,5916 2569,5915 2569,5911 2570,5911 2574,5911 2574,5910 2574,5906 2575,5906 2626,5905 2627,5906 2722,5906 2722,5906 2722,5910 2723,5911 2727,5911 2727,5911 2727,5915 2727,5916 2723,5916 2722,5916 2722,5951 2723,5952 2779,5951 2780,5952 2788,5952 2788,5953 2788,5957 2789,5957 2793,5957 2793,5958 2793,5962 2794,5962 2797,5962 2797,5963 2798,5967 2798,5967 2802,5967 2803,5968 2803,5988 2803,5988 2944,5987 2945,5987 2944,5963 2944,5962 2935,5962 2934,5962 2934,5961 2935,5960 2935,5953 2936,5952 3052,5952 3052,5951 3052,5947 3053,5947 3067,5947 3068,5948 3092,5947 3092,5947 3092,5917 3092,5916 3088,5916 3087,5916 3087,5912 3088,5911 3092,5911 3092,5911 3092,5907 3093,5906 3102,5906 3102,5907 3102,5911 3103,5911 3108,5911 3108,5912 3108,5927 3109,5927 3113,5927 3113,5928 3113,5947 3114,5947 3285,5946 3285,5946 3285,5913 3285,5912 3282,5912 3281,5911 3271,5911 3270,5911 3270,5902 3271,5901 3296,5901 3297,5902 3519,5901 3519,5900 3519,5896 3520,5896 3534,5896 3534,5896 3534,5900 3535,5901 3542,5900 3543,5901 3544,5901 3544,5902 3544,5906 3543,5907 3540,5907 3539,5908 3539,5942 3540,5942 3695,5941 3696,5942 3722,5942 3722,5943 3723,5967 3723,5967 3772,5967 3773,5967 3773,5971 3773,5972 3782,5972 3783,5972 3783,5982 3782,5983 3758,5983 3758,5984 3758,5988 3757,5988 3727,5988 3727,5989 3727,6008 3726,6008 3722,6008 3722,6009 3722,6013 3721,6013 3717,6013 3717,6014 3717,6018 3716,6018 3712,6018 3712,6018 3712,6014 3711,6013 3696,6013 3695,6012 3543,6013 3542,6012 3422,6013 3421,6012 3184,6014 3184,6014 3184,6017 3183,6018 3108,6018 3108,6018 3108,6014 3107,6013 2965,6014 2965,6015 2965,6049 2966,6049 2970,6049 2970,6050 2970,6054 2971,6054 2976,6054 2976,6055 2976,6064 2976,6064 2971,6064 2970,6065 2970,6069 2970,6069 2956,6069 2955,6069 2955,6065 2955,6064 2941,6064 2940,6064 2940,6060 2940,6059 2936,6059 2935,6058 2844,6059 2843,6059 2843,6019 2842,6018 2711,6019 2711,6019 2711,6022 2710,6023 2701,6023 2701,6022 2701,6018 2700,6018 2564,6019 2564,6019 2564,6022 2563,6023 2523,6023 2523,6024 2523,6028 2522,6028 2513,6028 2513,6028 2513,6024 2512,6023 2508,6023 2507,6022 2305,6024 2305,6024 2305,6027 2304,6028 2224,6028 2223,6027 2021,6028 2020,6027 1883,6028 1882,6027 1710,6028 1709,6027 1558,6028 1558,6029 1558,6043 1558,6043 1562,6043 1563,6044 1563,6064 1564,6064 1569,6064 1569,6065 1569,6069 1570,6069 1574,6069 1574,6070 1574,6079 1574,6079"/><TextEquiv index="1"><Unicode>la dposa dans une alle, prs de l'hos-</Unicode></TextEquiv></TextLine></TextRegion></Page></PcGts>