4266 7858
937 1057 3906 1292 doute pour la faire arriver chez ses
940 1280 3909 1567 parens? .... Oui; mais comment oser
944 1505 3912 1749 demander cette somme  une amie
947 1736 3916 2019 gne? comment lui auprendre qu'on
951 1969 3919 2208 veut la quitter, se sparor d'elle, ne ft-ce
955 2198 3923 2444 que pour un mois? Ccile va se croire
958 2427 3927 2680 seule, abandonne dans le monde; elle
962 2656 3930 2900 accusera Jeannette d'ingratitude, et Jean-
965 2873 3933 3134 nette ne pourra pas lui dire que c'est
968 3075 3937 3319 pour Ccile qu'elle va travailler! Quel
972 3335 3939 3595 embarras! et comment Jeannette s'v
3795 3479 3941 3577 LE
975 3576 3944 3796 prendra-t-elle pour annoncer son dpart
979 3799 3947 4057 son amie, et pour lui demander le
982 4028 3951 4256 partage de sa modique fortune? Allons
986 4220 3954 4517 toujours; peut-tre le hasard amenera-t-il
990 4491 3959 4748 un moyen de placer cette explication
993 4742 3127 4975 et ces demandes indiscrtes.
1006 4944 3965 5195 Ainsi rflchissait encore Jeannette
1000 5178 3969 5430 lorsqu'elle entra dans la chambre de
1003 5385 3973 5664 Ccile. Celle-ci courut au-devant d'elle:
1007 5619 3976 5900 Ah, mon amie! lui dit-elle, ma chre
1011 5865 3979 6132 Jeannette, apprends l'vnement le plus
3281 6096 3983 6289 heureux!
2251 859 2665 1018 L.
