4266 7858
2251 854 2665 1023 .
956 1053 3938 1298 jamais port ce nom.... ce n'est point
958 1288 3827 1518 votre amant .... -- Ce n'est point lui!...
961 1510 3943 1747 mais le nom de cet tranger? -- Je n'ai
963 1742 3945 1945 pu le dcouvrir; il vous suffit de savoir
964 1910 1130 2014 L
965 1994 3947 2182 que ce n'est point Saint-Ange. -- Mais,
968 2211 3950 2442 Jeannette, cette lettre de l'criture de
971 2435 3953 2677 mon amant, comment se serait-elle trou-
973 2665 3955 2902 ve dans la poche d'un autre? C'est bien
976 2912 3957 3100 pourtant son criture. -- Qui sait, ma-
977 3092 1135 3195 L
978 3139 3960 3377 demoiselle! cette lettre tait adresse au
981 3345 3963 3615 Commandeur: ce vieillard peut l'avoir
984 3606 3966 3854 reue, perdue ou confie  quelqu'un.
986 3842 3968 4074 -- Tu as raison; ainsi plus d'espoir de
989 4076 3971 4318 retrouver celui..... Jamais, Jeannette,
991 4293 3973 4586 jamais je ne le reverrai! Conois-tu cet
994 4526 3975 4789 excs de malheur? -- Il semble en effet
996 4770 3978 5002 qu'une barrire insurmontable vous en
999 5000 3980 5258 spare.... Sort bizarre! ou plutt bizarre
1001 5232 3983 5495 amant! quel motif a pu engager ce jeune
1004 5458 3985 5729 homme  vous fuir,  vous ravir votre
1006 5701 3988 5956 enfant? Je vous l'avouerai, mademoi-
1009 5923 3990 6164 selle, ce trait de sa part m'a paru trs-
