<PcGts xmlns="http://schema.primaresearch.org/PAGE/gts/pagecontent/2017-07-15" xmlns:xsi="http://www.w3.org/2001/XMLSchema-instance" xsi:schemaLocation="http://schema.primaresearch.org/PAGE/gts/pagecontent/2017-07-15 http://schema.primaresearch.org/PAGE/gts/pagecontent/2017-07-15/pagecontent.xsd"><Metadata><Creator/><Created>2020-09-22T17:15:31</Created><LastChange>1970-01-01T00:00:00</LastChange><Comments/></Metadata><Page imageFilename="0055.png" imageHeight="7844" imageWidth="4266"><ReadingOrder><OrderedGroup id="g1"><RegionRefIndexed index="0" regionRef="r1"/><RegionRefIndexed index="1" regionRef="r3"/><RegionRefIndexed index="2" regionRef="r2"/></OrderedGroup></ReadingOrder><TextRegion id="r1" type="page-number" orientation="-0.0"><Coords points="1666,843 1661,848 1657,848 1657,872 1652,877 1652,887 1647,892 1647,906 1642,911 1642,1009 1647,1014 1647,1019 1652,1024 1652,1034 1657,1039 1657,1044 1666,1054 1813,1054 1818,1049 1818,1019 1823,1014 1990,1014 1995,1019 1995,1054 2147,1054 2157,1044 2157,1039 2166,1029 2166,1019 2171,1014 2171,995 2176,990 2176,911 2171,906 2171,897 2166,892 2166,877 2162,872 2162,867 2142,848 2000,848 1995,853 1995,887 1990,892 1965,892 1961,887 1961,853 1941,853 1936,848 1818,848 1813,843"/><TextEquiv><Unicode/></TextEquiv><TextLine id="r1_l001"><Coords points="1710,873 2108,873 2108,1031 1710,1031"/><TextEquiv index="1"><Unicode>.</Unicode></TextEquiv></TextLine></TextRegion><TextRegion id="r2" type="footnote" orientation="-0.0"><Coords points="2461,6235 2456,6240 2451,6240 2451,6245 2441,6255 2441,6260 2436,6265 2436,6343 2451,6358 2461,6358 2465,6363 2627,6363 2632,6368 2794,6368 2794,6280 2789,6275 2789,6255 2779,6245 2779,6240 2774,6240 2769,6235"/><TextEquiv><Unicode/></TextEquiv><TextLine id="r2_l001"><Coords points="2506,6267 2725,6267 2725,6344 2506,6344"/><TextEquiv index="1"><Unicode></Unicode></TextEquiv></TextLine></TextRegion><TextRegion id="r3" type="paragraph" orientation="-0.875"><Coords points="681,1058 676,1063 671,1063 671,1098 666,1103 627,1103 622,1098 455,1098 455,1103 451,1107 451,1166 453,1168 453,1169 455,1171 455,1230 759,1230 764,1235 1112,1235 1117,1240 1612,1240 1617,1245 1804,1245 1809,1250 1995,1250 1997,1252 1997,1255 1998,1256 1998,1258 1999,1259 1999,1261 2000,1262 2000,1265 2001,1266 2001,1268 2002,1269 2002,1271 2003,1272 2003,1274 2004,1275 2004,1278 2005,1279 2005,1281 2006,1282 2006,1284 2007,1285 2007,1287 2008,1288 2008,1291 2009,1292 2009,1294 2010,1295 2010,1297 2011,1298 2011,1301 2012,1302 2012,1304 2013,1305 2013,1307 2014,1308 2014,1310 2015,1311 2015,1314 2016,1315 2016,1317 2017,1318 2017,1320 2018,1321 2018,1323 2019,1324 2019,1327 2020,1328 2020,1330 2021,1331 2021,1333 2022,1334 2022,1337 2023,1338 2023,1340 2024,1341 2024,1343 2025,1344 2025,1346 2026,1347 2026,1350 2027,1351 2027,1352 2026,1353 1867,1353 1862,1348 1862,1304 1539,1304 1534,1309 1533,1309 1529,1313 1529,1318 1524,1323 1524,1367 1519,1372 1470,1372 1460,1382 1446,1382 1441,1377 1441,1304 1436,1299 1284,1299 1279,1304 1279,1338 1274,1343 1019,1343 1014,1338 916,1338 911,1333 911,1299 906,1294 740,1294 740,1328 735,1333 451,1333 451,1397 453,1399 453,1400 455,1402 455,1451 460,1456 460,1460 843,1460 848,1465 1103,1465 1105,1467 1105,1468 1107,1470 1259,1470 1264,1465 1284,1465 1289,1470 1436,1470 1441,1465 1446,1465 1451,1470 1701,1470 1706,1475 1902,1475 1907,1480 2000,1480 2001,1481 2000,1482 2000,1483 1999,1484 1999,1486 1998,1487 1998,1488 1997,1489 1997,1490 1996,1491 1996,1493 1995,1494 1995,1495 1994,1496 1994,1498 1993,1499 1993,1500 1992,1501 1992,1503 1991,1504 1991,1505 1990,1506 1990,1508 1989,1509 1989,1510 1988,1511 1988,1513 1987,1514 1987,1515 1986,1516 1986,1518 1985,1519 1985,1520 1984,1521 1984,1523 1983,1524 1983,1525 1982,1526 1982,1528 1981,1529 1981,1530 1980,1531 1980,1533 1979,1534 1979,1535 1978,1536 1978,1538 1977,1539 1977,1540 1976,1541 1976,1542 1975,1543 1975,1545 1974,1546 1974,1547 1973,1548 1973,1550 1972,1551 1972,1552 1971,1553 1971,1555 1970,1556 1970,1557 1969,1558 1969,1560 1968,1561 1968,1562 1967,1563 1967,1565 1966,1566 1966,1567 1965,1568 1965,1570 1964,1571 1964,1572 1963,1573 1963,1575 1962,1576 1962,1577 1961,1578 1961,1580 1960,1581 1960,1582 1959,1583 1764,1583 1759,1578 1720,1578 1715,1573 1715,1534 1710,1529 1554,1529 1549,1534 1549,1578 1544,1583 1539,1578 1539,1539 1534,1534 1387,1534 1387,1549 1382,1554 1382,1568 1377,1573 1294,1573 1289,1568 1289,1534 1284,1534 1279,1529 1122,1529 1112,1539 1112,1544 1107,1549 1107,1550 1103,1554 1088,1554 1083,1549 1083,1529 1078,1524 931,1524 926,1529 926,1549 921,1554 911,1554 906,1549 906,1529 769,1529 764,1524 715,1524 710,1519 710,1514 514,1514 514,1519 509,1524 509,1558 504,1563 455,1563 453,1565 453,1566 451,1568 451,1598 446,1603 446,1666 451,1671 451,1676 453,1678 453,1679 455,1681 460,1681 465,1686 735,1686 740,1691 1235,1691 1240,1696 1764,1696 1774,1706 1774,1710 1907,1710 1908,1711 1908,1720 1909,1721 1909,1741 1910,1742 1910,1761 1911,1762 1911,1763 1910,1764 1872,1764 1872,1769 1867,1774 1867,1779 1862,1784 1862,1794 1860,1796 1860,1797 1858,1799 1858,1804 1853,1809 1828,1809 1823,1804 1823,1764 1657,1764 1657,1804 1652,1809 1568,1809 1563,1804 1460,1804 1458,1802 1458,1801 1456,1799 1456,1755 1304,1755 1302,1757 1301,1757 1299,1759 1166,1759 1166,1799 1161,1804 1063,1804 1058,1799 843,1799 838,1794 838,1759 833,1754 832,1754 828,1750 627,1750 622,1755 622,1789 617,1794 504,1794 502,1796 502,1797 500,1799 470,1799 465,1804 460,1804 455,1809 451,1809 451,1818 446,1823 446,1882 451,1887 451,1902 465,1916 475,1916 480,1921 480,1965 661,1965 661,1921 666,1916 818,1916 823,1921 1054,1921 1056,1923 1056,1924 1058,1926 1671,1926 1676,1931 1918,1931 1919,1932 1919,1947 1920,1948 1920,1968 1921,1969 1921,1989 1922,1990 1922,1999 1921,2000 1916,2000 1916,2059 1914,2061 1913,2061 1911,2063 1897,2063 1895,2061 1894,2061 1892,2059 1696,2059 1696,2073 1691,2078 1657,2078 1652,2073 1505,2073 1500,2068 1500,2034 1279,2034 1274,2029 1274,2019 1230,2019 1225,2014 1225,1980 1078,1980 1073,1985 1073,2024 1068,2029 813,2029 808,2024 750,2024 745,2019 745,1980 740,1980 735,1975 593,1975 588,1980 578,1980 578,2014 573,2019 451,2019 451,2034 441,2044 441,2049 436,2054 436,2117 441,2122 441,2132 451,2142 460,2142 465,2147 843,2147 848,2152 1107,2152 1112,2157 1201,2157 1206,2162 1206,2196 1210,2196 1215,2201 1377,2201 1382,2196 1392,2196 1392,2162 1397,2157 1603,2157 1608,2162 1755,2162 1757,2160 1757,2159 1759,2157 1769,2157 1774,2152 1774,2142 1779,2137 1907,2137 1909,2139 1909,2140 1911,2142 1911,2162 1913,2164 1914,2164 1916,2166 1929,2166 1930,2167 1930,2175 1931,2176 1931,2196 1932,2197 1932,2216 1933,2217 1933,2237 1934,2238 1934,2258 1935,2259 1935,2278 1934,2279 1853,2279 1848,2274 1725,2274 1720,2269 1720,2255 1568,2255 1568,2264 1563,2269 1490,2269 1485,2264 1485,2225 1313,2225 1313,2264 1308,2269 1152,2269 1147,2264 1127,2264 1125,2262 1124,2262 1122,2260 1122,2220 1117,2215 902,2215 897,2220 897,2225 892,2230 892,2240 887,2245 887,2255 882,2260 881,2260 877,2264 705,2264 701,2260 701,2255 455,2255 455,2260 451,2264 436,2264 436,2353 441,2358 441,2426 514,2426 519,2431 519,2461 517,2463 516,2463 514,2465 451,2465 451,2475 441,2485 441,2549 446,2554 446,2588 451,2593 451,2603 453,2605 453,2606 455,2608 779,2608 784,2613 1024,2613 1026,2615 1027,2615 1029,2617 1107,2617 1112,2622 1112,2662 1264,2662 1279,2647 1279,2637 1284,2632 1284,2622 1289,2617 1367,2617 1372,2622 1563,2622 1568,2627 1897,2627 1902,2632 2037,2632 2038,2633 2038,2634 2039,2635 2039,2637 2040,2638 2040,2641 2041,2642 2041,2644 2042,2645 2042,2647 2043,2648 2043,2650 2044,2651 2044,2653 2045,2654 2045,2657 2046,2658 2046,2660 2047,2661 2047,2663 2048,2664 2048,2666 2049,2667 2049,2669 2050,2670 2050,2673 2051,2674 2051,2676 2052,2677 2052,2679 2053,2680 2053,2682 2054,2683 2054,2685 2055,2686 2055,2689 2056,2690 2056,2692 2057,2693 2057,2695 2058,2696 2058,2698 2059,2699 2059,2701 2060,2702 2060,2705 2061,2706 2061,2708 2062,2709 2062,2711 2063,2712 2063,2714 2064,2715 2064,2717 2065,2718 2065,2721 2066,2722 2066,2724 2067,2725 2067,2727 2068,2728 2068,2730 2069,2731 2069,2733 2070,2734 2070,2737 2071,2738 2071,2739 2070,2740 1975,2740 1970,2735 1828,2735 1823,2740 1740,2740 1735,2735 1671,2735 1666,2730 1666,2691 1392,2691 1392,2701 1387,2706 1387,2725 1382,2730 1333,2730 1328,2725 1328,2686 1161,2686 1161,2720 1156,2725 892,2725 887,2720 740,2720 735,2715 735,2686 725,2676 573,2676 568,2681 568,2711 566,2713 565,2713 563,2715 436,2715 431,2720 431,2843 583,2843 588,2838 627,2838 632,2843 848,2843 853,2848 1068,2848 1073,2853 1304,2853 1306,2855 1306,2856 1308,2858 1593,2858 1598,2863 1696,2863 1698,2865 1699,2865 1701,2867 1701,2907 1882,2907 1882,2867 1884,2865 1885,2865 1887,2863 2012,2863 2013,2864 2011,2866 2011,2867 2008,2870 2008,2871 2005,2874 2005,2875 2001,2879 2001,2880 1998,2883 1998,2884 1995,2887 1995,2888 1992,2891 1992,2892 1989,2895 1989,2896 1985,2900 1985,2901 1982,2904 1982,2905 1979,2908 1979,2909 1976,2912 1976,2913 1973,2916 1973,2917 1969,2921 1969,2922 1966,2925 1966,2926 1963,2929 1963,2930 1960,2933 1960,2934 1957,2937 1957,2938 1953,2942 1953,2943 1950,2946 1950,2947 1947,2950 1947,2951 1944,2954 1944,2955 1941,2958 1941,2959 1937,2963 1937,2964 1934,2967 1934,2968 1932,2970 1828,2970 1826,2968 1825,2968 1823,2966 1730,2966 1725,2961 1725,2926 1627,2926 1622,2921 1465,2921 1460,2926 1458,2924 1458,2923 1456,2921 1294,2921 1294,2956 1289,2961 1152,2961 1147,2956 1147,2916 1142,2916 1140,2914 1139,2914 1137,2912 995,2912 993,2914 992,2914 990,2916 946,2916 941,2921 941,2956 931,2966 931,2990 926,2995 892,2995 887,2990 887,2966 882,2966 877,2961 867,2961 862,2956 813,2956 808,2951 808,2946 806,2944 806,2943 804,2941 804,2936 603,2936 598,2941 598,2946 593,2951 431,2951 426,2956 426,3078 794,3078 799,3083 799,3117 804,3122 946,3122 951,3117 955,3117 957,3115 958,3115 960,3113 960,3103 965,3098 965,3093 975,3083 1122,3083 1127,3088 1460,3088 1465,3093 1858,3093 1860,3095 1860,3096 1862,3098 1883,3098 1884,3099 1884,3100 1883,3101 1883,3105 1882,3106 1882,3109 1881,3110 1881,3114 1880,3115 1880,3119 1879,3120 1879,3123 1878,3124 1878,3128 1877,3129 1877,3133 1876,3134 1876,3137 1875,3138 1875,3142 1874,3143 1874,3147 1873,3148 1873,3151 1872,3152 1872,3156 1871,3157 1871,3161 1870,3162 1755,3162 1755,3201 1750,3206 1745,3206 1740,3211 1735,3206 1735,3201 1725,3201 1720,3196 1720,3186 1681,3186 1676,3181 1676,3157 1524,3157 1519,3162 1519,3196 1514,3201 1421,3201 1416,3196 1416,3157 1411,3152 1142,3152 1132,3162 1132,3191 1127,3196 1078,3196 1073,3191 1073,3142 872,3142 867,3147 867,3186 862,3191 794,3191 789,3186 735,3186 730,3181 607,3181 605,3179 605,3178 603,3176 603,3171 601,3169 600,3169 598,3167 529,3167 524,3162 524,3122 519,3117 372,3117 372,3181 431,3181 436,3186 436,3225 431,3230 431,3289 436,3289 441,3294 441,3299 446,3304 686,3304 691,3309 1005,3309 1007,3311 1007,3312 1009,3314 1181,3314 1183,3316 1184,3316 1186,3318 1186,3323 1563,3323 1568,3328 1637,3328 1642,3333 1642,3368 1789,3368 1804,3353 1804,3343 1809,3338 1809,3333 1811,3331 1811,3330 1813,3328 1869,3328 1870,3329 1870,3330 1871,3331 1871,3335 1872,3336 1872,3340 1873,3341 1873,3345 1874,3346 1874,3350 1875,3351 1875,3355 1876,3356 1876,3360 1877,3361 1877,3365 1878,3366 1878,3370 1879,3371 1879,3375 1880,3376 1880,3380 1881,3381 1881,3385 1882,3386 1882,3390 1883,3391 1883,3395 1884,3396 1884,3400 1885,3401 1885,3405 1886,3406 1886,3410 1887,3411 1887,3415 1888,3416 1888,3420 1889,3421 1889,3425 1890,3426 1890,3430 1891,3431 1891,3435 1890,3436 1774,3436 1769,3431 1534,3431 1529,3426 1529,3417 1524,3412 1524,3397 1519,3392 1519,3382 1514,3382 1509,3377 1362,3377 1357,3382 1357,3421 1355,3423 1355,3424 1353,3426 1343,3426 1338,3421 1338,3377 1333,3372 1191,3372 1186,3377 1186,3417 1184,3419 1183,3419 1181,3421 1054,3421 1052,3419 1051,3419 1049,3417 818,3417 813,3412 813,3368 808,3363 666,3363 661,3368 656,3368 656,3407 654,3409 654,3410 652,3412 431,3412 431,3461 426,3466 426,3529 431,3534 451,3534 453,3536 453,3537 455,3539 455,3608 603,3608 605,3610 605,3611 607,3613 598,3622 446,3622 441,3627 441,3637 431,3647 431,3711 435,3715 436,3715 441,3720 441,3765 740,3765 745,3770 960,3770 962,3772 963,3772 965,3774 965,3823 1147,3823 1147,3779 1152,3774 1220,3774 1225,3779 1558,3779 1563,3784 1794,3784 1799,3789 1799,3833 1804,3838 1937,3838 1938,3839 1938,3842 1939,3843 1939,3858 1940,3859 1940,3874 1941,3875 1941,3890 1942,3891 1942,3896 1941,3897 1902,3897 1897,3892 1524,3892 1519,3887 1519,3868 1367,3868 1365,3870 1364,3870 1362,3872 1362,3887 1357,3892 1279,3892 1274,3887 1122,3887 1117,3882 1117,3877 1024,3877 1019,3872 1019,3868 1014,3863 1014,3853 1009,3848 1009,3843 1005,3843 1000,3838 857,3838 855,3840 855,3841 853,3843 853,3848 843,3858 750,3858 745,3853 745,3833 740,3828 446,3828 441,3833 431,3833 426,3838 426,3843 421,3848 421,3907 416,3912 416,3971 418,3973 419,3973 421,3975 421,3990 426,3995 627,3995 632,4000 1009,4000 1014,4005 1014,4044 1019,4049 1049,4049 1054,4054 1201,4054 1206,4049 1210,4049 1225,4034 1225,4015 1230,4010 1495,4010 1500,4015 1710,4015 1715,4010 1720,4015 1735,4015 1740,4020 1848,4020 1850,4022 1851,4022 1853,4024 1853,4054 1857,4058 1857,4059 1862,4064 1944,4064 1945,4065 1943,4067 1942,4067 1938,4071 1937,4071 1935,4073 1872,4073 1872,4118 1867,4123 1774,4123 1769,4118 1769,4073 1612,4073 1612,4113 1610,4115 1610,4116 1608,4118 1598,4118 1593,4113 1210,4113 1208,4111 1208,4110 1206,4108 1206,4069 1201,4069 1196,4064 1049,4064 1044,4069 1039,4069 1039,4103 1034,4108 980,4108 975,4103 975,4069 970,4064 730,4064 725,4069 725,4103 720,4108 681,4108 676,4103 460,4103 455,4108 446,4108 441,4113 436,4113 431,4118 426,4118 426,4176 431,4181 431,4211 440,4220 441,4220 451,4230 568,4230 573,4235 573,4270 575,4272 576,4272 578,4274 750,4274 750,4235 752,4233 752,4232 754,4230 1024,4230 1029,4235 1225,4235 1230,4240 1598,4240 1603,4245 1722,4245 1723,4246 1721,4248 1720,4248 1715,4253 1714,4253 1710,4257 1709,4257 1704,4262 1703,4262 1699,4266 1698,4266 1694,4270 1693,4270 1688,4275 1687,4275 1683,4279 1682,4279 1677,4284 1676,4284 1672,4288 1671,4288 1666,4293 1665,4293 1661,4297 1660,4297 1656,4301 1655,4301 1652,4304 1583,4304 1578,4309 1578,4343 1573,4348 1333,4348 1328,4343 1269,4343 1264,4338 1264,4299 1103,4299 1098,4304 1093,4304 1093,4319 1088,4324 965,4324 963,4326 962,4326 960,4328 960,4338 955,4343 750,4343 745,4338 745,4299 740,4294 588,4294 588,4333 583,4338 431,4338 426,4343 421,4343 416,4348 416,4353 411,4358 406,4358 406,4422 408,4424 409,4424 411,4426 411,4456 416,4461 436,4461 441,4466 441,4505 622,4505 622,4466 627,4461 710,4461 715,4466 715,4505 720,4510 897,4510 897,4475 899,4473 900,4473 902,4471 1063,4471 1068,4466 1093,4466 1098,4471 1318,4471 1320,4473 1321,4473 1323,4475 1427,4475 1428,4476 1427,4477 1426,4477 1423,4480 1422,4480 1420,4482 1419,4482 1416,4485 1415,4485 1412,4488 1411,4488 1409,4490 1408,4490 1405,4493 1404,4493 1402,4495 1401,4495 1398,4498 1397,4498 1394,4501 1393,4501 1391,4503 1390,4503 1387,4506 1386,4506 1383,4509 1382,4509 1380,4511 1379,4511 1376,4514 1375,4514 1373,4516 1372,4516 1369,4519 1368,4519 1365,4522 1364,4522 1362,4524 1361,4524 1358,4527 1357,4527 1354,4530 1353,4530 1351,4532 1350,4532 1347,4535 1346,4535 1344,4537 1343,4537 1341,4539 1289,4539 1289,4574 1287,4576 1286,4576 1284,4578 1250,4578 1245,4583 1166,4583 1161,4578 995,4578 990,4583 985,4583 970,4598 970,4613 965,4618 931,4618 926,4613 926,4593 921,4588 921,4578 919,4576 918,4576 916,4574 838,4574 833,4569 833,4534 828,4529 818,4529 816,4527 815,4527 813,4525 661,4525 659,4527 658,4527 656,4529 573,4529 571,4527 570,4527 568,4525 426,4525 424,4527 423,4527 421,4529 421,4593 426,4593 431,4598 431,4613 426,4618 421,4618 421,4623 419,4625 418,4625 416,4627 416,4696 705,4696 710,4701 848,4701 853,4706 853,4740 995,4740 1000,4735 1009,4735 1009,4730 1011,4728 1012,4728 1014,4726 1014,4716 1024,4706 1108,4706 1109,4707 1108,4708 1107,4708 1104,4711 1103,4711 1101,4713 1100,4713 1097,4716 1096,4716 1094,4718 1093,4718 1090,4721 1089,4721 1086,4724 1085,4724 1083,4726 1082,4726 1079,4729 1078,4729 1075,4732 1074,4732 1072,4734 1071,4734 1068,4737 1067,4737 1065,4739 1064,4739 1061,4742 1060,4742 1057,4745 1056,4745 1054,4747 1053,4747 1050,4750 1049,4750 1046,4753 1045,4753 1043,4755 1042,4755 1039,4758 1038,4758 1036,4760 1035,4760 1032,4763 1031,4763 1028,4766 1027,4766 1025,4768 1024,4768 1021,4771 1020,4771 1017,4774 1016,4774 1014,4776 1013,4776 1010,4779 1009,4779 1007,4781 1006,4781 1003,4784 1002,4784 999,4787 998,4787 996,4789 995,4789 992,4792 991,4792 988,4795 987,4795 985,4797 984,4797 981,4800 980,4800 978,4802 977,4802 974,4805 973,4805 970,4808 969,4808 968,4809 686,4809 681,4804 681,4779 679,4777 678,4777 676,4775 676,4765 671,4760 514,4760 514,4799 509,4804 475,4804 470,4809 421,4809 421,4858 416,4863 416,4931 549,4931 551,4933 551,4934 553,4936 553,4976 555,4978 556,4978 558,4980 705,4980 707,4978 708,4978 710,4976 715,4976 717,4978 718,4978 720,4980 729,4980 730,4981 727,4984 726,4984 724,4986 723,4986 720,4989 719,4989 717,4991 716,4991 713,4994 712,4994 709,4997 708,4997 706,4999 705,4999 702,5002 701,5002 698,5005 697,5005 695,5007 694,5007 691,5010 690,5010 688,5012 687,5012 684,5015 683,5015 680,5018 679,5018 677,5020 676,5020 673,5023 672,5023 669,5026 668,5026 666,5028 665,5028 662,5031 661,5031 659,5033 658,5033 655,5036 654,5036 651,5039 650,5039 648,5041 647,5041 644,5044 627,5044 622,5039 573,5039 568,5034 568,5029 566,5027 565,5027 563,5025 411,5025 411,5034 406,5039 402,5039 397,5044 397,5103 401,5107 401,5108 406,5113 406,5142 411,5147 411,5157 416,5157 421,5162 872,5162 877,5157 877,5088 872,5083 838,5083 833,5078 833,5044 828,5044 823,5039 671,5039 666,5044 650,5044 649,5043 650,5042 651,5042 654,5039 655,5039 657,5037 658,5037 661,5034 662,5034 665,5031 666,5031 668,5029 669,5029 672,5026 673,5026 675,5024 676,5024 679,5021 680,5021 683,5018 684,5018 686,5016 687,5016 690,5013 691,5013 694,5010 695,5010 697,5008 698,5008 701,5005 702,5005 704,5003 705,5003 708,5000 709,5000 712,4997 713,4997 715,4995 716,4995 719,4992 720,4992 723,4989 724,4989 726,4987 727,4987 730,4984 731,4984 733,4982 734,4982 736,4980 877,4980 879,4978 880,4978 882,4976 887,4976 887,4941 892,4936 1176,4936 1181,4941 1299,4941 1304,4946 1304,4990 1480,4990 1480,4951 1485,4946 1603,4946 1608,4951 1608,4985 1755,4985 1764,4976 1769,4976 1769,4966 1784,4951 1867,4951 1868,4952 1868,4953 1869,4954 1869,4957 1870,4958 1870,4961 1871,4962 1871,4965 1872,4966 1872,4969 1873,4970 1873,4972 1874,4973 1874,4976 1875,4977 1875,4980 1876,4981 1876,4984 1877,4985 1877,4988 1878,4989 1878,4992 1879,4993 1879,4995 1880,4996 1880,4999 1881,5000 1881,5003 1882,5004 1882,5007 1883,5008 1883,5011 1884,5012 1884,5015 1885,5016 1885,5018 1886,5019 1886,5022 1887,5023 1887,5026 1888,5027 1888,5030 1889,5031 1889,5034 1890,5035 1890,5037 1891,5038 1891,5041 1892,5042 1892,5045 1893,5046 1893,5049 1894,5050 1894,5053 1895,5054 1895,5057 1896,5058 1896,5060 1897,5061 1897,5064 1898,5065 1898,5068 1899,5069 1899,5072 1900,5073 1900,5076 1901,5077 1901,5080 1902,5081 1902,5083 1903,5084 1903,5087 1904,5088 1904,5091 1905,5092 1905,5095 1906,5096 1906,5099 1907,5100 1907,5103 1908,5104 1908,5106 1909,5107 1909,5110 1910,5111 1910,5114 1911,5115 1911,5118 1912,5119 1912,5122 1913,5123 1913,5126 1914,5127 1914,5129 1915,5130 1915,5133 1916,5134 1916,5137 1917,5138 1917,5141 1918,5142 1918,5145 1919,5146 1919,5149 1920,5150 1920,5152 1921,5153 1921,5156 1922,5157 1922,5160 1923,5161 1923,5164 1924,5165 1924,5168 1925,5169 1925,5171 1926,5172 1926,5175 1927,5176 1927,5179 1928,5180 1928,5183 1929,5184 1929,5187 1930,5188 1930,5191 1931,5192 1931,5194 1932,5195 1932,5198 1933,5199 1933,5202 1934,5203 1934,5206 1935,5207 1935,5210 1936,5211 1936,5214 1937,5215 1937,5217 1938,5218 1938,5221 1939,5222 1939,5225 1940,5226 1940,5229 1941,5230 1941,5233 1942,5234 1942,5237 1943,5238 1943,5240 1944,5241 1944,5244 1945,5245 1945,5248 1946,5249 1946,5252 1947,5253 1947,5256 1948,5257 1948,5260 1949,5261 1949,5263 1950,5264 1950,5267 1951,5268 1951,5271 1952,5272 1952,5275 1953,5276 1953,5279 1954,5280 1954,5283 1955,5284 1955,5286 1956,5287 1956,5288 1955,5289 1872,5289 1867,5284 1867,5245 1862,5240 1701,5240 1701,5279 1696,5284 1456,5284 1451,5279 1338,5279 1336,5277 1335,5277 1333,5275 1333,5230 1181,5230 1176,5235 1171,5230 1005,5230 1003,5228 1002,5228 1000,5226 774,5226 769,5221 593,5221 588,5226 583,5226 573,5236 572,5236 563,5245 563,5250 558,5255 558,5275 556,5277 555,5277 553,5279 553,5343 558,5348 558,5373 563,5378 563,5382 568,5382 573,5387 578,5387 583,5392 799,5392 804,5397 1093,5397 1098,5402 1289,5402 1294,5407 1588,5407 1593,5412 1920,5412 1921,5413 1921,5414 1920,5415 1920,5416 1918,5418 1918,5419 1917,5420 1917,5421 1916,5422 1916,5423 1914,5425 1914,5426 1913,5427 1913,5428 1912,5429 1912,5430 1911,5431 1911,5432 1909,5434 1909,5435 1908,5436 1908,5437 1907,5438 1907,5439 1905,5441 1905,5442 1904,5443 1904,5444 1903,5445 1903,5446 1902,5447 1902,5448 1900,5450 1900,5451 1899,5452 1899,5453 1898,5454 1898,5455 1897,5456 1897,5457 1895,5459 1895,5460 1894,5461 1894,5462 1893,5463 1893,5464 1891,5466 1891,5467 1890,5468 1890,5469 1889,5470 1889,5471 1888,5472 1888,5473 1886,5475 1886,5476 1885,5477 1885,5478 1884,5479 1884,5480 1883,5481 1883,5482 1881,5484 1881,5485 1880,5486 1880,5487 1879,5488 1879,5489 1877,5491 1877,5492 1876,5493 1876,5494 1875,5495 1875,5496 1874,5497 1874,5498 1872,5500 1872,5501 1871,5502 1871,5503 1870,5504 1870,5505 1869,5506 1869,5507 1867,5509 1867,5510 1866,5511 1866,5512 1865,5513 1865,5514 1863,5516 1863,5517 1862,5518 1862,5519 1861,5520 1861,5521 1860,5522 1860,5523 1858,5525 1843,5525 1838,5520 1838,5476 1671,5476 1669,5478 1668,5478 1666,5480 1666,5515 1661,5520 1451,5520 1446,5515 1446,5476 1441,5471 1279,5471 1279,5510 1274,5515 1122,5515 1117,5510 1117,5495 1112,5490 965,5490 960,5495 960,5500 955,5505 745,5505 740,5500 642,5500 637,5495 637,5456 465,5456 465,5495 460,5500 421,5500 416,5505 402,5505 402,5520 397,5525 397,5598 402,5603 402,5608 404,5610 404,5611 406,5613 406,5618 411,5623 416,5623 421,5628 637,5628 639,5630 640,5630 642,5632 642,5667 647,5672 897,5672 897,5632 899,5630 900,5630 902,5628 960,5628 962,5630 963,5630 965,5632 1063,5632 1073,5642 1073,5677 1075,5679 1076,5679 1078,5681 1078,5686 1235,5686 1235,5681 1237,5679 1238,5679 1240,5677 1255,5677 1255,5642 1257,5640 1257,5639 1259,5637 1357,5637 1362,5642 1362,5691 1524,5691 1529,5686 1539,5686 1539,5647 1544,5642 1725,5642 1730,5647 1794,5647 1795,5648 1795,5650 1794,5651 1794,5652 1793,5653 1793,5654 1792,5655 1792,5656 1791,5657 1791,5658 1790,5659 1790,5660 1789,5661 1789,5663 1788,5664 1788,5665 1787,5666 1787,5667 1786,5668 1786,5669 1785,5670 1785,5671 1784,5672 1784,5673 1783,5674 1783,5676 1782,5677 1782,5678 1781,5679 1781,5680 1780,5681 1780,5682 1779,5683 1779,5684 1778,5685 1778,5686 1777,5687 1777,5689 1776,5690 1776,5691 1775,5692 1775,5693 1774,5694 1774,5695 1773,5696 1773,5697 1772,5698 1772,5699 1771,5700 1771,5702 1770,5703 1770,5704 1769,5705 1769,5706 1768,5707 1768,5708 1767,5709 1767,5710 1766,5711 1696,5711 1691,5716 1691,5745 1686,5750 1588,5750 1588,5755 1583,5760 1534,5760 1529,5755 1529,5750 1431,5750 1426,5745 1362,5745 1357,5740 1210,5740 1208,5742 1208,5743 1206,5745 1191,5745 1186,5740 1186,5701 1181,5696 1019,5696 1014,5701 1014,5735 1009,5740 970,5740 965,5735 965,5701 960,5696 750,5696 750,5731 748,5733 747,5733 745,5735 598,5735 596,5733 595,5733 593,5731 441,5731 439,5733 438,5733 436,5735 402,5735 402,5853 404,5855 404,5856 406,5858 666,5858 671,5863 671,5902 696,5902 701,5907 843,5907 848,5902 848,5868 853,5863 1078,5863 1083,5868 1201,5868 1206,5873 1470,5873 1475,5878 1475,5917 1480,5922 1652,5922 1657,5917 1657,5883 1659,5881 1659,5880 1661,5878 1681,5878 1686,5883 1686,5922 1790,5922 1792,5924 1792,5925 1793,5926 1793,5927 1795,5929 1795,5930 1796,5931 1796,5932 1798,5934 1798,5935 1799,5936 1799,5937 1800,5938 1800,5939 1802,5941 1802,5942 1803,5943 1803,5944 1805,5946 1805,5947 1806,5948 1806,5949 1807,5950 1807,5951 1809,5953 1809,5954 1810,5955 1810,5956 1812,5958 1812,5959 1813,5960 1813,5961 1814,5962 1814,5963 1816,5965 1816,5966 1817,5967 1817,5968 1819,5970 1819,5971 1820,5972 1820,5973 1821,5974 1821,5975 1823,5977 1823,5978 1824,5979 1824,5980 1825,5981 1825,5982 1827,5984 1827,5985 1828,5986 1828,5987 1830,5989 1829,5990 1794,5990 1789,5985 1691,5985 1689,5983 1688,5983 1686,5981 1505,5981 1500,5976 1500,5966 1495,5961 1495,5951 1490,5946 1490,5941 1485,5936 1338,5936 1338,5956 1333,5961 1215,5961 1215,5971 1210,5976 1083,5976 1078,5981 1054,5981 1049,5976 931,5976 926,5971 926,5932 921,5927 833,5927 828,5922 681,5922 676,5927 661,5927 656,5932 656,5936 651,5941 651,5942 647,5946 647,5966 642,5971 441,5971 431,5981 431,6000 426,6005 426,6069 431,6074 431,6079 436,6084 436,6088 446,6088 451,6093 485,6093 490,6098 691,6098 696,6103 838,6103 843,6098 887,6098 892,6103 975,6103 980,6108 980,6142 985,6147 1161,6147 1161,6108 1166,6103 1215,6103 1220,6108 1456,6108 1458,6110 1458,6111 1460,6113 1750,6113 1755,6118 1755,6123 1907,6123 1909,6121 1909,6120 1911,6118 2029,6118 2034,6123 2132,6123 2137,6128 2318,6128 2323,6123 2382,6123 2387,6128 2387,6162 2397,6172 2407,6172 2411,6176 2569,6176 2578,6167 2588,6167 2598,6157 2598,6133 2603,6128 2858,6128 2863,6133 3216,6133 3218,6131 3218,6130 3220,6128 3220,6118 3225,6113 3265,6113 3267,6111 3267,6110 3269,6108 3269,6103 3274,6098 3274,6039 3269,6034 3230,6034 3228,6032 3227,6032 3225,6030 3225,6020 3220,6015 3216,6015 3211,6010 3162,6010 3157,6005 3157,5966 3152,5961 2980,5961 2975,5966 2877,5966 2872,5961 2730,5961 2725,5966 2725,6010 2720,6015 2715,6015 2713,6013 2713,6012 2711,6010 2657,6010 2652,6005 2652,5961 2505,5961 2500,5956 2446,5956 2441,5951 2250,5951 2245,5956 2225,5956 2215,5966 2215,5976 2213,5978 2213,5979 2211,5981 2211,5990 2206,5995 2132,5995 2127,5990 2127,5951 2122,5951 2117,5946 1975,5946 1970,5951 1970,5985 1965,5990 1833,5990 1832,5989 1832,5988 1831,5987 1831,5986 1830,5985 1830,5984 1828,5982 1828,5981 1827,5980 1827,5979 1825,5977 1825,5976 1824,5975 1824,5974 1823,5973 1823,5972 1821,5970 1821,5969 1820,5968 1820,5967 1818,5965 1818,5964 1817,5963 1817,5962 1816,5961 1816,5960 1814,5958 1814,5957 1813,5956 1813,5955 1812,5954 1812,5953 1810,5951 1810,5950 1809,5949 1809,5948 1807,5946 1807,5945 1806,5944 1806,5943 1805,5942 1805,5941 1803,5939 1803,5938 1802,5937 1802,5936 1800,5934 1800,5933 1799,5932 1799,5931 1798,5930 1798,5929 1796,5927 1796,5926 1795,5925 1795,5924 1794,5923 1795,5922 1833,5922 1848,5907 1848,5897 1853,5892 1853,5887 1855,5885 1856,5885 1858,5883 1867,5883 1869,5885 1870,5885 1872,5887 1872,5902 2024,5902 2029,5897 2034,5897 2039,5892 2044,5892 2044,5887 2046,5885 2047,5885 2049,5883 2054,5883 2056,5885 2057,5885 2059,5887 2358,5887 2363,5892 2720,5892 2725,5897 3269,5897 3274,5892 3274,5780 3260,5780 3255,5775 3255,5765 3250,5760 3093,5760 3093,5775 3088,5780 2774,5780 2769,5775 2573,5775 2568,5770 2568,5750 2529,5750 2524,5745 2524,5726 2519,5721 2363,5721 2363,5760 2358,5765 2034,5765 2029,5770 1995,5770 1995,5794 1990,5799 1985,5799 1980,5794 1980,5765 1970,5765 1965,5760 1965,5745 1963,5743 1963,5742 1961,5740 1858,5740 1853,5735 1853,5716 1848,5711 1770,5711 1769,5710 1769,5709 1770,5708 1770,5707 1771,5706 1771,5704 1772,5703 1772,5702 1773,5701 1773,5700 1774,5699 1774,5698 1775,5697 1775,5696 1776,5695 1776,5694 1777,5693 1777,5691 1778,5690 1778,5689 1779,5688 1779,5687 1780,5686 1780,5685 1781,5684 1781,5683 1782,5682 1782,5681 1783,5680 1783,5678 1784,5677 1784,5676 1785,5675 1785,5674 1786,5673 1786,5672 1787,5671 1787,5670 1788,5669 1788,5668 1789,5667 1789,5665 1790,5664 1790,5663 1791,5662 1791,5661 1792,5660 1792,5659 1793,5658 1793,5657 1794,5656 1794,5654 1795,5653 1795,5652 1796,5651 1796,5650 1797,5649 1797,5648 1798,5647 2014,5647 2019,5652 2147,5652 2152,5657 2152,5696 2304,5696 2309,5691 2309,5681 2313,5677 2313,5672 2318,5667 2318,5657 2323,5652 2328,5652 2333,5657 2431,5657 2436,5662 2588,5662 2593,5657 2617,5657 2622,5662 3083,5662 3088,5667 3088,5706 3093,5711 3250,5711 3250,5706 3260,5696 3260,5691 3265,5686 3265,5681 3269,5677 3269,5593 3267,5591 3267,5590 3265,5588 3265,5583 3191,5583 3189,5581 3188,5581 3186,5579 3186,5554 3176,5544 3113,5544 3108,5539 3108,5530 3103,5525 2907,5525 2902,5530 2902,5534 2897,5539 2745,5539 2740,5534 2642,5534 2640,5532 2639,5532 2637,5530 2637,5490 2441,5490 2436,5495 2436,5515 2431,5520 2328,5520 2328,5530 2326,5532 2325,5532 2323,5534 2274,5534 2269,5539 2264,5539 2264,5544 2259,5549 2259,5550 2255,5554 2255,5559 2250,5564 2245,5559 2245,5534 2243,5532 2242,5532 2240,5530 1911,5530 1909,5528 1909,5527 1907,5525 1862,5525 1861,5524 1861,5523 1862,5522 1862,5521 1864,5519 1864,5518 1865,5517 1865,5516 1866,5515 1866,5514 1867,5513 1867,5512 1869,5510 1869,5509 1870,5508 1870,5507 1871,5506 1871,5505 1873,5503 1873,5502 1874,5501 1874,5500 1875,5499 1875,5498 1876,5497 1876,5496 1878,5494 1878,5493 1879,5492 1879,5491 1880,5490 1880,5489 1881,5488 1881,5487 1883,5485 1883,5484 1884,5483 1884,5482 1885,5481 1885,5480 1887,5478 1887,5477 1888,5476 1888,5475 1889,5474 1889,5473 1890,5472 1890,5471 1892,5469 1892,5468 1893,5467 1893,5466 1894,5465 1894,5464 1895,5463 1895,5462 1897,5460 1897,5459 1898,5458 1898,5457 1899,5456 1899,5455 1901,5453 1901,5452 1902,5451 1902,5450 1903,5449 1903,5448 1904,5447 1904,5446 1906,5444 1906,5443 1907,5442 1907,5441 1908,5440 1908,5439 1909,5438 1909,5437 1911,5435 1911,5434 1912,5433 1912,5432 1913,5431 1913,5430 1915,5428 1915,5427 1916,5426 1916,5425 1917,5424 1917,5423 1918,5422 1918,5421 1920,5419 1920,5418 1921,5417 1921,5416 1922,5415 1922,5414 1924,5412 1931,5412 1936,5417 2162,5417 2164,5419 2164,5420 2166,5422 2166,5471 2333,5471 2333,5466 2338,5461 2338,5451 2343,5446 2343,5427 2348,5422 2647,5422 2652,5427 2652,5431 2809,5431 2814,5436 3196,5436 3201,5431 3201,5427 3206,5422 3206,5417 3211,5412 3265,5412 3269,5408 3269,5407 3274,5402 3274,5343 3269,5338 3269,5337 3265,5333 3211,5333 3209,5331 3208,5331 3206,5329 3206,5265 2980,5265 2975,5270 2975,5304 2970,5309 2966,5309 2961,5304 2961,5289 2809,5289 2809,5299 2804,5304 2760,5304 2755,5299 2755,5255 2745,5255 2740,5250 2588,5250 2583,5255 2583,5294 2578,5299 2294,5299 2289,5294 2289,5250 2142,5250 2142,5294 2137,5299 2132,5294 2029,5294 2024,5289 1959,5289 1957,5287 1957,5284 1956,5283 1956,5280 1955,5279 1955,5276 1954,5275 1954,5272 1953,5271 1953,5268 1952,5267 1952,5265 1951,5264 1951,5261 1950,5260 1950,5257 1949,5256 1949,5253 1948,5252 1948,5249 1947,5248 1947,5245 1946,5244 1946,5242 1945,5241 1945,5238 1944,5237 1944,5234 1943,5233 1943,5230 1942,5229 1942,5226 1941,5225 1941,5222 1940,5221 1940,5219 1939,5218 1939,5215 1938,5214 1938,5211 1937,5210 1937,5207 1936,5206 1936,5203 1935,5202 1935,5200 1934,5199 1934,5196 1933,5195 1933,5192 1932,5191 1932,5188 1931,5187 1931,5184 1930,5183 1930,5180 1929,5179 1929,5177 1928,5176 1928,5173 1927,5172 1927,5169 1926,5168 1926,5165 1925,5164 1925,5161 1924,5160 1924,5157 1923,5156 1923,5154 1922,5153 1922,5150 1921,5149 1921,5146 1920,5145 1920,5142 1919,5141 1919,5138 1918,5137 1918,5134 1917,5133 1917,5131 1916,5130 1916,5127 1915,5126 1915,5123 1914,5122 1914,5119 1913,5118 1913,5115 1912,5114 1912,5111 1911,5110 1911,5108 1910,5107 1910,5104 1909,5103 1909,5100 1908,5099 1908,5096 1907,5095 1907,5092 1906,5091 1906,5088 1905,5087 1905,5085 1904,5084 1904,5081 1903,5080 1903,5077 1902,5076 1902,5073 1901,5072 1901,5069 1900,5068 1900,5066 1899,5065 1899,5062 1898,5061 1898,5058 1897,5057 1897,5054 1896,5053 1896,5050 1895,5049 1895,5046 1894,5045 1894,5043 1893,5042 1893,5039 1892,5038 1892,5035 1891,5034 1891,5031 1890,5030 1890,5027 1889,5026 1889,5023 1888,5022 1888,5020 1887,5019 1887,5016 1886,5015 1886,5012 1885,5011 1885,5008 1884,5007 1884,5004 1883,5003 1883,5000 1882,4999 1882,4997 1881,4996 1881,4993 1880,4992 1880,4989 1879,4988 1879,4985 1878,4984 1878,4981 1877,4980 1877,4977 1876,4976 1876,4974 1875,4973 1875,4970 1874,4969 1874,4966 1873,4965 1873,4962 1872,4961 1872,4958 1871,4957 1871,4954 1870,4953 1870,4952 1871,4951 2073,4951 2078,4956 2367,4956 2372,4961 2715,4961 2720,4966 2872,4966 2877,4971 3029,4971 3034,4966 3064,4966 3066,4968 3066,4969 3068,4971 3122,4971 3127,4976 3279,4976 3284,4971 3284,4897 3279,4897 3274,4892 3274,4853 3269,4848 3269,4843 3181,4843 3176,4838 3176,4799 3010,4799 3010,4819 3005,4824 2872,4824 2872,4833 2867,4838 2814,4838 2809,4833 2809,4819 2657,4819 2652,4824 2652,4828 2647,4833 2470,4833 2465,4828 2465,4789 2299,4789 2299,4824 2297,4826 2296,4826 2294,4828 2230,4828 2228,4826 2227,4826 2225,4824 2225,4814 2220,4809 2029,4809 2024,4814 2024,4819 2019,4824 1975,4824 1970,4819 1970,4809 1833,4809 1832,4808 1832,4805 1831,4804 1831,4801 1830,4800 1830,4797 1829,4796 1829,4794 1828,4793 1828,4790 1827,4789 1827,4786 1826,4785 1826,4782 1825,4781 1825,4778 1824,4777 1824,4775 1823,4774 1823,4771 1822,4770 1822,4767 1821,4766 1821,4763 1820,4762 1820,4759 1819,4758 1819,4755 1818,4754 1818,4752 1817,4751 1817,4748 1815,4746 1815,4745 1812,4742 1812,4741 1808,4737 1808,4736 1805,4733 1805,4732 1802,4729 1802,4728 1799,4725 1799,4724 1796,4721 1796,4720 1793,4717 1794,4716 2137,4716 2142,4721 2397,4721 2402,4716 2412,4716 2416,4720 2416,4721 2421,4726 2838,4726 2840,4728 2841,4728 2843,4730 3005,4730 3010,4735 3098,4735 3103,4740 3103,4775 3255,4775 3260,4770 3260,4765 3267,4758 3267,4757 3274,4750 3274,4745 3279,4740 3279,4662 3269,4652 3265,4652 3260,4647 3191,4647 3186,4642 3186,4632 3181,4627 3181,4618 3176,4613 3171,4613 3169,4611 3169,4610 3167,4608 3108,4608 3103,4603 3103,4593 3098,4588 2897,4588 2897,4598 2892,4603 2740,4603 2735,4598 2627,4598 2622,4593 2622,4559 2426,4559 2426,4618 2431,4623 2441,4623 2443,4625 2444,4625 2446,4627 2446,4632 2441,4637 2196,4637 2191,4632 2191,4549 2186,4544 2039,4544 2034,4549 1882,4549 1882,4578 1877,4583 1692,4583 1690,4581 1690,4580 1687,4577 1687,4576 1684,4573 1684,4572 1681,4569 1681,4568 1678,4565 1678,4564 1675,4561 1675,4560 1672,4557 1672,4556 1669,4553 1669,4552 1666,4549 1666,4548 1663,4545 1663,4544 1659,4540 1659,4539 1656,4536 1656,4535 1653,4532 1653,4531 1650,4528 1650,4527 1647,4524 1647,4523 1644,4520 1644,4519 1641,4516 1641,4515 1638,4512 1638,4511 1635,4508 1635,4507 1632,4504 1632,4503 1628,4499 1628,4498 1625,4495 1625,4494 1622,4491 1622,4490 1619,4487 1619,4486 1616,4483 1616,4482 1613,4479 1613,4478 1611,4476 1612,4475 1642,4475 1647,4480 2059,4480 2061,4482 2061,4483 2063,4485 2328,4485 2333,4490 2652,4490 2657,4495 3113,4495 3117,4499 3117,4500 3122,4505 3269,4505 3274,4500 3274,4422 3269,4417 3113,4417 3108,4412 2926,4412 2921,4407 2921,4373 2916,4368 2657,4368 2652,4363 2652,4319 2485,4319 2480,4324 2480,4358 2475,4363 2407,4363 2402,4358 2402,4319 2230,4319 2230,4353 2225,4358 1956,4358 1951,4353 1892,4353 1887,4348 1887,4314 1882,4309 1745,4309 1740,4304 1658,4304 1657,4303 1659,4301 1660,4301 1664,4297 1665,4297 1670,4292 1671,4292 1675,4288 1676,4288 1681,4283 1682,4283 1686,4279 1687,4279 1692,4274 1693,4274 1697,4270 1698,4270 1702,4266 1703,4266 1708,4261 1709,4261 1713,4257 1714,4257 1719,4252 1720,4252 1724,4248 1725,4248 1728,4245 1809,4245 1811,4247 1811,4248 1813,4250 1961,4250 1963,4248 1963,4247 1965,4245 1995,4245 2000,4250 2000,4294 2196,4294 2201,4289 2206,4289 2206,4284 2211,4279 2211,4255 2213,4253 2213,4252 2215,4250 2220,4255 2529,4255 2534,4260 2681,4260 2686,4255 2765,4255 2767,4257 2767,4258 2769,4260 2769,4304 2779,4304 2784,4309 2951,4309 2951,4270 2956,4265 2980,4265 2985,4270 2985,4304 2990,4309 3142,4309 3152,4299 3152,4294 3157,4289 3157,4284 3162,4279 3162,4274 3164,4272 3165,4272 3167,4270 3279,4270 3284,4265 3289,4265 3294,4260 3294,4147 3284,4147 3279,4142 3279,4127 3277,4125 3276,4125 3274,4123 3171,4123 3169,4121 3169,4120 3167,4118 3167,4103 3157,4093 3098,4093 3093,4088 3098,4083 3098,4039 3103,4034 3117,4034 3122,4039 3284,4039 3299,4024 3299,3941 3294,3936 3294,3931 3289,3926 3289,3922 3284,3922 3279,3917 3181,3917 3176,3912 3176,3872 3174,3870 3173,3870 3171,3868 3010,3868 3010,3907 3005,3912 2951,3912 2946,3907 2823,3907 2818,3902 2818,3863 2804,3863 2799,3858 2769,3858 2767,3856 2767,3855 2765,3853 2622,3853 2617,3858 2519,3858 2519,3902 2514,3907 2176,3907 2176,3931 2171,3936 2142,3936 2137,3931 2137,3917 2132,3912 2132,3907 2122,3907 2117,3902 1970,3902 1965,3897 1945,3897 1944,3896 1944,3891 1943,3890 1943,3875 1942,3874 1942,3859 1941,3858 1941,3843 1940,3842 1940,3839 1941,3838 1946,3838 1961,3823 1961,3814 1963,3812 1963,3811 1965,3809 1965,3794 1970,3789 2010,3789 2012,3791 2012,3792 2014,3794 2014,3833 2019,3838 2034,3838 2039,3843 2196,3843 2201,3838 2211,3838 2215,3834 2215,3833 2220,3828 2220,3819 2225,3814 2225,3799 2230,3794 2465,3794 2470,3799 2613,3799 2615,3797 2615,3796 2617,3794 2686,3794 2691,3799 2941,3799 2946,3804 3049,3804 3054,3809 3117,3809 3122,3814 3122,3853 3269,3853 3284,3838 3284,3833 3294,3823 3294,3740 3289,3735 3289,3725 3284,3725 3279,3720 3225,3720 3223,3718 3222,3718 3220,3716 3220,3686 3218,3684 3218,3683 3216,3681 2794,3681 2789,3676 2706,3676 2701,3671 2701,3627 2412,3627 2407,3632 2407,3667 2405,3669 2404,3669 2402,3671 2338,3671 2336,3669 2335,3669 2333,3667 2333,3627 2328,3622 2162,3622 2162,3667 2160,3669 2159,3669 2157,3671 2137,3671 2135,3669 2134,3669 2132,3667 1975,3667 1970,3662 1970,3627 1965,3622 1965,3618 1927,3618 1926,3617 1926,3602 1925,3601 1925,3591 1924,3590 1924,3586 1923,3585 1923,3581 1922,3580 1922,3576 1921,3575 1921,3571 1920,3570 1920,3566 1919,3565 1919,3561 1918,3560 1918,3556 1917,3555 1918,3554 2029,3554 2034,3559 2264,3559 2269,3564 2416,3564 2421,3559 2446,3559 2451,3564 2686,3564 2691,3569 2691,3608 2838,3608 2843,3603 2843,3598 2853,3588 2853,3578 2858,3573 3240,3573 3240,3554 3245,3549 3299,3549 3304,3544 3304,3480 3294,3470 3284,3470 3282,3468 3281,3468 3279,3466 3235,3466 3230,3461 3230,3412 3225,3407 2985,3407 2980,3402 2818,3402 2816,3404 2816,3405 2814,3407 2814,3466 2818,3466 2820,3468 2821,3468 2823,3470 2823,3480 2818,3485 2774,3485 2769,3480 2769,3461 2767,3459 2767,3458 2765,3456 2765,3451 2760,3451 2755,3446 2617,3446 2615,3444 2615,3443 2613,3441 2529,3441 2524,3436 2524,3402 2353,3402 2353,3436 2348,3441 2309,3441 2304,3436 2304,3402 2294,3392 2294,3387 2142,3387 2142,3392 2137,3397 2137,3436 2132,3441 2127,3436 2127,3387 1956,3387 1956,3431 1951,3436 1894,3436 1893,3435 1893,3431 1892,3430 1892,3426 1891,3425 1891,3421 1890,3420 1890,3416 1889,3415 1889,3411 1888,3410 1888,3406 1887,3405 1887,3401 1886,3400 1886,3396 1885,3395 1885,3391 1884,3390 1884,3386 1883,3385 1883,3381 1882,3380 1882,3376 1881,3375 1881,3371 1880,3370 1880,3366 1879,3365 1879,3361 1878,3360 1878,3356 1877,3355 1877,3351 1876,3350 1876,3346 1875,3345 1875,3341 1874,3340 1874,3336 1873,3335 1873,3331 1872,3330 1872,3329 1873,3328 1965,3328 1970,3333 2225,3333 2230,3338 2637,3338 2642,3343 2769,3343 2774,3348 2774,3382 2926,3382 2926,3377 2931,3372 2931,3368 2936,3363 2936,3348 2941,3343 3049,3343 3054,3348 3132,3348 3137,3353 3137,3387 3284,3387 3299,3372 3299,3363 3304,3358 3304,3225 3294,3225 3289,3220 3216,3220 3214,3218 3213,3218 3211,3216 3059,3216 3057,3218 3056,3218 3054,3220 2946,3220 2944,3218 2943,3218 2941,3216 2941,3176 2936,3171 2789,3171 2784,3176 2784,3211 2779,3216 2730,3216 2725,3211 2725,3201 2720,3196 2578,3196 2571,3203 2571,3204 2564,3211 2426,3211 2421,3216 2387,3216 2382,3211 2304,3211 2299,3206 2299,3167 2019,3167 2017,3169 2016,3169 2014,3171 2014,3201 2012,3203 2012,3204 2010,3206 1961,3206 1956,3201 1956,3167 1951,3162 1874,3162 1873,3161 1873,3157 1874,3156 1874,3152 1875,3151 1875,3147 1876,3146 1876,3143 1877,3142 1877,3138 1878,3137 1878,3133 1879,3132 1879,3129 1880,3128 1880,3124 1881,3123 1881,3119 1882,3118 1882,3115 1883,3114 1883,3110 1884,3109 1884,3105 1885,3104 1885,3101 1886,3100 1886,3099 1887,3098 2157,3098 2162,3103 2162,3142 2309,3142 2313,3138 2313,3137 2318,3132 2318,3127 2323,3122 2323,3117 2325,3115 2326,3115 2328,3113 2328,3108 2333,3103 2568,3103 2573,3108 2833,3108 2838,3113 3010,3113 3012,3115 3013,3115 3015,3117 3260,3117 3262,3115 3263,3115 3265,3113 3265,3098 3267,3096 3267,3095 3269,3093 3314,3093 3316,3091 3316,3090 3318,3088 3318,3019 3314,3015 3314,3010 3255,3010 3250,3005 3250,2990 3108,2990 3103,2985 3103,2946 3098,2941 2951,2941 2946,2946 2941,2946 2931,2936 2774,2936 2769,2941 2769,2985 2767,2987 2767,2988 2765,2990 2760,2990 2755,2985 2750,2985 2745,2980 2686,2980 2681,2975 2681,2941 2514,2941 2514,2975 2512,2977 2512,2978 2510,2980 2490,2980 2485,2975 2485,2936 2313,2936 2313,2975 2311,2977 2311,2978 2309,2980 2304,2980 2284,3000 2284,3005 2279,3010 2279,3015 2277,3017 2276,3017 2274,3019 2269,3019 2267,3017 2266,3017 2264,3015 2264,2975 2029,2975 2024,2970 1937,2970 1936,2969 1938,2967 1938,2966 1941,2963 1941,2962 1944,2959 1944,2958 1947,2955 1947,2954 1951,2950 1951,2949 1954,2946 1954,2945 1957,2942 1957,2941 1960,2938 1960,2937 1963,2934 1963,2933 1966,2930 1966,2929 1970,2925 1970,2924 1973,2921 1973,2920 1976,2917 1976,2916 1979,2913 1979,2912 1982,2909 1982,2908 1986,2904 1986,2903 1989,2900 1989,2899 1992,2896 1992,2895 1995,2892 1995,2891 1998,2888 1998,2887 2002,2883 2002,2882 2005,2879 2005,2878 2008,2875 2008,2874 2011,2871 2011,2870 2014,2867 2014,2866 2017,2863 2024,2863 2026,2865 2027,2865 2029,2867 2245,2867 2250,2872 2828,2872 2833,2877 2838,2877 2843,2882 3279,2882 3279,2867 3281,2865 3282,2865 3284,2863 3309,2863 3314,2858 3323,2858 3323,2784 3314,2784 3309,2779 3274,2779 3269,2774 3269,2765 3267,2763 3267,2762 3265,2760 3265,2755 3167,2755 3162,2750 3049,2750 3044,2745 3044,2711 2848,2711 2846,2713 2845,2713 2843,2715 2843,2774 2848,2779 2863,2779 2865,2781 2865,2782 2867,2784 2867,2789 2865,2791 2865,2792 2863,2794 2833,2794 2828,2789 2828,2765 2823,2760 2823,2755 2818,2750 2750,2750 2745,2745 2745,2735 2740,2730 2598,2730 2593,2735 2593,2740 2588,2745 2539,2745 2534,2750 2514,2750 2512,2748 2512,2747 2510,2745 2465,2745 2463,2743 2463,2742 2461,2740 2461,2706 2456,2701 2304,2701 2304,2740 2299,2745 2206,2745 2201,2740 2074,2740 2073,2739 2073,2738 2072,2737 2072,2735 2071,2734 2071,2731 2070,2730 2070,2728 2069,2727 2069,2725 2068,2724 2068,2722 2067,2721 2067,2719 2066,2718 2066,2715 2065,2714 2065,2712 2064,2711 2064,2709 2063,2708 2063,2706 2062,2705 2062,2703 2061,2702 2061,2699 2060,2698 2060,2696 2059,2695 2059,2693 2058,2692 2058,2690 2057,2689 2057,2687 2056,2686 2056,2683 2055,2682 2055,2680 2054,2679 2054,2677 2053,2676 2053,2674 2052,2673 2052,2671 2051,2670 2051,2667 2050,2666 2050,2664 2049,2663 2049,2661 2048,2660 2048,2658 2047,2657 2047,2655 2046,2654 2046,2651 2045,2650 2045,2648 2044,2647 2044,2645 2043,2644 2043,2642 2042,2641 2042,2639 2041,2638 2041,2635 2040,2634 2040,2633 2041,2632 2392,2632 2397,2637 2549,2637 2554,2642 2554,2676 2559,2681 2578,2681 2583,2686 2730,2686 2735,2681 2755,2681 2760,2676 2760,2671 2765,2666 2765,2662 2767,2660 2767,2659 2769,2657 2774,2662 2774,2681 2907,2681 2911,2685 2911,2686 2916,2691 3064,2691 3066,2689 3066,2688 3068,2686 3098,2686 3098,2652 3103,2647 3323,2647 3328,2642 3328,2583 3323,2578 3318,2578 3316,2576 3316,2575 3314,2573 3314,2549 3316,2547 3316,2546 3318,2544 3318,2475 3064,2475 3054,2485 3054,2519 3049,2524 2907,2524 2902,2529 2897,2529 2887,2539 2887,2554 2882,2559 2877,2554 2877,2524 2872,2519 2809,2519 2804,2514 2804,2475 2799,2470 2647,2470 2647,2510 2645,2512 2644,2512 2642,2514 2382,2514 2377,2509 2376,2509 2372,2505 2372,2495 2367,2490 2220,2490 2220,2500 2215,2505 2001,2505 1999,2503 1999,2501 1998,2500 1998,2498 1997,2497 1997,2495 1996,2494 1996,2491 1995,2490 1995,2488 1994,2487 1994,2485 1993,2484 1993,2482 1992,2481 1992,2479 1991,2478 1991,2475 1990,2474 1990,2472 1989,2471 1989,2469 1988,2468 1988,2466 1987,2465 1987,2463 1986,2462 1986,2459 1985,2458 1985,2456 1984,2455 1984,2453 1983,2452 1983,2450 1982,2449 1982,2447 1981,2446 1981,2443 1980,2442 1980,2440 1979,2439 1979,2437 1978,2436 1978,2434 1977,2433 1977,2431 1976,2430 1976,2427 1975,2426 1975,2424 1974,2423 1974,2421 1973,2420 1973,2418 1972,2417 1972,2415 1971,2414 1971,2411 1970,2410 1970,2408 1969,2407 1969,2405 1968,2404 1968,2403 1969,2402 2240,2402 2245,2407 2446,2407 2451,2412 2573,2412 2575,2414 2576,2414 2578,2416 2578,2421 2720,2421 2720,2416 2722,2414 2723,2414 2725,2412 2980,2412 2982,2414 2983,2414 2985,2416 3269,2416 3271,2414 3272,2414 3274,2412 3274,2407 3279,2402 3304,2402 3309,2397 3323,2397 3328,2392 3328,2323 3323,2318 3265,2318 3260,2313 3260,2299 3157,2299 3152,2294 3054,2294 3049,2289 3049,2245 2882,2245 2882,2289 2877,2294 2725,2294 2720,2289 2720,2264 2722,2262 2723,2262 2725,2260 2867,2260 2867,2196 2799,2196 2794,2191 2794,2181 2799,2176 2867,2176 2872,2181 3309,2181 3314,2176 3323,2176 3328,2171 3328,2078 3323,2073 3323,2068 3314,2068 3309,2063 3191,2063 3189,2061 3188,2061 3186,2059 3186,2049 3181,2044 3137,2044 3132,2039 3132,2034 3127,2029 3127,2024 3122,2019 2980,2019 2975,2024 2975,2029 2970,2034 2970,2035 2966,2039 2877,2039 2867,2049 2867,2054 2865,2056 2865,2057 2863,2059 2804,2059 2799,2054 2657,2054 2652,2049 2652,2034 2505,2034 2500,2039 2500,2044 2495,2049 2490,2049 2485,2044 2485,2010 2480,2010 2475,2005 2318,2005 2313,2000 2309,2000 2304,1995 2029,1995 2024,2000 1925,2000 1924,1999 1924,1990 1923,1989 1923,1969 1922,1968 1922,1948 1921,1947 1921,1932 1922,1931 1965,1931 1970,1936 2245,1936 2250,1941 2456,1941 2461,1946 2671,1946 2676,1941 2745,1941 2750,1946 2765,1946 2767,1948 2767,1949 2769,1951 3078,1951 3083,1956 3147,1956 3152,1961 3152,2000 3299,2000 3308,1991 3308,1990 3318,1980 3318,1838 3316,1836 3316,1835 3314,1833 3044,1833 3039,1828 3039,1809 3044,1804 3191,1804 3191,1735 3186,1730 3191,1725 3328,1725 3338,1715 3338,1603 3323,1603 3318,1598 3318,1588 3279,1588 3274,1583 3274,1558 3122,1558 3122,1598 3117,1603 3015,1603 3010,1598 3010,1568 3005,1563 3005,1558 2843,1558 2843,1563 2838,1568 2838,1593 2833,1598 2779,1598 2774,1593 2774,1554 2769,1549 2573,1549 2568,1554 2568,1593 2566,1595 2566,1596 2564,1598 2559,1598 2559,1622 2554,1627 2500,1627 2495,1622 2495,1593 2431,1593 2426,1588 2426,1544 2318,1544 2313,1539 2166,1539 2164,1541 2164,1542 2162,1544 2152,1544 2142,1554 2142,1558 2137,1563 2137,1568 2132,1573 2132,1583 2127,1588 2103,1588 2098,1583 1963,1583 1962,1582 1962,1580 1963,1579 1963,1578 1964,1577 1964,1575 1965,1574 1965,1573 1966,1572 1966,1570 1967,1569 1967,1568 1968,1567 1968,1565 1969,1564 1969,1563 1970,1562 1970,1560 1971,1559 1971,1558 1972,1557 1972,1556 1973,1555 1973,1553 1974,1552 1974,1551 1975,1550 1975,1548 1976,1547 1976,1546 1977,1545 1977,1543 1978,1542 1978,1541 1979,1540 1979,1538 1980,1537 1980,1536 1981,1535 1981,1533 1982,1532 1982,1531 1983,1530 1983,1528 1984,1527 1984,1526 1985,1525 1985,1523 1986,1522 1986,1521 1987,1520 1987,1518 1988,1517 1988,1516 1989,1515 1989,1513 1990,1512 1990,1511 1991,1510 1991,1508 1992,1507 1992,1506 1993,1505 1993,1503 1994,1502 1994,1501 1995,1500 1995,1499 1996,1498 1996,1496 1997,1495 1997,1494 1998,1493 1998,1491 1999,1490 1999,1489 2000,1488 2000,1486 2001,1485 2001,1484 2002,1483 2002,1481 2003,1480 2230,1480 2235,1485 2578,1485 2583,1490 2941,1490 2946,1495 2946,1534 3093,1534 3098,1529 3098,1524 3103,1519 3103,1509 3107,1505 3108,1505 3113,1500 3333,1500 3338,1495 3338,1436 3328,1426 3328,1372 3323,1367 3176,1367 3171,1372 3073,1372 3068,1377 3054,1377 3049,1372 3049,1367 2980,1367 2975,1362 2975,1323 2872,1323 2867,1318 2715,1318 2713,1320 2713,1321 2711,1323 2696,1323 2696,1328 2691,1333 2691,1343 2686,1348 2686,1357 2681,1362 2676,1357 2534,1357 2529,1362 2407,1362 2402,1357 2392,1357 2390,1355 2389,1355 2387,1353 2387,1343 2343,1343 2338,1338 2338,1313 2215,1313 2213,1311 2213,1310 2211,1308 2063,1308 2061,1310 2061,1311 2059,1313 2044,1313 2044,1348 2039,1353 2030,1353 2029,1352 2029,1351 2028,1350 2028,1348 2027,1347 2027,1344 2026,1343 2026,1341 2025,1340 2025,1338 2024,1337 2024,1335 2023,1334 2023,1331 2022,1330 2022,1328 2021,1327 2021,1325 2020,1324 2020,1321 2019,1320 2019,1318 2018,1317 2018,1315 2017,1314 2017,1312 2016,1311 2016,1308 2015,1307 2015,1305 2014,1304 2014,1302 2013,1301 2013,1299 2012,1298 2012,1295 2011,1294 2011,1292 2010,1291 2010,1289 2009,1288 2009,1285 2008,1284 2008,1282 2007,1281 2007,1279 2006,1278 2006,1276 2005,1275 2005,1272 2004,1271 2004,1269 2003,1268 2003,1266 2002,1265 2002,1263 2001,1262 2001,1259 2000,1258 2000,1256 1999,1255 1999,1253 1998,1252 1998,1251 1999,1250 2142,1250 2147,1255 2495,1255 2499,1259 2500,1259 2505,1264 2784,1264 2789,1269 3167,1269 3169,1271 3169,1272 3171,1274 3323,1274 3333,1264 3333,1206 3338,1201 3342,1201 3342,1137 3201,1137 3201,1171 3196,1176 3181,1176 3176,1181 3171,1176 3171,1103 3169,1101 3169,1100 3167,1098 3167,1088 3019,1088 3019,1093 3017,1095 3017,1096 3015,1098 2946,1098 2946,1103 2944,1105 2943,1105 2941,1107 2941,1122 2936,1127 2872,1127 2872,1132 2867,1137 2740,1137 2735,1132 2505,1132 2500,1127 2358,1127 2348,1117 2304,1117 2299,1112 2147,1112 2137,1122 2132,1117 2132,1088 2122,1088 2117,1083 1970,1083 1965,1088 1965,1122 1963,1124 1963,1125 1961,1127 1892,1127 1887,1122 1887,1107 1843,1107 1841,1105 1840,1105 1838,1103 1838,1078 1568,1078 1563,1083 1563,1112 1558,1117 1490,1117 1485,1112 1416,1112 1411,1107 1411,1098 1409,1096 1409,1095 1407,1093 1259,1093 1257,1095 1257,1096 1255,1098 1255,1103 1253,1105 1252,1105 1250,1107 1068,1107 1066,1105 1065,1105 1063,1103 955,1103 953,1101 953,1100 951,1098 951,1093 946,1088 946,1063 833,1063 828,1058"/><TextEquiv><Unicode/></TextEquiv><TextLine id="r3_l001"><Coords points="521,1078 3278,1120 3276,1251 519,1209"/><TextEquiv index="1"><Unicode>mal dans votre récit: c'est une cruauté!...</Unicode></TextEquiv></TextLine><TextLine id="r3_l002"><Coords points="522,1310 3272,1352 3270,1515 519,1473"/><TextEquiv index="1"><Unicode>une horreur!... S'il voulait vous fuir, ou</Unicode></TextEquiv></TextLine><TextLine id="r3_l003"><Coords points="516,1540 3272,1582 3269,1770 513,1728"/><TextEquiv index="1"><Unicode>s'il était ſorcé de vous fuir, il n'avait</Unicode></TextEquiv></TextLine><TextLine id="r3_l004"><Coords points="516,1771 3252,1813 3250,1980 513,1938"/><TextEquiv index="1"><Unicode>qu'à vous laisser le fruit de son crime;</Unicode></TextEquiv></TextLine><TextLine id="r3_l005"><Coords points="506,1999 3262,2041 3259,2209 503,2167"/><TextEquiv index="1"><Unicode>cela aurait pu ..... -- Eh! c'est peut-être</Unicode></TextEquiv></TextLine><TextLine id="r3_l006"><Coords points="529,2376 528,2376 523,2370 522,2370 520,2368 519,2368 519,2368 519,2353 519,2352 515,2352 514,2352 514,2337 514,2336 510,2336 509,2336 510,2327 509,2326 504,2326 504,2326 504,2292 505,2291 524,2291 525,2290 525,2285 526,2285 611,2286 612,2285 632,2285 632,2286 632,2289 633,2289 790,2292 791,2291 897,2292 898,2291 948,2292 949,2291 953,2291 953,2291 953,2271 954,2270 957,2270 957,2270 958,2261 958,2260 963,2260 964,2260 964,2251 964,2250 968,2250 969,2250 969,2246 969,2245 982,2245 983,2245 1047,2245 1048,2244 1049,2245 1050,2245 1050,2249 1050,2250 1054,2250 1055,2250 1054,2290 1055,2291 1076,2291 1076,2291 1076,2294 1077,2295 1203,2297 1204,2296 1260,2297 1261,2296 1381,2298 1381,2297 1382,2255 1382,2255 1417,2255 1418,2256 1418,2269 1419,2270 1418,2299 1419,2299 1525,2301 1525,2300 1525,2296 1526,2296 1637,2297 1637,2297 1637,2285 1638,2285 1653,2285 1653,2285 1653,2299 1654,2300 1768,2301 1769,2301 1780,2301 1780,2301 1780,2304 1781,2305 1903,2307 1904,2306 1964,2306 1965,2305 1989,2306 1989,2306 1989,2310 1989,2311 2096,2313 2097,2312 2097,2311 2097,2311 2100,2311 2101,2310 2102,2265 2102,2265 2106,2265 2107,2264 2107,2260 2107,2260 2126,2260 2127,2260 2127,2264 2127,2265 2131,2265 2132,2266 2132,2275 2133,2276 2132,2310 2132,2310 2193,2311 2194,2312 2194,2316 2194,2316 2305,2318 2306,2317 2306,2316 2306,2316 2321,2316 2322,2315 2322,2311 2322,2311 2397,2312 2398,2311 2402,2311 2403,2312 2403,2316 2403,2316 2509,2318 2510,2317 2510,2316 2510,2316 2575,2317 2576,2316 2625,2317 2626,2316 2627,2275 2627,2275 2631,2275 2632,2274 2632,2270 2632,2270 2647,2270 2648,2270 2648,2274 2648,2275 2652,2275 2653,2276 2653,2279 2654,2280 2653,2319 2653,2319 2825,2322 2826,2321 2851,2321 2852,2322 2852,2326 2852,2326 2947,2328 2948,2327 2949,2275 2949,2275 2979,2275 2980,2275 2980,2280 2981,2282 2980,2319 2980,2319 3081,2321 3082,2321 3082,2324 3082,2325 3188,2326 3189,2327 3189,2346 3189,2346 3254,2347 3256,2349 3255,2352 3256,2352 3260,2352 3260,2353 3260,2367 3260,2367 3256,2367 3255,2368 3255,2372 3255,2372 3236,2372 3235,2372 3235,2376 3235,2377 3205,2376 3204,2377 3204,2388 3203,2388 3199,2388 3199,2389 3199,2393 3198,2393 3142,2392 3141,2393 3077,2393 3076,2393 3056,2393 3056,2393 3056,2390 3055,2389 2852,2386 2852,2387 2852,2388 2851,2388 2796,2387 2795,2388 2750,2388 2749,2388 2658,2387 2657,2388 2653,2388 2653,2389 2653,2398 2652,2398 2648,2398 2648,2397 2648,2383 2647,2383 2541,2381 2540,2382 2530,2382 2530,2383 2530,2388 2529,2388 2520,2388 2520,2387 2520,2382 2519,2382 2408,2380 2408,2381 2408,2382 2407,2382 2336,2381 2335,2382 2311,2382 2311,2381 2311,2377 2310,2377 2306,2377 2306,2376 2306,2374 2306,2374 2200,2372 2199,2373 2199,2377 2198,2377 2137,2376 2136,2377 2095,2377 2094,2377 1984,2376 1983,2377 1964,2377 1963,2377 1857,2376 1856,2377 1755,2375 1755,2376 1755,2377 1754,2377 1750,2377 1750,2377 1750,2373 1749,2372 1702,2372 1701,2372 1535,2370 1535,2370 1535,2371 1534,2372 1525,2372 1525,2371 1525,2369 1525,2369 1388,2367 1387,2366 1387,2364 1387,2364 1271,2362 1270,2362 1270,2366 1270,2367 1216,2366 1215,2367 1148,2366 1146,2367 1142,2367 1142,2366 1142,2364 1142,2364 1046,2362 1045,2362 1045,2359 1045,2358 917,2357 916,2357 796,2356 795,2357 786,2356 785,2357 704,2356 703,2357 638,2356 637,2357 536,2356 535,2356 535,2380 534,2381"/><TextEquiv index="1"><Unicode>pour effacer les traces de ce crime hon-</Unicode></TextEquiv></TextLine><TextLine id="r3_l007"><Coords points="510,2448 3263,2490 3260,2673 507,2631"/><TextEquiv index="1"><Unicode>teux dont je l'ai vu souvent rougir, qu'il</Unicode></TextEquiv></TextLine><TextLine id="r3_l008"><Coords points="500,2701 3257,2743 3255,2906 498,2864"/><TextEquiv index="1"><Unicode>m'en a enlevé la preuve vivante. Jean-</Unicode></TextEquiv></TextLine><TextLine id="r3_l009"><Coords points="496,2929 3252,2971 3249,3134 493,3092"/><TextEquiv index="1"><Unicode>nette, il a de l'honneur, de la délica-</Unicode></TextEquiv></TextLine><TextLine id="r3_l010"><Coords points="438,3149 3238,3192 3235,3366 436,3323"/><TextEquiv index="1"><Unicode>tesse: il m'aimait, il m'aimera toujours;</Unicode></TextEquiv></TextLine><TextLine id="r3_l011"><Coords points="496,3390 3236,3432 3234,3617 493,3575"/><TextEquiv index="1"><Unicode>mais soumis à un oncle barbare, habi-</Unicode></TextEquiv></TextLine><TextLine id="r3_l012"><Coords points="500,3625 3228,3666 3225,3834 498,3793"/><TextEquiv index="1"><Unicode>tué à se plier sous le joug des événemens,</Unicode></TextEquiv></TextLine><TextLine id="r3_l013"><Coords points="486,3850 3232,3892 3230,4066 483,4024"/><TextEquiv index="1"><Unicode>Saint-Ange est un sage, un philosophe</Unicode></TextEquiv></TextLine><TextLine id="r3_l014"><Coords points="495,4081 3227,4122 3224,4292 493,4251"/><TextEquiv index="1"><Unicode>capable de nourrir vingt ans un projet</Unicode></TextEquiv></TextLine><TextLine id="r3_l015"><Coords points="476,4314 3124,4355 3122,4521 473,4480"/><TextEquiv index="1"><Unicode>qui peut le conduire au bonheur....</Unicode></TextEquiv></TextLine><TextLine id="r3_l016"><Coords points="486,4548 3212,4589 3209,4764 483,4723"/><TextEquiv index="1"><Unicode>Enſin, ce n'est pas lui..... Jeannette,</Unicode></TextEquiv></TextLine><TextLine id="r3_l017"><Coords points="1373,4965 1372,4964 1373,4954 1371,4953 815,4944 811,4940 811,4939 810,4938 809,4938 807,4936 807,4933 806,4932 804,4932 797,4925 796,4925 791,4920 790,4920 789,4919 788,4919 788,4918 787,4918 786,4917 648,4915 647,4914 647,4907 647,4907 485,4904 484,4904 484,4889 485,4888 488,4888 488,4888 489,4838 490,4837 505,4837 506,4837 545,4837 545,4837 545,4833 546,4832 580,4833 580,4832 581,4791 581,4791 1458,4804 1459,4804 1459,4803 1459,4802 1463,4802 1464,4802 1464,4797 1464,4796 1468,4796 1469,4797 1469,4802 1469,4802 3106,4827 3107,4828 3107,4835 3108,4836 3107,4871 3107,4871 3198,4873 3199,4873 3199,4882 3199,4883 3203,4883 3204,4883 3204,4903 3204,4904 3204,4923 3205,4924 3214,4924 3214,4924 3214,4943 3213,4944 3209,4944 3209,4944 3209,4949 3208,4950 1709,4927 1709,4927 1709,4928 1708,4929 1704,4929 1704,4929 1704,4933 1703,4934 1699,4934 1699,4934 1699,4949 1698,4950 1693,4950 1693,4950 1693,4954 1692,4955 1689,4955 1689,4955 1688,4959 1688,4960 1684,4960 1683,4961 1414,4956 1413,4957 1413,4965 1413,4965"/><TextEquiv index="1"><Unicode>n'v pensons plus, et attendons tout du</Unicode></TextEquiv></TextLine><TextLine id="r3_l018"><Coords points="463,5052 811,5058 810,5144 462,5138"/><TextEquiv index="1"><Unicode>tems.</Unicode></TextEquiv></TextLine><TextLine id="r3_l019"><Coords points="623,5250 3206,5289 3204,5460 621,5421"/><TextEquiv index="1"><Unicode>Cécile baisse ses beaux yeux dont s'é-</Unicode></TextEquiv></TextLine><TextLine id="r3_l020"><Coords points="465,5484 3201,5526 3199,5691 462,5649"/><TextEquiv index="1"><Unicode>chappent quelques larmes, et Jeannette,</Unicode></TextEquiv></TextLine><TextLine id="r3_l021"><Coords points="470,5716 3206,5757 3203,5924 468,5883"/><TextEquiv index="1"><Unicode>remplie de son projet, ne sait comment</Unicode></TextEquiv></TextLine><TextLine id="r3_l022"><Coords points="496,5947 3205,5988 3203,6165 493,6124"/><TextEquiv index="1"><Unicode>en faire part à son amie affligée. Made-</Unicode></TextEquiv></TextLine></TextRegion></Page></PcGts>