4266 7844
1654 914 2052 1077 L.
2473 6177 2919 6432 L.
475 1138 3215 1311 Jeannette; tout le monde m'abandonne!
459 1373 3210 1536 -- Mademoiselle, il me faut sans donte
464 1597 3236 1771 toute l'énergie que me donne... le motif
470 1832 3215 2001 qui me fait agir, pour résister à mon pro-
463 2056 3214 2224 pre cœur, qui se brise à la seule idée de
459 2286 3220 2455 se séparer du vôtre; mais songez que ce
459 2526 3195 2690 n'est que pour un moment; que notre...
463 2750 3219 2918 que mon bonheur, veux-je dire, dépend
459 2986 3195 3149 à jamais de cette démarche essentielle,
464 3220 3220 3389 et que nous nous reverrons plus.... oh,
470 3455 3215 3618 oui, plus heureuses! -- Ah, Jeannette!
470 3685 3215 3853 ils n'ont qu'à te garder, ces parens ſor-
470 3915 3220 4083 tunés! s'ils vont t'éloigner de moi! --
464 4149 3226 4318 Jamais! ah, jamais! quelle puissanco
470 4379 3231 4542 humaine pourrait m'empêcher de rejoin-
475 4604 3226 4731 dre mon amie! S'ils en avaient l'inten-
480 4833 3226 4996 tion, je leur dirais: Gardez votre or, vos
470 5063 3220 5231 richesses, tout l'éclat que vous faites bril-
469 5292 3219 5465 ler à mes yeux; je préfère l'indigence à
475 5522 3231 5701 laquelle vous m'aviez condamnée, pourvu
470 5757 3220 5930 que je passe ma vie auprès de ma chère
464 5981 3220 6145 Cécile!... -- Excellent cœur!... Ainsi,
