4266 7914
2205 917 2618 1077 éa.
1024 1133 3812 1325 Jeannette, tu pars!... tu me quittes!...
1014 1359 3813 1572 je ne te retiens plus... Va, Jeannette,
1018 1588 3808 1787 va chercher le bonheur! pour moi, les
1013 1818 3813 2020 larmes, les regrets et l'abandon, voilà
1009 2050 3803 2250 désormais mon triste partage!... Mais je
1008 2284 3803 2479 t'afflige! tu pleures, bonne Jeannette!
1019 2516 3813 2711 ah! loin de moi la pensée de te rete-
1019 2750 3813 2951 nir, d'abuser de l'amitié pour m'opposer
1019 2966 3818 3187 à ton avancement! Ce serait une tyran-
1024 3213 3813 3410 nie, et je dois t'aimer pour toi avant
1009 3447 3803 3660 tout... Jeannette, il te faut de l'argent:
1014 3684 3808 3878 tu sais ce que nous avons ici? voilà cent
1014 3920 3813 4118 francs: acceptes - en la moitié; prends
999 4157 3803 4343 le tout, s'il t'est nécessaire: le travail
1009 4388 3855 4578 de mes mains me suffira, et je serai con-
1014 4615 3808 4816 solée en pensant que cette faible somme
1024 4853 3009 5036 peut être utile à mon amie.
1184 5095 3799 5278 Jeannette, émue de ce nouveau trait,
1009 5320 3804 5471 couvre de larmes et de baisers la main
1013 5555 3799 5771 de Cécile. O mon amie! s'écrie-t-elle,
1018 5776 3803 5977 combien vous savez épargner ma dé-
1013 6018 3804 6213 licatesse! cette somme, la moitié seu-
