4266 8141
986 1147 3911 1333 un père, une mère sans doute qui s'es-
980 1380 3912 1579 timeront bienheureux de retrouver dans
985 1623 3912 1825 leur fille une femme aussi estimable,
1001 1870 3913 2057 aussi intéressante que toi. -- Bonne Cé-
1006 2101 3913 2297 cile! -- Voilà, dans ce coffret, le pa-
995 2351 3914 2541 pier qui fut jadis déposé près de toi. Jus-
1006 2571 3914 2769 qu'à présent aucune de nous deux n'avait
995 2822 3915 3021 témoigné le desir de le lire. Voyons ce
1006 3078 2024 3216 qu'il contient.
1181 3299 3915 3481 Ce papier, qui avait été déchiré au-
725 3542 3916 3725 trefois, et dont il n'existait qu'une moi-
1012 3803 2666 3975 tié, était ainsi conçu:
1250 4138 3413 4279 „Cette enfant s'appelle Jeanne Vic....
1251 4335 3509 4479 “baptisée le jour d'hier; mais sa nais....
1255 4535 3350 4686 “son père. Si vous plaignez la cru....
1261 4732 3392 4880 “défaire, n'accusez ni son cœur ni....
1260 4928 3386 5059 “sa mère. La fatalité qui a poursui....
1255 5118 3920 5273 “sera peut-être de les persécuter. Un jour,....
1260 5297 3608 5450 “trouvés, où l'on est prié de garder ce....
1266 5517 1956 5618 “connaître.
1526 5697 3413 5837 “Passant, ayez pitié de l'enfance
1515 5903 2363 6005 “abandonnée?
1176 6164 3922 6382 Ces deux lignes: Passant, etc. étaient
2194 917 2618 1087 (
