4266 7886
824 1084 3913 1292 de cette femme, la quitta, l'ame triste
825 1311 3915 1536 et la larme à l'œil. Elle était seule, et
827 1541 3916 1760 sans espoir de découvrir le mystère qui
828 1779 3918 1997 était le but de son voyage. Jacques n'exis-
829 2010 3919 2218 tait plus, et elle ignorait l'asile de sa
831 2217 3920 2457 fille.... qu'allait-elle devenir? quel parti
833 2497 2439 2688 devait-elle prendre?
1231 2701 3924 2919 Celui d'aller au moins passer la nuit
836 2923 3925 3151 à Chartres: elle s'y détermina, et se mit
838 3170 3927 3382 en route avec autant de courage que de
839 3400 3928 3622 résiguation. Il était nuit lorsqu'elle ar-
841 3634 3930 3856 riva dans cette grande ville, dont on
842 3854 3931 4085 allait fermer les portes. Jeannette prit
843 4064 3933 4327 la première rue qui s'offrit à elle, et
845 4329 3934 4553 se trouva dans la rue de la Visitation.
846 4551 3935 4780 Vis - à - vis le couvent, une femme du
848 4791 3938 5041 peuple tomba par mal-adresse, et pensa
850 5020 3939 5258 l'entraîner dans sa chûte. Jeannette s'em-
851 5262 3940 5533 pressa d'aider cette personne à se relever;
852 5495 3942 5721 et la femme, la remerciant avec sensi-
854 5701 3944 5960 bilité, lui témoigna le regret de ne pou-
856 5977 3945 6180 voir rien faire pour l'obliger. -- Pardon-
2249 873 2654 1042 ſai.
