4266 7788
1566 922 1971 1089 e.
400 1144 3121 1309 nard les taisait: c'tait, disait-elle, le se-
404 1374 3136 1541 cret de madame Dricourt; elle seule
421 1601 3147 1768 avait le droit de le rvler. Ai-je des
430 1829 3156 1995 frres, des surs, demanda Jeannette?
421 2059 3152 2230 -- Point du tout, mademoiselle; vous
415 2292 3156 2461 tes fille unique, et vous serez bien riche
425 2523 3146 2685 un jour! -- Si je le suis, bonne et sen-
440 2756 3161 2939 sible femme, vous ne ferez plus je l'es-
445 2989 2705 3151 pre, un mtier aussi peu lucratif.
602 3214 3166 3395 Jeannette passa une nuit inquite, agi-
446 3437 3172 3604 te; elle fit des rves sinistres; il lui sem-
450 3666 3196 3830 bla mme que sa bonne amie Ccile tait
455 3896 3181 4068 tourmente, l'appelait  son secours, et
455 4122 3181 4311 lui reprochait de faire son malheur par
456 4356 3182 4504 une dmarche inconsidre. Jeannette se
465 4584 3181 4772 rveilla triste, les yeux baigns de larmes,
466 4817 3192 5002 et son cur battit violemment en pensant
465 5049 3181 5216 au moment prochain qui allait la runir
471 5278 3187 5469 sa mre,  une grande dame trangre
470 5502 2122 5669 pour elle jusqu' ce jour.
644 5720 3228 5914 La fomme Bernard la fit djener; et
480 5952 3196 6133 s'apercevant de son trouble, elle fit tous
