4266 7968
1586 845 1996 1016 .
403 1067 3203 1272 -- Oui, ce papier, je le reconnais, j'en
409 1304 3200 1519 ai l'autre moiti; je viens de la retrou-
409 1540 3200 1736 ver: c'est bien cela; en les rassemblant
419 1778 1012 1948 on y lit:
429 2104 3194 2260 Cette enant s'appelle Jeanne Victoire Dricourt:
1010 2309 1659 2411 elle a t
414 2490 3199 2646 baptise le jour d'hier; mais sa naissance a combl
1015 2689 1997 2792 les malheurs de
409 2863 3200 3024 son pre. Si vous plaignez la cruelle destine qui le
1015 3067 1764 3170 force  s'en
408 3252 3199 3404 daire, n'accusez ni son cur ni son indiffrence
1000 3481 1379 3579 pour
408 3629 3194 3790 sa mre. La atalit qui a poursuivi ces infortuns,
1015 3827 1478 3926 se las-
419 4010 3194 4170 sera pent-tre de les perscuter. Un jour, on se pr-
1015 4204 2214 4307 sentera aux enfans-
409 4377 3204 4543 trouvs, o l'on est pri de garder ce prcieux dpt
1020 4577 1830 4709 qu'on ira re-
419 4758 1130 4860 connaitre.
585 5069 3198 5266 Pour ces deux lignes en bas, ajouta
414 5303 3203 5500 madame Dricourt, passant, avez piti de
424 5536 3205 5720 l'enance abandonne, elles sont de la
418 5767 3200 5982 main de Ferrand, de ce domestique in-
424 6001 3209 6218 fidle qui.... Mais ne pensons qu'au bon-
