4266 8041
2419 859 2707 1026 a
791 997 3988 1335 heur de te revoir, ma fille! Comme elle
797 1286 3993 1573 est grande, belle! Elle me ressemble;
802 1519 3998 1804 n'est-ce pas, Thrse, qu'elle me ressem-
808 1777 4003 2035 ble? -- C'est ce que je lui ai dit, ma-
813 1996 4009 2276 dame, rpondit Thrse; elle est tout
818 2234 4013 2500 votre portrait, et cette preuve suirait
823 2438 4019 2747 seule pour ne pas douter de sa naissance!
829 2714 4024 2979 -- La voil donc enfin, aprs vingt-
833 2949 4029 3213 annes de privations! Voil cette ille de
837 3199 4034 3460 l'homme que la fatalit a poursuivi jus-
978 3212 1119 3317 L
844 3415 4039 3677 qu' la mort! Pauvre Flix! tu es mort
849 3652 4044 3936 sans avoir joui du bonheur d'embrasser
854 3890 4050 4176 ta fille! Que ne peux-tu sortir de ta tombe
859 4135 4055 4463 pour partager la douce ivresse de ta veuve
865 4392 4060 4664 inconsolable! -- Madame.... -- Appelle-
870 4614 4065 4905 moi ta mre, Jeannette; que ce nom si
875 4856 4070 5138 doux frapne pour la premire fois l'oreille
880 5093 4076 5378 de celle qui t'a donn le jour! Je crois
886 5334 4082 5622 n'avoir rien en moi qui t'en impose: tu
891 5576 4087 5861 dois tre libre de m'exprimer ta ten-
896 5811 4092 6099 dresse, comme je le suis de te serrer dans
902 6114 1736 6341 mes bras!
3231 6284 4102 6503 Jea nette
