4266 8070
1050 1150 3882 1323 par-tout,  ses amis,  ses voisins, et
1055 1386 3888 1574 chacun reste enchant des grces et de
1050 1623 2307 1801 l'esprit de sa fille.
1223 1859 3894 2044 Cependant, quand les premiers mo-
1050 2099 3899 2282 mens de visites et de ftes sont passs,
1050 2337 3904 2521 Jeannette prend la libert de demander
1045 2573 3899 2749 sa mre le secret de sa naissance, et ce
1055 2811 3904 3002 qui a pu rsoudre son pre  l'abandonner
1045 3045 3908 3235 ainsi  la froide piti des trangers. Ma-
998 3287 3909 3465 dame Dricourt la fait asseoir, et lui
1050 3527 1902 3668 parle ainsi:
1223 3768 3899 3949 Tu n'as pas aim, ma fille; tu me l'as
1056 4008 3904 4190 dit, et je te crois. Tu n'as donc pas h-
1055 4244 3915 4430 rit du cur ni des passions funestes de
1060 4482 3920 4667 tes parens; et c'est un vrai bonheur pour
1055 4723 3909 4902 toi. Ecoute-moi, Jeannette: tu vas ap-
1050 4970 3908 5143 prendre une histoire bien singulire, et
1003 5206 3908 5380 ui paratra srement un conte  tout tre
1055 5443 3914 5632 indiffrent, peu propre  juger le cur
1055 5688 1650 5813 humain.
1213 5920 3904 6103 Flix Dricourt tait le plus jeune
1013 6159 3894 6338 fils de monsieur le comte Dricourt, ma-
2171 890 2739 1118 .
