4266 7968
1675 892 2094 1058 L.
434 1097 3276 1300 rchal-de-camp. Flix avait deux frres
440 1368 3255 1539 plus gs que lui, mais d'un caractre
434 1592 3240 1764 bien difrent du sien. Flix tait doux,
440 1833 3245 2008 timide, vertueux. Octave et Roland
450 2069 3261 2253 taient orgueilleux, ambitieux, et d-
450 2299 3261 2482 bauchs. Le vieux Marchal prfrait ses
444 2539 3275 2716 deux fils ans; ensorte que Flix, engag
460 2773 3276 2945 de bonne heure dans l'tat militaire, fut
450 3011 3266 3195 expuls de la maison paternelle, et se vit
445 3243 3271 3440 seul, livr  lui-mme, errant de ville
450 3480 3266 3664 en ville, de garnison en garnison, sans
450 3716 3261 3901 recevoir des lettres de son pre, qui tait
450 3947 3265 4152 rest veuf de bonne heure. Un officier du
445 4183 3255 4371 corps de Flix tait le seul ami digne de
445 4419 3250 4608 lui qu'il et pu rencontrer. Cet officier,
450 4669 1928 4800 nomm Briceval....
611 4898 3261 5082 Ici Jeannette interrompit sa mre:
446 5135 3251 5320 Briceval! dit-elle; ce nom me rappelle
450 5368 3245 5558 des souvenirs!... Il y avait dans mon en-
450 5602 3245 5799 fance un M. de Briceval qui tait l'ami
450 5840 3251 5991 intime de la maison d'Eranville. Il avait
450 6080 3240 6274 un fils de six ans qui.... -- Cela se peut,
