4266 8070
2290 939 2705 1108 L)
1091 1163 3930 1357 répondit madame Déricourt; laisse-moi
1108 1393 3930 1584 continuer, mon enfant? Briceval donc
1087 1636 3920 1826 était fils d'un homme de condition; Jules,
1087 1876 3936 2065 son aîné, passa dans les îles, et fut long-
1087 2100 3941 2260 tems sans donner de ses nouvelles. Leur
1092 2353 3935 2532 père à tous deux étant mort, sa femme
1087 2586 3936 2772 avait fait la sottise de se remarier, et d'é-
1081 2826 3930 2973 pouser un homme sans nom comme sans
1092 3060 3936 3254 état. Tu sais qu'autrefois on appelait cela
1092 3291 3941 3489 déroger. Cette ſemme mourut en pou de
1092 3537 3936 3733 tems, ainsi que son époux; et il ne resta
1097 3775 3930 3969 de leur union qu'une fille en bas âge, qui,
1102 4007 3941 4200 orpheline, fut confiée aux soins de Brice-
1097 4243 3941 4443 val son jeune frère du premier lit. Roselle,
1102 4484 3952 4674 c'était le nom de cette jeune enfant, était
1097 4723 3941 4916 élevée par son frère, qui l'avait mise en
1102 4968 3936 5152 pension dans cette ville, chez une nom-
1097 5204 3936 5387 mée madame Robert, ancienne anrie de
1108 5437 2685 5578 la famille des Briceval.
1271 5679 3941 5869 “Le jeune Briceval, qui ne partageait
1108 5912 3941 6107 pas le préjugé qui couvrait de l'idée de
1108 6163 3929 6304 roture la naissance de sa sœur Roselle,
