4266 7968
283 1108 3317 1343 avait pour cette jeune personne tous les
285 1349 3319 1576 soins d'un pre tendre, d'un tuteur d-
287 1571 3321 1811 licat. Elle avait seize ans lorsqu'il vint
289 1817 3323 2050 la voir  Chartres, accompagn de son
291 2060 3324 2280 ami Flix. Flix ne put rsister aux pre-
293 2247 3327 2515 miers traits de l'amour, qui percrent -
296 2514 3329 2751 la-fois son cur et celui de Roselle; et
298 2744 3331 2986 tandis que celle-ci rvait sur le change-
300 2986 3333 3226 ment qui venait de s'oprer en elle, Flix
302 3225 3336 3471 s'en retourna triste, pensif avec son ami,
303 3479 3337 3677 qui, sans prvoir le mal qu'il lui faisait,
306 3699 3340 3929 ne cessa pas de faire l'loge des charmes
308 3926 3342 4170 et des talens de sa sur. Voil donc Flix
309 4170 3343 4382 amoureux; le voil soupirant, cherchant
311 4382 3345 4624 la solitude, cachant l'tat de son cur
314 4659 3347 4874 tout le monde,  son ami le premier,
316 4876 3349 5076 qui crut que sa mlancolie provenait des
318 5106 3351 5316 mauvais traitemens que sa famille lui
319 5316 3353 5559 aisait prouver. Flix sentit bien que
322 5567 3356 5825 jamais son pre ni ses frres ne consen-
324 5798 3358 6039 tiraient  son hymen avec une fille sans
326 6032 3360 6267 nom comme sans biens; et cette certi-
1586 866 2142 1103 .
2478 6242 2948 6598 L
