<PcGts xmlns="http://schema.primaresearch.org/PAGE/gts/pagecontent/2017-07-15" xmlns:xsi="http://www.w3.org/2001/XMLSchema-instance" xsi:schemaLocation="http://schema.primaresearch.org/PAGE/gts/pagecontent/2017-07-15 http://schema.primaresearch.org/PAGE/gts/pagecontent/2017-07-15/pagecontent.xsd"><Metadata><Creator/><Created>2020-09-23T09:25:07</Created><LastChange>1970-01-01T00:00:00</LastChange><Comments/></Metadata><Page imageFilename="0084.png" imageHeight="8070" imageWidth="4266"><ReadingOrder><OrderedGroup id="g1"><RegionRefIndexed index="0" regionRef="r2"/><RegionRefIndexed index="1" regionRef="r1"/></OrderedGroup></ReadingOrder><TextRegion id="r1" type="paragraph" orientation="-0.375"><Coords points="1114,1099 1114,1124 1109,1129 1104,1129 1099,1124 948,1124 948,1139 943,1144 938,1144 938,1205 943,1210 943,1215 948,1220 948,1271 1260,1271 1265,1276 1265,1296 1260,1301 1250,1301 1250,1361 1255,1361 1260,1366 1392,1366 1397,1371 1397,1376 1392,1381 1170,1381 1165,1376 1165,1356 1160,1351 1160,1346 1155,1346 1152,1343 1151,1343 1149,1341 1114,1341 1109,1336 1099,1336 1094,1331 938,1331 933,1336 933,1392 938,1397 943,1397 948,1402 948,1432 943,1437 938,1437 933,1442 933,1503 1134,1503 1139,1508 1896,1508 1901,1513 2128,1513 2133,1518 2249,1518 2254,1523 2254,1553 2259,1558 2259,1563 2276,1563 2277,1564 2277,1569 2276,1570 2276,1574 2275,1575 2275,1579 2274,1580 2274,1584 2273,1585 2273,1587 2272,1588 2123,1588 2123,1603 2118,1608 2118,1624 2113,1629 2067,1629 2062,1634 1967,1634 1962,1629 1962,1588 1959,1585 1958,1585 1956,1583 1906,1583 1901,1578 1750,1578 1745,1583 1699,1583 1694,1588 1694,1624 1689,1629 1563,1629 1558,1624 1497,1624 1492,1619 1492,1583 1371,1583 1366,1578 1195,1578 1195,1619 1190,1624 1165,1624 1160,1619 1160,1583 1155,1583 1150,1578 1149,1578 1144,1573 978,1573 963,1588 958,1588 958,1593 953,1598 953,1619 948,1624 943,1624 943,1679 938,1684 938,1745 1059,1745 1064,1750 1210,1750 1215,1745 1381,1745 1383,1747 1384,1747 1387,1750 1548,1750 1553,1755 1553,1795 1740,1795 1740,1755 1745,1750 1936,1750 1941,1755 1941,1800 2123,1800 2123,1760 2128,1755 2178,1755 2183,1760 2315,1760 2320,1765 2320,1800 2325,1805 2413,1805 2414,1806 2415,1806 2419,1810 2420,1810 2424,1814 2425,1814 2429,1818 2430,1818 2434,1822 2435,1822 2439,1826 2440,1826 2443,1829 2442,1830 2421,1830 2421,1866 2418,1869 2417,1869 2415,1871 2315,1871 2310,1876 2194,1876 2191,1873 2190,1873 2188,1871 2123,1871 2118,1866 1997,1866 1992,1861 1992,1856 1987,1851 1987,1835 1982,1830 1982,1825 1825,1825 1825,1866 1820,1871 1740,1871 1735,1866 1598,1866 1593,1861 1553,1861 1548,1856 1548,1825 1543,1825 1538,1820 1387,1820 1387,1840 1381,1846 1381,1861 1376,1866 1346,1866 1341,1861 1114,1861 1109,1856 963,1856 958,1861 953,1861 948,1866 938,1866 938,1871 933,1876 933,1982 953,1982 958,1987 1503,1987 1508,1992 1951,1992 1956,1997 2118,1997 2123,1992 2128,1997 2128,2042 2133,2047 2284,2047 2289,2042 2310,2042 2310,2002 2315,1997 2476,1997 2481,2002 2525,2002 2526,2003 2526,2004 2525,2005 2525,2007 2524,2008 2524,2010 2523,2011 2523,2013 2522,2014 2522,2015 2521,2016 2521,2018 2520,2019 2520,2021 2519,2022 2519,2024 2518,2025 2518,2026 2517,2027 2517,2029 2516,2030 2516,2032 2515,2033 2515,2034 2514,2035 2514,2037 2513,2038 2513,2040 2512,2041 2512,2043 2511,2044 2511,2045 2510,2046 2510,2048 2509,2049 2509,2051 2508,2052 2508,2054 2507,2055 2507,2056 2506,2057 2506,2059 2505,2060 2505,2062 2504,2063 2504,2064 2503,2065 2503,2066 2502,2067 2304,2067 2299,2072 2254,2072 2251,2075 2251,2076 2249,2078 2249,2108 2244,2113 2133,2113 2128,2108 2128,2098 2123,2093 1967,2093 1967,2108 1962,2113 1926,2113 1921,2108 1664,2108 1659,2103 1392,2103 1387,2098 1387,2062 1384,2059 1383,2059 1381,2057 1225,2057 1220,2062 1215,2062 1215,2103 1210,2108 1119,2108 1114,2103 1114,2062 1109,2057 933,2057 933,2118 943,2118 948,2123 948,2153 943,2158 933,2158 933,2219 1003,2219 1008,2224 1008,2229 1119,2229 1124,2234 1124,2274 1316,2274 1316,2234 1321,2229 1740,2229 1745,2234 2103,2234 2108,2239 2108,2284 2259,2284 2264,2279 2294,2279 2294,2239 2299,2234 2370,2234 2375,2239 2415,2239 2416,2240 2416,2241 2414,2243 2414,2244 2412,2246 2412,2247 2411,2248 2411,2249 2409,2251 2409,2252 2407,2254 2407,2255 2405,2257 2405,2258 2404,2259 2404,2260 2402,2262 2402,2263 2400,2265 2400,2266 2398,2268 2398,2269 2397,2270 2397,2271 2395,2273 2395,2274 2393,2276 2393,2277 2391,2279 2391,2280 2390,2281 2390,2282 2388,2284 2388,2285 2386,2287 2386,2288 2385,2289 2385,2290 2383,2292 2383,2293 2381,2295 2381,2296 2379,2298 2379,2299 2378,2300 2378,2301 2376,2303 2376,2304 2374,2306 2374,2307 2371,2310 2269,2310 2264,2315 2259,2315 2259,2335 2254,2340 2249,2335 2249,2310 2093,2310 2088,2315 2088,2330 2083,2335 2072,2335 2067,2330 2067,2310 1911,2310 1911,2315 1906,2320 1906,2350 1901,2355 1679,2355 1674,2350 1674,2304 1513,2304 1513,2310 1508,2315 1508,2345 1503,2350 1376,2350 1371,2355 1366,2355 1361,2350 1311,2350 1306,2345 1306,2304 1074,2304 1074,2340 1069,2345 968,2345 963,2350 958,2350 953,2355 948,2355 943,2360 943,2365 938,2370 938,2451 943,2456 943,2461 953,2461 958,2466 1351,2466 1356,2471 1356,2516 1361,2521 1548,2521 1553,2516 1553,2481 1558,2476 1583,2476 1583,2471 1588,2466 1649,2466 1659,2476 1851,2476 1851,2471 1856,2466 1896,2466 1901,2471 1901,2476 2259,2476 2264,2481 2419,2481 2422,2484 2423,2484 2430,2491 2431,2491 2437,2497 2438,2497 2444,2503 2445,2503 2451,2509 2452,2509 2459,2516 2460,2516 2466,2522 2467,2522 2473,2528 2474,2528 2481,2535 2482,2535 2488,2541 2487,2542 2451,2542 2426,2567 2426,2587 2421,2592 2395,2592 2390,2587 2390,2557 2385,2552 2385,2542 2067,2542 2067,2547 2062,2552 2057,2552 2057,2587 2052,2592 1775,2592 1770,2587 1578,2587 1573,2582 1573,2577 1568,2572 1412,2572 1412,2582 1407,2587 943,2587 933,2597 933,2632 928,2637 928,2698 933,2698 938,2703 1185,2703 1190,2708 1341,2708 1346,2703 1412,2703 1417,2708 1881,2708 1886,2713 2032,2713 2037,2708 2204,2708 2209,2713 2509,2713 2510,2714 2506,2718 2505,2718 2501,2722 2500,2722 2496,2726 2495,2726 2490,2731 2489,2731 2485,2735 2484,2735 2479,2740 2478,2740 2474,2744 2473,2744 2468,2749 2467,2749 2463,2753 2462,2753 2457,2758 2456,2758 2452,2762 2451,2762 2446,2767 2445,2767 2441,2771 2440,2771 2435,2776 2434,2776 2431,2779 2421,2779 2421,2787 2419,2789 2418,2789 2413,2794 2412,2794 2408,2798 2407,2798 2403,2802 2402,2802 2397,2807 2396,2807 2392,2811 2391,2811 2386,2816 2385,2816 2381,2820 2380,2820 2375,2825 2374,2825 2370,2829 2315,2829 2310,2834 2158,2834 2153,2829 1699,2829 1699,2859 1694,2864 1664,2864 1659,2859 1659,2834 1649,2824 1654,2819 1654,2763 1508,2763 1505,2766 1505,2767 1503,2769 1503,2819 1500,2822 1499,2822 1497,2824 1462,2824 1457,2819 1457,2809 1452,2804 1301,2804 1301,2819 1296,2824 1220,2824 1215,2819 1215,2774 978,2774 973,2779 968,2779 958,2789 958,2794 953,2799 948,2799 943,2804 943,2824 938,2829 938,2890 943,2895 943,2905 948,2910 948,2925 953,2925 958,2930 963,2930 968,2935 973,2935 978,2940 1477,2940 1482,2945 1573,2945 1578,2950 1578,2990 1699,2990 1704,2995 1886,2995 1886,2950 1891,2945 2088,2945 2093,2950 2093,3001 2259,3001 2261,2999 2261,2998 2264,2995 2264,2980 2269,2975 2269,2965 2274,2960 2274,2945 2279,2940 2284,2945 2284,2950 2353,2950 2354,2951 2354,2952 2355,2953 2355,2954 2357,2956 2357,2957 2358,2958 2358,2959 2359,2960 2359,2961 2360,2962 2360,2963 2361,2964 2361,2965 2363,2967 2363,2968 2364,2969 2364,2970 2365,2971 2365,2972 2366,2973 2366,2974 2367,2975 2367,2976 2369,2978 2369,2979 2370,2980 2370,2981 2371,2982 2371,2983 2372,2984 2372,2985 2373,2986 2373,2987 2375,2989 2375,2990 2376,2991 2376,2992 2377,2993 2377,2994 2378,2995 2378,2996 2379,2997 2379,2998 2380,2999 2380,3000 2382,3002 2382,3003 2383,3004 2383,3005 2384,3006 2384,3007 2385,3008 2385,3009 2386,3010 2386,3011 2388,3013 2388,3014 2389,3015 2389,3016 2390,3017 2390,3018 2391,3019 2391,3020 2392,3021 2392,3022 2394,3024 2394,3025 2395,3026 2395,3027 2396,3028 2396,3029 2397,3030 2397,3031 2398,3032 2398,3033 2399,3034 2399,3035 2401,3037 2401,3038 2402,3039 2402,3040 2403,3041 2403,3042 2404,3043 2404,3044 2405,3045 2405,3046 2407,3048 2407,3049 2408,3050 2408,3051 2409,3052 2409,3053 2410,3054 2410,3055 2411,3056 2411,3057 2413,3059 2413,3060 2414,3061 2414,3062 2415,3063 2415,3064 2416,3065 2416,3066 2417,3067 2417,3068 2419,3070 2419,3071 2420,3072 2420,3073 2421,3074 2421,3075 2420,3076 2325,3076 2320,3071 1871,3071 1866,3066 1719,3066 1714,3071 1699,3071 1699,3101 1694,3106 1624,3106 1619,3101 1619,3021 1603,3021 1598,3016 1447,3016 1447,3061 1442,3066 1276,3066 1271,3061 1271,3016 938,3016 933,3021 933,3081 943,3081 948,3086 948,3117 943,3122 933,3122 933,3187 1089,3187 1094,3182 1170,3182 1175,3187 1538,3187 1543,3192 1543,3228 1699,3228 1704,3223 1704,3222 1709,3217 1709,3212 1714,3207 1714,3202 1719,3197 1719,3192 1724,3187 1825,3187 1830,3192 2310,3192 2315,3197 2315,3243 2463,3243 2464,3244 2464,3247 2465,3248 2465,3253 2466,3254 2466,3260 2467,3261 2467,3266 2468,3267 2468,3273 2469,3274 2469,3280 2470,3281 2470,3286 2471,3287 2470,3288 2355,3288 2355,3293 2350,3298 2350,3308 2345,3313 2299,3313 2294,3308 2294,3303 2138,3303 2138,3308 2133,3313 1709,3313 1709,3344 1704,3349 1644,3349 1639,3344 1639,3263 1634,3258 1477,3258 1477,3298 1472,3303 1114,3303 1109,3298 953,3298 948,3303 938,3303 938,3308 928,3318 928,3409 933,3414 933,3419 938,3419 943,3424 1013,3424 1018,3429 1165,3429 1170,3424 1255,3424 1260,3429 1407,3429 1412,3424 1563,3424 1568,3429 1568,3470 1709,3470 1719,3480 1876,3480 1886,3470 1886,3454 1891,3449 1891,3444 1906,3429 2472,3429 2473,3430 2473,3434 2472,3435 2472,3440 2471,3441 2471,3447 2470,3448 2470,3453 2469,3454 2469,3459 2468,3460 2468,3465 2467,3466 2467,3471 2466,3472 2466,3478 2465,3479 2465,3484 2464,3485 2464,3490 2463,3491 2463,3496 2462,3497 2462,3499 2461,3500 2138,3500 2133,3505 2133,3520 2128,3525 2007,3525 2002,3530 2002,3540 1997,3545 1946,3545 1941,3540 1780,3540 1775,3545 1629,3545 1624,3540 1114,3540 1109,3535 1109,3530 1099,3520 948,3520 943,3525 943,3535 938,3540 933,3540 933,3601 943,3611 943,3661 1155,3661 1160,3666 1376,3666 1381,3661 1482,3661 1487,3666 1603,3666 1608,3671 1608,3707 1610,3709 1611,3709 1614,3712 1805,3712 1815,3702 1820,3702 1825,3697 1825,3671 1830,3666 2360,3666 2361,3667 2311,3717 2310,3717 2260,3767 2103,3767 2103,3782 2098,3787 2062,3787 2057,3782 2057,3752 2052,3747 2052,3742 2047,3737 1901,3737 1896,3742 1891,3742 1886,3747 1876,3737 1724,3737 1719,3742 1719,3777 1714,3782 1558,3782 1548,3792 1543,3792 1538,3797 1538,3818 1533,3823 1518,3823 1513,3818 1513,3787 1508,3782 1497,3782 1492,3777 1341,3777 1336,3782 1331,3777 1175,3777 1170,3782 1119,3782 1114,3777 943,3777 938,3782 933,3782 923,3792 923,3898 928,3903 1336,3903 1341,3908 1417,3908 1422,3913 1422,3944 1482,3944 1487,3949 1487,3954 1639,3954 1644,3949 1755,3949 1755,3913 1760,3908 1785,3908 1790,3903 2048,3903 2049,3904 2048,3905 2047,3905 2045,3907 2044,3907 2043,3908 2042,3908 2041,3909 2040,3909 2038,3911 2037,3911 2036,3912 2035,3912 2034,3913 2033,3913 2032,3914 2031,3914 2029,3916 2028,3916 2027,3917 2026,3917 2025,3918 2024,3918 2022,3920 2021,3920 2020,3921 2019,3921 2018,3922 2017,3922 2015,3924 2014,3924 2013,3925 2012,3925 2011,3926 2010,3926 2009,3927 2008,3927 2006,3929 2005,3929 2004,3930 2003,3930 2002,3931 2001,3931 1999,3933 1998,3933 1997,3934 1996,3934 1995,3935 1994,3935 1992,3937 1991,3937 1990,3938 1989,3938 1988,3939 1987,3939 1986,3940 1985,3940 1983,3942 1982,3942 1981,3943 1980,3943 1979,3944 1978,3944 1976,3946 1975,3946 1974,3947 1973,3947 1972,3948 1971,3948 1970,3949 1969,3949 1967,3951 1966,3951 1965,3952 1964,3952 1963,3953 1962,3953 1960,3955 1959,3955 1958,3956 1957,3956 1956,3957 1955,3957 1953,3959 1952,3959 1951,3960 1950,3960 1949,3961 1948,3961 1947,3962 1946,3962 1944,3964 1943,3964 1942,3965 1941,3965 1940,3966 1939,3966 1937,3968 1936,3968 1935,3969 1934,3969 1933,3970 1932,3970 1931,3971 1930,3971 1928,3973 1927,3973 1926,3974 1925,3974 1924,3975 1923,3975 1921,3977 1920,3977 1919,3978 1918,3978 1917,3979 1916,3979 1914,3981 1913,3981 1912,3982 1911,3982 1910,3983 1909,3983 1908,3984 1907,3984 1905,3986 1904,3986 1903,3987 1902,3987 1901,3988 1900,3988 1898,3990 1897,3990 1896,3991 1895,3991 1894,3992 1893,3992 1891,3994 1890,3994 1889,3995 1888,3995 1887,3996 1886,3996 1885,3997 1884,3997 1882,3999 1881,3999 1880,4000 1879,4000 1878,4001 1877,4001 1875,4003 1874,4003 1873,4004 1872,4004 1871,4005 1870,4005 1869,4006 1868,4006 1866,4008 1865,4008 1864,4009 1863,4009 1862,4010 1861,4010 1859,4012 1858,4012 1857,4013 1856,4012 1856,3984 1851,3979 1851,3974 1694,3974 1694,4014 1689,4019 1513,4019 1508,4014 1508,3984 1503,3979 1503,3974 1346,3974 1346,4014 1341,4019 1271,4019 1268,4016 1267,4016 1265,4014 1265,4004 1225,4004 1215,3994 1215,3989 1210,3984 1210,3979 1144,3979 1139,3974 988,3974 983,3979 983,4009 978,4014 938,4014 923,4029 923,4140 938,4140 943,4145 1326,4145 1328,4147 1328,4148 1331,4151 1331,4186 1336,4191 1487,4191 1492,4186 1492,4181 1497,4176 1497,4171 1499,4169 1500,4169 1503,4166 1503,4145 1508,4140 1533,4140 1538,4145 1619,4145 1620,4146 1618,4148 1617,4148 1616,4149 1615,4149 1614,4150 1613,4150 1611,4152 1610,4152 1609,4153 1608,4153 1607,4154 1606,4154 1604,4156 1603,4156 1602,4157 1601,4157 1600,4158 1599,4158 1598,4159 1597,4159 1595,4161 1594,4161 1593,4162 1592,4162 1591,4163 1590,4163 1588,4165 1587,4165 1586,4166 1585,4166 1584,4167 1583,4167 1582,4168 1581,4168 1579,4170 1578,4170 1577,4171 1576,4171 1575,4172 1574,4172 1572,4174 1571,4174 1570,4175 1569,4175 1568,4176 1567,4176 1565,4178 1564,4178 1563,4179 1562,4179 1561,4180 1560,4180 1559,4181 1558,4181 1556,4183 1555,4183 1554,4184 1553,4184 1552,4185 1551,4185 1549,4187 1548,4187 1547,4188 1546,4188 1545,4189 1544,4189 1543,4190 1542,4190 1540,4192 1539,4192 1538,4193 1537,4193 1536,4194 1535,4194 1533,4196 1532,4196 1531,4197 1530,4197 1529,4198 1528,4198 1526,4200 1525,4200 1524,4201 1523,4201 1522,4202 1521,4202 1520,4203 1519,4203 1517,4205 1516,4205 1515,4206 1514,4206 1513,4207 1512,4207 1510,4209 1509,4209 1508,4210 1507,4210 1506,4211 1505,4211 1503,4213 1502,4213 1501,4214 1500,4214 1499,4215 1498,4215 1497,4216 1496,4216 1494,4218 1493,4218 1492,4219 1491,4219 1490,4220 1489,4220 1487,4222 1486,4222 1485,4223 1484,4223 1483,4224 1482,4224 1481,4225 1480,4225 1478,4227 1477,4227 1476,4228 1475,4228 1474,4229 1473,4229 1471,4231 1470,4231 1469,4232 1468,4232 1467,4233 1466,4233 1464,4235 1463,4235 1462,4236 1461,4236 1460,4237 1459,4237 1458,4238 1457,4238 1455,4240 1454,4240 1453,4241 1452,4241 1451,4242 1450,4242 1448,4244 1447,4244 1446,4245 1445,4245 1444,4246 1443,4246 1441,4248 1440,4248 1439,4249 1438,4249 1437,4250 1436,4250 1435,4251 1434,4251 1432,4253 1431,4253 1430,4254 1429,4254 1428,4255 1427,4255 1426,4256 1381,4256 1376,4251 1376,4211 1220,4211 1215,4216 1215,4236 1210,4241 1165,4241 1165,4251 1160,4256 1109,4256 1104,4251 953,4251 948,4256 943,4256 938,4261 933,4261 930,4264 930,4265 928,4267 928,4377 948,4377 950,4379 950,4380 953,4383 1109,4383 1111,4381 1111,4380 1114,4377 1165,4377 1167,4379 1167,4380 1170,4383 1361,4383 1363,4381 1363,4380 1366,4377 1371,4377 1373,4379 1373,4380 1376,4383 1376,4393 1523,4393 1523,4388 1528,4383 1785,4383 1787,4381 1787,4380 1790,4377 1795,4377 1795,4307 1790,4302 1755,4302 1750,4297 1750,4261 1740,4261 1735,4256 1588,4256 1583,4261 1508,4261 1503,4256 1433,4256 1432,4255 1433,4254 1434,4254 1436,4252 1437,4252 1438,4251 1439,4251 1440,4250 1441,4250 1443,4248 1444,4248 1445,4247 1446,4247 1447,4246 1448,4246 1449,4245 1450,4245 1452,4243 1453,4243 1454,4242 1455,4242 1456,4241 1457,4241 1459,4239 1460,4239 1461,4238 1462,4238 1463,4237 1464,4237 1465,4236 1466,4236 1468,4234 1469,4234 1470,4233 1471,4233 1472,4232 1473,4232 1475,4230 1476,4230 1477,4229 1478,4229 1479,4228 1480,4228 1482,4226 1483,4226 1484,4225 1485,4225 1486,4224 1487,4224 1488,4223 1489,4223 1491,4221 1492,4221 1493,4220 1494,4220 1495,4219 1496,4219 1498,4217 1499,4217 1500,4216 1501,4216 1502,4215 1503,4215 1505,4213 1506,4213 1507,4212 1508,4212 1509,4211 1510,4211 1511,4210 1512,4210 1514,4208 1515,4208 1516,4207 1517,4207 1518,4206 1519,4206 1521,4204 1522,4204 1523,4203 1524,4203 1525,4202 1526,4202 1527,4201 1528,4201 1530,4199 1531,4199 1532,4198 1533,4198 1534,4197 1535,4197 1537,4195 1538,4195 1539,4194 1540,4194 1541,4193 1542,4193 1544,4191 1545,4191 1546,4190 1547,4190 1548,4189 1549,4189 1550,4188 1551,4188 1553,4186 1554,4186 1555,4185 1556,4185 1557,4184 1558,4184 1560,4182 1561,4182 1562,4181 1563,4181 1564,4180 1565,4180 1566,4179 1567,4179 1569,4177 1570,4177 1571,4176 1572,4176 1573,4175 1574,4175 1576,4173 1577,4173 1578,4172 1579,4172 1580,4171 1581,4171 1583,4169 1584,4169 1585,4168 1586,4168 1587,4167 1588,4167 1589,4166 1590,4166 1592,4164 1593,4164 1594,4163 1595,4163 1596,4162 1597,4162 1599,4160 1600,4160 1601,4159 1602,4159 1603,4158 1604,4158 1606,4156 1607,4156 1608,4155 1609,4155 1610,4154 1611,4154 1612,4153 1613,4153 1615,4151 1616,4151 1617,4150 1618,4150 1619,4149 1620,4149 1622,4147 1623,4147 1624,4146 1625,4146 1626,4145 1876,4145 1878,4147 1878,4148 1881,4151 2027,4151 2029,4149 2029,4148 2032,4145 2294,4145 2296,4147 2296,4148 2299,4151 2387,4151 2388,4152 2388,4153 2389,4154 2389,4155 2390,4156 2390,4157 2391,4158 2391,4159 2392,4160 2392,4161 2393,4162 2393,4163 2394,4164 2394,4166 2395,4167 2395,4168 2396,4169 2396,4170 2397,4171 2397,4172 2398,4173 2398,4174 2399,4175 2399,4176 2400,4177 2400,4178 2401,4179 2401,4181 2402,4182 2402,4183 2403,4184 2403,4185 2404,4186 2404,4187 2405,4188 2405,4189 2406,4190 2406,4191 2407,4192 2407,4194 2408,4195 2408,4196 2409,4197 2409,4198 2410,4199 2410,4200 2411,4201 2411,4202 2412,4203 2412,4204 2413,4205 2413,4206 2414,4207 2414,4209 2415,4210 2415,4211 2416,4212 2416,4213 2417,4214 2417,4215 2418,4216 2418,4217 2419,4218 2419,4219 2420,4220 2420,4222 2421,4223 2421,4224 2422,4225 2422,4226 2423,4227 2423,4228 2424,4229 2424,4230 2425,4231 2425,4232 2426,4233 2426,4234 2427,4235 2427,4237 2428,4238 2428,4239 2429,4240 2429,4241 2430,4242 2430,4243 2431,4244 2431,4245 2432,4246 2432,4247 2433,4248 2433,4250 2434,4251 2434,4252 2435,4253 2435,4254 2436,4255 2436,4256 2437,4257 2437,4258 2438,4259 2438,4260 2439,4261 2439,4262 2440,4263 2440,4265 2441,4266 2441,4267 2442,4268 2442,4269 2443,4270 2443,4271 2444,4272 2444,4273 2445,4274 2445,4275 2446,4276 2446,4278 2447,4279 2447,4280 2448,4281 2448,4282 2449,4283 2449,4284 2450,4285 2450,4286 2451,4287 2451,4288 2452,4289 2452,4290 2453,4291 2453,4293 2454,4294 2454,4295 2455,4296 2455,4297 2456,4298 2456,4299 2457,4300 2457,4301 2458,4302 2458,4303 2459,4304 2459,4306 2460,4307 2460,4308 2461,4309 2461,4310 2462,4311 2462,4312 2463,4313 2463,4314 2464,4315 2464,4316 2465,4317 2465,4318 2466,4319 2466,4321 2467,4322 2467,4323 2468,4324 2468,4325 2469,4326 2469,4327 2470,4328 2470,4329 2471,4330 2471,4331 2472,4332 2472,4334 2473,4335 2473,4336 2474,4337 2474,4338 2475,4339 2475,4340 2476,4341 2476,4342 2477,4343 2477,4344 2478,4345 2478,4346 2479,4347 2479,4349 2480,4350 2480,4351 2481,4352 2481,4353 2482,4354 2482,4355 2483,4356 2483,4357 2484,4358 2484,4359 2485,4360 2485,4362 2486,4363 2486,4364 2487,4365 2487,4366 2488,4367 2488,4368 2489,4369 2489,4370 2490,4371 2490,4372 2491,4373 2491,4374 2492,4375 2492,4377 2493,4378 2493,4379 2494,4380 2494,4381 2495,4382 2495,4383 2496,4384 2496,4385 2497,4386 2497,4387 2498,4388 2498,4390 2499,4391 2499,4392 2500,4393 2500,4394 2501,4395 2501,4396 2502,4397 2502,4398 2503,4399 2503,4400 2504,4401 2504,4402 2505,4403 2505,4405 2506,4406 2506,4407 2507,4408 2507,4409 2508,4410 2508,4411 2509,4412 2509,4413 2510,4414 2510,4415 2511,4416 2511,4417 2512,4418 2512,4420 2513,4421 2513,4422 2514,4423 2514,4424 2515,4425 2515,4426 2516,4427 2516,4428 2517,4429 2517,4430 2518,4431 2518,4433 2519,4434 2519,4435 2520,4436 2520,4437 2521,4438 2521,4439 2522,4440 2522,4441 2523,4442 2523,4443 2524,4444 2524,4445 2525,4446 2525,4448 2526,4449 2526,4450 2527,4451 2527,4452 2528,4453 2528,4454 2529,4455 2529,4456 2530,4457 2529,4458 2516,4458 2516,4478 2511,4483 2511,4499 2506,4504 2501,4504 2481,4524 2481,4534 2476,4539 2451,4539 2446,4534 2451,4529 2471,4529 2471,4458 2219,4458 2219,4499 2214,4504 2173,4504 2168,4499 2158,4499 2155,4496 2155,4495 2153,4493 2153,4483 2113,4483 2108,4478 2108,4453 1946,4453 1946,4473 1941,4478 1926,4478 1921,4473 1921,4458 1916,4453 1770,4453 1765,4458 1765,4488 1760,4493 1679,4493 1674,4488 1674,4453 1669,4453 1664,4448 1518,4448 1513,4453 1508,4448 1271,4448 1268,4451 1267,4451 1265,4453 1265,4488 1260,4493 1084,4493 1084,4559 1089,4564 1089,4604 1250,4604 1255,4599 1260,4599 1265,4604 1265,4609 1533,4609 1535,4611 1535,4612 1538,4615 1684,4615 1686,4613 1686,4612 1689,4609 1815,4609 1817,4611 1817,4612 1820,4615 2002,4615 2007,4620 2007,4625 2158,4625 2163,4630 2335,4630 2340,4635 2340,4665 2496,4665 2511,4650 2511,4635 2521,4625 2564,4625 2565,4626 2565,4638 2564,4639 2564,4659 2563,4660 2563,4681 2562,4682 2562,4702 2561,4703 2561,4719 2560,4720 2441,4720 2441,4731 2436,4736 2385,4736 2380,4731 2380,4725 2375,4720 2264,4720 2259,4715 2259,4700 2249,4690 2249,4685 2098,4685 2098,4690 2093,4695 2093,4710 2088,4715 2007,4715 2002,4710 2002,4685 1997,4680 1830,4680 1825,4685 1825,4725 1822,4728 1822,4729 1820,4731 1649,4731 1646,4728 1646,4727 1644,4725 1644,4680 1437,4680 1437,4720 1432,4725 1376,4725 1371,4720 1371,4710 1215,4710 1215,4720 1210,4725 933,4725 933,4847 1235,4847 1240,4842 1281,4842 1286,4847 1286,4892 1437,4892 1442,4887 1447,4887 1447,4882 1452,4877 1452,4862 1457,4857 1457,4852 1462,4847 1745,4847 1750,4852 2219,4852 2224,4857 2436,4857 2441,4852 2446,4852 2451,4857 2461,4857 2462,4858 2457,4863 2457,4864 2441,4880 2441,4881 2425,4897 2425,4898 2408,4915 2408,4916 2392,4932 2392,4933 2376,4949 2375,4948 2375,4932 2365,4922 2153,4922 2148,4927 2148,4947 2143,4952 2032,4952 2032,4968 2027,4973 1972,4973 1962,4983 1962,4988 1959,4991 1958,4991 1956,4993 1956,5003 1951,5008 1946,5003 1946,4968 1926,4968 1921,4963 1921,4952 1881,4952 1876,4947 1876,4922 1866,4912 1719,4912 1714,4917 1714,4963 1709,4968 1614,4968 1611,4965 1610,4965 1608,4963 1608,4912 1447,4912 1447,4958 1442,4963 1392,4963 1387,4958 1387,4917 1384,4914 1383,4914 1381,4912 1129,4912 1124,4917 1124,4958 1119,4963 968,4963 953,4978 832,4978 827,4983 827,5043 943,5043 948,5048 948,5063 955,5070 955,5071 963,5079 973,5079 978,5084 978,5129 983,5134 1129,5134 1134,5129 1165,5129 1165,5084 1170,5079 1417,5079 1422,5084 1830,5084 1835,5089 1835,5134 1992,5134 1992,5129 1997,5124 1997,5114 2002,5109 2002,5104 2007,5099 2007,5094 2012,5089 2292,5089 2293,5090 2293,5091 2292,5092 2292,5093 2291,5094 2291,5096 2290,5097 2290,5098 2289,5099 2289,5101 2288,5102 2288,5103 2287,5104 2287,5105 2286,5106 2286,5108 2285,5109 2285,5110 2284,5111 2284,5113 2283,5114 2283,5115 2282,5116 2282,5118 2281,5119 2281,5120 2280,5121 2280,5123 2279,5124 2279,5125 2278,5126 2278,5127 2277,5128 2277,5130 2276,5131 2276,5132 2275,5133 2275,5135 2274,5136 2274,5137 2273,5138 2273,5140 2272,5141 2272,5142 2271,5143 2271,5145 2270,5146 2270,5147 2269,5148 2269,5150 2268,5151 2268,5152 2267,5153 2267,5154 2266,5155 2266,5157 2265,5158 2265,5159 2264,5160 2264,5162 2263,5163 2263,5164 2262,5165 2262,5167 2261,5168 2261,5169 2260,5170 2260,5172 2259,5173 2259,5174 2258,5175 2258,5177 2257,5178 2257,5179 2256,5180 2256,5181 2255,5182 2255,5184 2254,5185 2254,5186 2253,5187 2253,5189 2252,5190 2252,5191 2251,5192 2251,5194 2250,5195 2250,5196 2249,5197 2249,5199 2248,5200 2248,5201 2247,5202 2247,5204 2246,5205 2246,5206 2245,5207 2245,5208 2244,5209 2244,5211 2243,5212 2243,5213 2241,5215 2042,5215 2037,5210 2037,5164 1780,5164 1775,5169 1775,5205 1770,5210 1639,5210 1634,5205 1462,5205 1457,5200 1457,5184 1412,5184 1407,5179 1407,5154 1190,5154 1190,5200 1185,5205 1124,5205 1119,5200 968,5200 963,5205 928,5205 928,5260 923,5265 923,5326 1165,5326 1170,5321 1180,5321 1185,5326 1477,5326 1482,5331 1614,5331 1619,5336 1619,5376 1624,5381 1800,5381 1800,5336 1805,5331 2229,5331 2234,5336 2335,5336 2361,5362 2362,5362 2392,5392 2393,5392 2401,5400 2400,5401 2199,5401 2199,5442 2194,5447 2002,5447 1997,5442 1997,5401 1825,5401 1825,5442 1820,5447 1735,5447 1730,5442 1730,5401 1727,5398 1726,5398 1724,5396 1553,5396 1553,5442 1548,5447 1523,5447 1518,5442 1518,5427 1513,5422 1361,5422 1356,5427 1356,5437 1351,5442 1316,5442 1311,5437 1311,5422 1308,5419 1308,5418 1306,5416 1306,5396 1296,5396 1291,5391 928,5391 928,5452 933,5457 948,5457 953,5462 953,5487 948,5492 928,5492 928,5558 1084,5558 1089,5563 1407,5563 1412,5568 1412,5603 1568,5603 1568,5598 1573,5593 1573,5588 1578,5583 1578,5573 1583,5568 1664,5568 1669,5563 1674,5563 1679,5568 1982,5568 1987,5573 1987,5618 2173,5618 2173,5573 2178,5568 2438,5568 2439,5569 2439,5570 2438,5571 2438,5572 2437,5573 2437,5575 2436,5576 2436,5577 2435,5578 2435,5580 2434,5581 2434,5582 2433,5583 2433,5585 2432,5586 2432,5587 2431,5588 2431,5590 2430,5591 2430,5592 2429,5593 2429,5595 2428,5596 2428,5597 2427,5598 2427,5600 2426,5601 2426,5602 2425,5603 2425,5605 2424,5606 2424,5608 2423,5609 2423,5610 2422,5611 2422,5613 2421,5614 2421,5615 2420,5616 2420,5618 2419,5619 2419,5620 2418,5621 2418,5623 2417,5624 2417,5625 2416,5626 2416,5628 2415,5629 2415,5630 2414,5631 2414,5633 2413,5634 2413,5635 2412,5636 2412,5638 2411,5639 2411,5640 2410,5641 2410,5643 2409,5644 2409,5645 2408,5646 2408,5648 2407,5649 2407,5650 2406,5651 2406,5653 2405,5654 2405,5655 2404,5656 2404,5658 2403,5659 2403,5660 2402,5661 2402,5663 2401,5664 2401,5665 2400,5666 2400,5668 2399,5669 2399,5671 2398,5672 2398,5673 2397,5674 2397,5676 2396,5677 2396,5678 2395,5679 2395,5681 2394,5682 2394,5683 2393,5684 2393,5686 2392,5687 2392,5688 2391,5689 2360,5689 2355,5684 2355,5643 2350,5638 2183,5638 2178,5643 2173,5643 2170,5646 2170,5647 2168,5649 2168,5654 2163,5659 2163,5669 2158,5674 2158,5679 2153,5684 1916,5684 1911,5689 1866,5689 1861,5684 1861,5643 1856,5638 1699,5638 1694,5643 1689,5643 1689,5684 1684,5689 1679,5684 1371,5684 1366,5679 1361,5679 1356,5674 1356,5664 1316,5664 1311,5659 1311,5638 1306,5633 1144,5633 1144,5654 1139,5659 1129,5659 1124,5654 1124,5638 1119,5633 973,5633 968,5638 963,5638 963,5674 958,5679 953,5679 933,5699 933,5785 943,5795 953,5795 958,5800 1013,5800 1018,5805 1326,5805 1331,5810 1482,5810 1487,5805 1760,5805 1765,5810 2209,5810 2214,5805 2219,5810 2501,5810 2502,5811 2503,5811 2506,5814 2507,5814 2509,5816 2510,5816 2513,5819 2514,5819 2517,5822 2518,5822 2520,5824 2521,5824 2524,5827 2525,5827 2528,5830 2529,5830 2531,5832 2532,5832 2535,5835 2536,5835 2539,5838 2540,5838 2543,5841 2544,5841 2546,5843 2547,5843 2550,5846 2551,5846 2554,5849 2555,5849 2557,5851 2558,5851 2561,5854 2562,5854 2565,5857 2566,5857 2568,5859 2569,5859 2572,5862 2573,5862 2576,5865 2577,5865 2580,5868 2581,5868 2583,5870 2584,5870 2587,5873 2588,5873 2591,5876 2592,5876 2594,5878 2595,5878 2598,5881 2599,5881 2602,5884 2603,5884 2605,5886 2606,5886 2609,5889 2610,5889 2613,5892 2614,5892 2617,5895 2618,5895 2620,5897 2621,5897 2624,5900 2625,5900 2628,5903 2629,5903 2631,5905 2632,5905 2635,5908 2636,5908 2639,5911 2640,5911 2642,5913 2643,5913 2646,5916 2647,5916 2650,5919 2651,5919 2652,5920 2651,5921 2506,5921 2501,5916 2501,5906 2350,5906 2345,5911 2345,5916 2340,5921 2310,5921 2307,5918 2306,5918 2304,5916 2304,5881 2301,5878 2301,5877 2299,5875 1967,5875 1967,5916 1962,5921 1956,5921 1951,5916 1800,5916 1795,5921 1719,5921 1714,5916 1563,5916 1558,5921 1432,5921 1427,5916 958,5916 948,5926 943,5926 943,5931 938,5936 938,5951 933,5956 933,6017 938,6022 938,6032 948,6042 1795,6042 1800,6047 1951,6047 1956,6042 2204,6042 2209,6047 2546,6047 2547,6048 2546,6049 2545,6049 2543,6051 2542,6051 2540,6053 2539,6053 2536,6056 2535,6056 2533,6058 2532,6058 2529,6061 2528,6061 2526,6063 2525,6063 2522,6066 2521,6066 2519,6068 2518,6068 2515,6071 2514,6071 2512,6073 2511,6073 2508,6076 2507,6076 2505,6078 2504,6078 2502,6080 2501,6080 2498,6083 2497,6083 2495,6085 2494,6085 2491,6088 2490,6088 2488,6090 2487,6090 2484,6093 2483,6093 2481,6095 2480,6095 2477,6098 2476,6098 2474,6100 2473,6100 2470,6103 2469,6103 2467,6105 2466,6105 2464,6107 2463,6107 2460,6110 2459,6110 2457,6112 2456,6112 2455,6113 2355,6113 2355,6153 2350,6158 2219,6158 2214,6153 2214,6143 2209,6138 2209,6128 2204,6123 2204,6118 2047,6118 2047,6163 2042,6168 2037,6168 2032,6173 2032,6198 2027,6203 2007,6203 2002,6198 2002,6183 1997,6178 1997,6173 1987,6163 1977,6163 1972,6158 1921,6158 1916,6153 1916,6118 1911,6113 1699,6113 1694,6118 1694,6148 1689,6153 1598,6153 1593,6148 1593,6128 1578,6113 1361,6113 1361,6133 1356,6138 1276,6138 1271,6133 1271,6113 1265,6107 1114,6107 1111,6110 1111,6111 1109,6113 1109,6153 1104,6158 938,6158 938,6218 943,6218 948,6223 948,6254 938,6264 938,6319 953,6319 958,6324 1109,6324 1114,6319 1124,6319 1124,6289 1129,6284 1513,6284 1518,6289 1810,6289 1815,6284 1881,6284 1886,6289 1886,6324 1895,6333 2053,6333 2057,6329 2057,6309 2062,6304 2067,6304 2067,6294 2072,6289 2194,6289 2199,6294 2199,6333 2385,6333 2385,6294 2390,6289 3419,6289 3424,6284 3434,6284 3439,6289 3596,6289 3601,6284 3888,6284 3893,6279 3893,6244 3898,6239 3903,6239 3903,6183 3893,6173 3893,6168 3883,6158 3873,6158 3868,6153 3813,6153 3808,6148 3808,6113 3550,6113 3545,6118 3545,6153 3540,6158 3424,6158 3419,6153 3419,6143 3374,6143 3369,6138 3369,6113 3207,6113 3207,6153 3202,6158 3147,6158 3142,6163 3127,6163 3122,6158 2935,6158 2930,6153 2930,6143 2774,6143 2769,6148 2769,6158 2766,6161 2765,6161 2763,6163 2753,6163 2748,6158 2748,6118 2521,6118 2521,6158 2516,6163 2511,6158 2511,6113 2462,6113 2461,6112 2462,6111 2463,6111 2466,6108 2467,6108 2469,6106 2470,6106 2473,6103 2474,6103 2476,6101 2477,6101 2480,6098 2481,6098 2483,6096 2484,6096 2487,6093 2488,6093 2490,6091 2491,6091 2493,6089 2494,6089 2497,6086 2498,6086 2500,6084 2501,6084 2504,6081 2505,6081 2507,6079 2508,6079 2511,6076 2512,6076 2514,6074 2515,6074 2518,6071 2519,6071 2521,6069 2522,6069 2525,6066 2526,6066 2528,6064 2529,6064 2531,6062 2532,6062 2535,6059 2536,6059 2538,6057 2539,6057 2542,6054 2543,6054 2545,6052 2546,6052 2549,6049 2550,6049 2552,6047 3187,6047 3192,6042 3328,6042 3333,6047 3525,6047 3530,6042 3591,6042 3596,6047 3883,6047 3888,6042 3893,6042 3903,6032 3918,6032 3923,6027 3923,5971 3913,5971 3908,5966 3908,5921 3893,5921 3888,5916 3888,5906 3883,5901 3838,5901 3833,5896 3833,5881 3830,5878 3830,5877 3828,5875 3671,5875 3671,5916 3666,5921 3565,5921 3560,5916 3560,5875 3283,5875 3280,5878 3280,5879 3278,5881 3273,5881 3273,5916 3268,5921 3137,5921 3132,5916 3132,5881 3129,5878 3129,5877 3127,5875 2980,5875 2977,5878 2977,5879 2975,5881 2789,5881 2784,5886 2784,5941 2799,5941 2804,5946 2804,5966 2799,5971 2779,5971 2774,5966 2774,5936 2769,5931 2768,5931 2763,5926 2698,5926 2693,5921 2657,5921 2654,5918 2653,5918 2651,5916 2650,5916 2647,5913 2646,5913 2643,5910 2642,5910 2640,5908 2639,5908 2636,5905 2635,5905 2632,5902 2631,5902 2628,5899 2627,5899 2625,5897 2624,5897 2621,5894 2620,5894 2617,5891 2616,5891 2614,5889 2613,5889 2610,5886 2609,5886 2606,5883 2605,5883 2602,5880 2601,5880 2599,5878 2598,5878 2595,5875 2594,5875 2591,5872 2590,5872 2588,5870 2587,5870 2584,5867 2583,5867 2580,5864 2579,5864 2577,5862 2576,5862 2573,5859 2572,5859 2569,5856 2568,5856 2565,5853 2564,5853 2562,5851 2561,5851 2558,5848 2557,5848 2554,5845 2553,5845 2551,5843 2550,5843 2547,5840 2546,5840 2543,5837 2542,5837 2540,5835 2539,5835 2536,5832 2535,5832 2532,5829 2531,5829 2528,5826 2527,5826 2525,5824 2524,5824 2521,5821 2520,5821 2517,5818 2516,5818 2514,5816 2513,5816 2510,5813 2509,5813 2507,5811 2508,5810 2521,5810 2526,5805 2567,5805 2572,5810 3122,5810 3127,5815 3127,5855 3303,5855 3308,5850 3308,5815 3313,5810 3434,5810 3439,5805 3444,5805 3449,5810 3540,5810 3545,5815 3545,5855 3737,5855 3737,5815 3742,5810 3888,5810 3893,5805 3903,5805 3913,5795 3913,5734 3908,5729 3903,5729 3898,5724 3898,5684 3893,5684 3888,5679 3727,5679 3722,5684 3676,5684 3671,5679 3671,5638 3510,5638 3510,5679 3505,5684 3454,5684 3449,5679 3449,5638 3288,5638 3288,5679 3283,5684 2627,5684 2622,5689 2395,5689 2394,5688 2394,5686 2395,5685 2395,5684 2396,5683 2396,5681 2397,5680 2397,5679 2398,5678 2398,5676 2399,5675 2399,5674 2400,5673 2400,5671 2401,5670 2401,5669 2402,5668 2402,5666 2403,5665 2403,5664 2404,5663 2404,5661 2405,5660 2405,5659 2406,5658 2406,5656 2407,5655 2407,5654 2408,5653 2408,5651 2409,5650 2409,5648 2410,5647 2410,5646 2411,5645 2411,5643 2412,5642 2412,5641 2413,5640 2413,5638 2414,5637 2414,5636 2415,5635 2415,5633 2416,5632 2416,5631 2417,5630 2417,5628 2418,5627 2418,5626 2419,5625 2419,5623 2420,5622 2420,5621 2421,5620 2421,5618 2422,5617 2422,5616 2423,5615 2423,5613 2424,5612 2424,5611 2425,5610 2425,5608 2426,5607 2426,5606 2427,5605 2427,5603 2428,5602 2428,5601 2429,5600 2429,5598 2430,5597 2430,5596 2431,5595 2431,5593 2432,5592 2432,5591 2433,5590 2433,5588 2434,5587 2434,5585 2435,5584 2435,5583 2436,5582 2436,5580 2437,5579 2437,5578 2438,5577 2438,5575 2439,5574 2439,5573 2440,5572 2440,5570 2442,5568 3712,5568 3717,5573 3717,5603 3868,5603 3873,5598 3878,5598 3878,5593 3883,5588 3883,5583 3888,5578 3888,5568 3893,5563 3893,5502 3878,5487 3838,5487 3833,5482 3833,5462 3828,5457 3828,5452 3823,5447 3767,5447 3762,5442 3762,5406 3757,5401 3606,5401 3601,5406 3601,5422 3596,5427 3596,5442 3591,5447 3545,5447 3540,5442 3540,5401 3535,5396 3374,5396 3369,5401 3333,5401 3328,5406 3318,5396 3167,5396 3162,5401 3162,5422 3157,5427 3152,5427 3147,5422 3147,5401 2990,5401 2990,5416 2987,5419 2987,5420 2985,5422 2985,5442 2980,5447 2970,5447 2965,5442 2965,5406 2960,5401 2738,5401 2738,5442 2733,5447 2647,5447 2642,5442 2642,5411 2632,5401 2405,5401 2381,5377 2380,5377 2351,5348 2350,5348 2339,5337 2340,5336 2385,5336 2390,5331 3878,5331 3888,5321 3893,5321 3893,5290 3898,5285 3898,5230 3883,5215 3873,5215 3868,5210 3596,5210 3591,5205 3591,5159 3419,5159 3414,5164 3111,5164 3106,5159 2955,5159 2950,5164 2849,5164 2849,5210 2844,5215 2799,5215 2794,5210 2753,5210 2748,5205 2748,5169 2743,5164 2521,5164 2521,5205 2516,5210 2431,5210 2426,5215 2245,5215 2244,5214 2245,5213 2245,5212 2246,5211 2246,5209 2247,5208 2247,5207 2248,5206 2248,5204 2249,5203 2249,5202 2250,5201 2250,5199 2251,5198 2251,5197 2252,5196 2252,5194 2253,5193 2253,5192 2254,5191 2254,5189 2255,5188 2255,5187 2256,5186 2256,5185 2257,5184 2257,5182 2258,5181 2258,5180 2259,5179 2259,5177 2260,5176 2260,5175 2261,5174 2261,5172 2262,5171 2262,5170 2263,5169 2263,5167 2264,5166 2264,5165 2265,5164 2265,5162 2266,5161 2266,5160 2267,5159 2267,5158 2268,5157 2268,5155 2269,5154 2269,5153 2270,5152 2270,5150 2271,5149 2271,5148 2272,5147 2272,5145 2273,5144 2273,5143 2274,5142 2274,5140 2275,5139 2275,5138 2276,5137 2276,5135 2277,5134 2277,5133 2278,5132 2278,5131 2279,5130 2279,5128 2280,5127 2280,5126 2281,5125 2281,5123 2282,5122 2282,5121 2283,5120 2283,5118 2284,5117 2284,5116 2285,5115 2285,5113 2286,5112 2286,5111 2287,5110 2287,5109 2288,5108 2288,5106 2289,5105 2289,5104 2290,5103 2290,5101 2291,5100 2291,5099 2292,5098 2292,5096 2293,5095 2293,5094 2294,5093 2294,5091 2296,5089 2421,5089 2426,5094 2718,5094 2723,5089 3056,5089 3061,5094 3061,5139 3066,5144 3248,5144 3253,5139 3253,5094 3258,5089 3888,5089 3893,5084 3913,5084 3913,5028 3908,5023 3908,4993 3903,4988 3903,4983 3893,4973 3828,4973 3823,4968 3823,4922 3646,4922 3646,4968 3641,4973 3586,4973 3581,4968 3525,4968 3520,4963 3520,4922 3515,4917 3364,4917 3359,4922 3359,4963 3354,4968 3177,4968 3172,4973 3061,4973 3056,4968 3056,4927 3051,4922 2879,4922 2879,4968 2874,4973 2864,4973 2859,4968 2859,4922 2854,4917 2683,4917 2678,4922 2678,4963 2673,4968 2653,4968 2650,4965 2649,4965 2647,4963 2647,4958 2644,4955 2644,4954 2642,4952 2642,4932 2637,4927 2486,4927 2481,4932 2481,4968 2476,4973 2380,4973 2375,4968 2375,4954 2385,4944 2385,4943 2401,4927 2401,4926 2417,4910 2417,4909 2434,4892 2434,4891 2450,4875 2450,4874 2467,4857 2542,4857 2547,4862 2547,4907 2738,4907 2738,4862 2743,4857 3429,4857 3434,4852 3470,4852 3475,4857 3883,4857 3898,4842 3898,4826 3903,4821 3903,4761 3898,4756 3898,4746 3893,4746 3888,4741 3818,4741 3813,4736 3813,4695 3808,4695 3805,4692 3804,4692 3802,4690 3802,4685 3656,4685 3656,4690 3651,4695 3581,4695 3581,4731 3576,4736 3439,4736 3434,4731 3434,4695 3429,4690 3429,4685 3278,4685 3278,4690 3273,4695 3273,4731 3268,4736 3228,4736 3225,4733 3224,4733 3222,4731 3222,4720 3142,4720 3137,4715 3137,4695 2965,4695 2965,4731 2960,4736 2910,4736 2905,4741 2879,4741 2874,4736 2874,4695 2869,4690 2869,4685 2718,4685 2718,4690 2713,4695 2713,4731 2708,4736 2678,4736 2673,4741 2622,4741 2617,4736 2607,4736 2602,4731 2602,4720 2564,4720 2563,4719 2563,4703 2564,4702 2564,4682 2565,4681 2565,4660 2566,4659 2566,4639 2567,4638 2567,4626 2568,4625 2622,4625 2627,4630 2849,4630 2854,4625 3001,4625 3006,4630 3006,4665 3157,4665 3167,4655 3167,4650 3172,4645 3172,4640 3177,4635 3177,4630 3182,4625 3475,4625 3480,4630 3480,4675 3661,4675 3666,4670 3666,4630 3671,4625 3813,4625 3813,4620 3818,4615 3823,4615 3825,4613 3825,4612 3828,4609 3828,4599 3833,4594 3888,4594 3888,4529 3883,4524 3833,4524 3818,4509 3813,4509 3808,4504 3465,4504 3460,4499 3460,4483 3303,4483 3298,4488 3298,4499 3293,4504 3147,4504 3142,4509 3142,4514 3137,4519 3137,4524 3132,4529 3132,4534 3127,4539 3106,4539 3101,4534 3101,4463 3096,4458 3041,4458 3036,4453 2885,4453 2882,4456 2881,4456 2879,4458 2869,4458 2869,4493 2866,4496 2866,4497 2864,4499 2748,4499 2743,4504 2733,4504 2728,4499 2728,4488 2723,4483 2678,4483 2673,4478 2673,4458 2532,4458 2531,4457 2531,4456 2530,4455 2530,4453 2529,4452 2529,4451 2528,4450 2528,4449 2527,4448 2527,4447 2526,4446 2526,4445 2525,4444 2525,4443 2524,4442 2524,4440 2523,4439 2523,4438 2522,4437 2522,4436 2521,4435 2521,4434 2520,4433 2520,4432 2519,4431 2519,4430 2518,4429 2518,4428 2517,4427 2517,4425 2516,4424 2516,4423 2515,4422 2515,4421 2514,4420 2514,4419 2513,4418 2513,4417 2512,4416 2512,4415 2511,4414 2511,4412 2510,4411 2510,4410 2509,4409 2509,4408 2508,4407 2508,4406 2507,4405 2507,4404 2506,4403 2506,4402 2505,4401 2505,4400 2504,4399 2504,4397 2503,4396 2503,4395 2502,4394 2502,4393 2501,4392 2501,4391 2500,4390 2500,4389 2499,4388 2499,4387 2498,4386 2498,4384 2497,4383 2497,4382 2496,4381 2496,4380 2495,4379 2495,4378 2494,4377 2494,4376 2493,4375 2493,4374 2492,4373 2492,4372 2491,4371 2491,4369 2490,4368 2490,4367 2489,4366 2489,4365 2488,4364 2488,4363 2487,4362 2487,4361 2486,4360 2486,4359 2485,4358 2485,4356 2484,4355 2484,4354 2483,4353 2483,4352 2482,4351 2482,4350 2481,4349 2481,4348 2480,4347 2480,4346 2479,4345 2479,4344 2478,4343 2478,4341 2477,4340 2477,4339 2476,4338 2476,4337 2475,4336 2475,4335 2474,4334 2474,4333 2473,4332 2473,4331 2472,4330 2472,4328 2471,4327 2471,4326 2470,4325 2470,4324 2469,4323 2469,4322 2468,4321 2468,4320 2467,4319 2467,4318 2466,4317 2466,4316 2465,4315 2465,4313 2464,4312 2464,4311 2463,4310 2463,4309 2462,4308 2462,4307 2461,4306 2461,4305 2460,4304 2460,4303 2459,4302 2459,4300 2458,4299 2458,4298 2457,4297 2457,4296 2456,4295 2456,4294 2455,4293 2455,4292 2454,4291 2454,4290 2453,4289 2453,4288 2452,4287 2452,4285 2451,4284 2451,4283 2450,4282 2450,4281 2449,4280 2449,4279 2448,4278 2448,4277 2447,4276 2447,4275 2446,4274 2446,4272 2445,4271 2445,4270 2444,4269 2444,4268 2443,4267 2443,4266 2442,4265 2442,4264 2441,4263 2441,4262 2440,4261 2440,4260 2439,4259 2439,4257 2438,4256 2438,4255 2437,4254 2437,4253 2436,4252 2436,4251 2435,4250 2435,4249 2434,4248 2434,4247 2433,4246 2433,4244 2432,4243 2432,4242 2431,4241 2431,4240 2430,4239 2430,4238 2429,4237 2429,4236 2428,4235 2428,4234 2427,4233 2427,4232 2426,4231 2426,4229 2425,4228 2425,4227 2424,4226 2424,4225 2423,4224 2423,4223 2422,4222 2422,4221 2421,4220 2421,4219 2420,4218 2420,4216 2419,4215 2419,4214 2418,4213 2418,4212 2417,4211 2417,4210 2416,4209 2416,4208 2415,4207 2415,4206 2414,4205 2414,4204 2413,4203 2413,4201 2412,4200 2412,4199 2411,4198 2411,4197 2410,4196 2410,4195 2409,4194 2409,4193 2408,4192 2408,4191 2407,4190 2407,4189 2406,4188 2406,4186 2405,4185 2405,4184 2404,4183 2404,4182 2403,4181 2403,4180 2402,4179 2402,4178 2401,4177 2401,4176 2400,4175 2400,4173 2399,4172 2399,4171 2398,4170 2398,4169 2397,4168 2397,4167 2396,4166 2396,4165 2395,4164 2395,4163 2394,4162 2394,4161 2393,4160 2393,4158 2392,4157 2392,4156 2391,4155 2391,4154 2390,4153 2390,4152 2391,4151 2456,4151 2458,4149 2458,4148 2461,4145 2542,4145 2544,4147 2544,4148 2547,4151 2547,4196 2728,4196 2733,4191 2738,4191 2738,4156 2743,4151 2950,4151 2955,4156 3101,4156 3106,4151 3454,4151 3456,4153 3457,4153 3460,4156 3888,4156 3893,4151 3903,4151 3908,4146 3908,4145 3913,4140 3913,4085 3908,4080 3908,4065 3903,4065 3898,4060 3898,4029 3893,4024 3833,4024 3828,4019 3828,3984 3656,3984 3656,4024 3651,4029 3626,4029 3621,4024 3621,4014 3616,4009 3454,4009 3454,4024 3449,4029 3283,4029 3278,4024 3001,4024 2998,4021 2997,4021 2995,4019 2995,3984 2990,3979 2814,3979 2809,3984 2728,3984 2728,3989 2723,3994 2723,4019 2718,4024 2642,4024 2637,4019 2637,3979 2481,3979 2476,3984 2476,4019 2471,4024 2329,4024 2327,4022 2327,4021 2326,4020 2326,4019 2325,4018 2325,4017 2324,4016 2324,4015 2323,4014 2323,4013 2322,4012 2322,4011 2321,4010 2321,4009 2320,4008 2320,4007 2319,4006 2319,4005 2318,4004 2318,4003 2317,4002 2317,4001 2316,4000 2316,3999 2315,3998 2315,3997 2314,3996 2314,3995 2313,3994 2313,3993 2312,3992 2312,3991 2311,3990 2311,3989 2309,3987 2309,3986 2308,3985 2308,3984 2307,3983 2307,3982 2306,3981 2306,3980 2305,3979 2305,3978 2304,3977 2304,3976 2303,3975 2303,3974 2302,3973 2302,3972 2301,3971 2301,3970 2300,3969 2300,3968 2299,3967 2299,3966 2298,3965 2298,3964 2297,3963 2297,3962 2296,3961 2296,3960 2295,3959 2295,3958 2294,3957 2294,3956 2293,3955 2293,3954 2292,3953 2292,3952 2291,3951 2291,3950 2290,3949 2290,3948 2288,3946 2288,3945 2287,3944 2287,3943 2286,3942 2286,3941 2285,3940 2285,3939 2284,3938 2284,3937 2283,3936 2283,3935 2282,3934 2282,3933 2281,3932 2281,3931 2280,3930 2280,3929 2279,3928 2279,3927 2278,3926 2278,3925 2277,3924 2277,3923 2276,3922 2276,3921 2275,3920 2275,3919 2274,3918 2274,3917 2273,3916 2273,3915 2272,3914 2272,3913 2271,3912 2271,3911 2270,3910 2270,3909 2271,3908 2688,3908 2693,3913 3460,3913 3465,3908 3485,3908 3490,3913 3898,3913 3908,3903 3908,3843 3903,3843 3898,3838 3898,3797 3888,3787 3374,3787 3369,3782 3369,3752 3364,3747 3364,3742 3207,3742 3202,3747 3106,3747 3106,3752 3101,3757 3096,3752 3096,3747 2935,3747 2935,3767 2930,3772 2859,3772 2854,3767 2698,3767 2693,3772 2693,3782 2688,3787 2647,3787 2642,3782 2642,3742 2637,3737 2491,3737 2486,3742 2345,3742 2345,3777 2340,3782 2269,3782 2264,3777 2264,3766 2279,3751 2280,3751 2357,3674 2358,3674 2366,3666 2511,3666 2516,3671 3616,3671 3621,3676 3747,3676 3752,3681 3752,3707 3903,3707 3903,3681 3908,3676 3913,3676 3913,3616 3908,3611 3908,3560 3823,3560 3818,3555 3818,3550 3666,3550 3661,3545 3661,3505 3490,3505 3490,3545 3485,3550 3384,3550 3379,3545 3379,3505 3207,3505 3207,3545 3202,3550 3111,3550 3106,3545 2945,3545 2940,3550 2925,3550 2920,3545 2920,3500 2748,3500 2748,3540 2743,3545 2673,3545 2668,3540 2668,3530 2663,3525 2516,3525 2511,3530 2511,3535 2506,3540 2476,3540 2471,3535 2471,3520 2466,3515 2466,3500 2465,3500 2464,3499 2464,3497 2465,3496 2465,3491 2466,3490 2466,3485 2467,3484 2467,3479 2468,3478 2468,3472 2469,3471 2469,3466 2470,3465 2470,3460 2471,3459 2471,3454 2472,3453 2472,3447 2473,3446 2473,3441 2474,3440 2474,3435 2475,3434 2475,3430 2476,3429 2617,3429 2622,3434 2622,3470 2779,3470 2779,3465 2784,3460 2784,3454 2794,3444 2794,3439 2799,3434 3243,3434 3248,3439 3248,3480 3253,3485 3253,3490 3429,3490 3429,3485 3434,3480 3434,3444 3439,3439 3465,3439 3470,3434 3560,3434 3565,3439 3717,3439 3722,3434 3838,3434 3838,3419 3843,3414 3903,3414 3903,3354 3893,3344 3833,3344 3830,3341 3830,3340 3828,3338 3828,3323 3823,3323 3818,3318 3666,3318 3661,3323 3576,3323 3573,3320 3572,3320 3570,3318 3228,3318 3225,3315 3224,3315 3222,3313 3222,3268 3046,3268 3046,3313 3041,3318 3006,3318 3001,3313 3001,3293 2844,3293 2844,3313 2839,3318 2779,3318 2769,3328 2769,3333 2766,3336 2765,3336 2763,3338 2763,3349 2758,3354 2718,3354 2713,3349 2713,3318 2698,3318 2688,3308 2688,3293 2647,3293 2642,3288 2642,3263 2486,3263 2481,3268 2481,3283 2476,3288 2474,3288 2472,3286 2472,3281 2471,3280 2471,3274 2470,3273 2470,3268 2469,3267 2469,3261 2468,3260 2468,3254 2467,3253 2467,3248 2466,3247 2466,3244 2467,3243 2481,3243 2486,3238 2567,3238 2567,3233 2572,3228 2572,3227 2577,3222 2582,3222 2582,3197 2587,3192 2794,3192 2799,3197 3717,3197 3722,3202 3888,3202 3893,3197 3898,3197 3908,3187 3908,3172 3913,3167 3913,3106 3908,3106 3903,3101 3903,3091 3893,3091 3888,3086 3888,3081 3833,3081 3828,3076 3828,3031 3681,3031 3676,3026 3449,3026 3439,3036 3439,3051 3434,3056 3389,3056 3389,3071 3384,3076 3268,3076 3263,3081 3177,3081 3172,3076 3122,3076 3117,3071 3117,3031 3101,3031 3096,3026 2945,3026 2940,3031 2940,3071 2935,3076 2424,3076 2422,3074 2422,3073 2421,3072 2421,3071 2420,3070 2420,3069 2419,3068 2419,3067 2418,3066 2418,3065 2416,3063 2416,3062 2415,3061 2415,3060 2414,3059 2414,3058 2413,3057 2413,3056 2412,3055 2412,3054 2410,3052 2410,3051 2409,3050 2409,3049 2408,3048 2408,3047 2407,3046 2407,3045 2406,3044 2406,3043 2405,3042 2405,3041 2403,3039 2403,3038 2402,3037 2402,3036 2401,3035 2401,3034 2400,3033 2400,3032 2399,3031 2399,3030 2397,3028 2397,3027 2396,3026 2396,3025 2395,3024 2395,3023 2394,3022 2394,3021 2393,3020 2393,3019 2391,3017 2391,3016 2390,3015 2390,3014 2389,3013 2389,3012 2388,3011 2388,3010 2387,3009 2387,3008 2385,3006 2385,3005 2384,3004 2384,3003 2383,3002 2383,3001 2382,3000 2382,2999 2381,2998 2381,2997 2380,2996 2380,2995 2378,2993 2378,2992 2377,2991 2377,2990 2376,2989 2376,2988 2375,2987 2375,2986 2374,2985 2374,2984 2372,2982 2372,2981 2371,2980 2371,2979 2370,2978 2370,2977 2369,2976 2369,2975 2368,2974 2368,2973 2366,2971 2366,2970 2365,2969 2365,2968 2364,2967 2364,2966 2363,2965 2363,2964 2362,2963 2362,2962 2361,2961 2361,2960 2359,2958 2359,2957 2358,2956 2358,2955 2357,2954 2357,2953 2356,2952 2356,2951 2357,2950 2577,2950 2582,2955 2728,2955 2733,2950 2769,2950 2774,2955 2774,3001 2930,3001 2932,2999 2932,2998 2935,2995 2935,2985 2945,2975 2945,2960 2950,2955 3066,2955 3071,2950 3101,2950 3106,2955 3671,2955 3676,2960 3888,2960 3893,2955 3898,2955 3898,2885 3895,2882 3895,2881 3893,2879 3848,2879 3843,2874 3843,2849 3838,2844 3833,2844 3828,2839 3772,2839 3767,2834 3767,2799 3762,2794 3762,2789 3545,2789 3545,2829 3540,2834 3444,2834 3439,2829 3439,2799 3434,2799 3429,2794 3429,2789 3207,2789 3207,2829 3202,2834 2950,2834 2945,2829 2945,2784 2784,2784 2784,2829 2779,2834 2758,2834 2753,2829 2753,2784 2587,2784 2582,2779 2437,2779 2436,2778 2439,2775 2440,2775 2444,2771 2445,2771 2450,2766 2451,2766 2455,2762 2456,2762 2461,2757 2462,2757 2466,2753 2467,2753 2472,2748 2473,2748 2477,2744 2478,2744 2483,2739 2484,2739 2488,2735 2489,2735 2494,2730 2495,2730 2499,2726 2500,2726 2504,2722 2505,2722 2510,2717 2511,2717 2515,2713 2592,2713 2597,2718 2597,2723 2748,2723 2748,2718 2753,2713 2814,2713 2819,2718 2819,2723 3101,2723 3106,2728 3233,2728 3238,2733 3238,2769 3243,2774 3596,2774 3601,2769 3611,2769 3611,2763 3616,2758 3616,2733 3621,2728 3903,2728 3908,2723 3908,2663 3898,2653 3898,2652 3888,2642 3888,2607 3883,2607 3878,2602 3878,2582 3873,2582 3868,2577 3868,2567 3858,2557 3707,2557 3702,2562 3702,2592 3697,2597 3570,2597 3565,2602 3137,2602 3132,2597 3011,2597 3006,2592 3006,2557 3001,2552 2834,2552 2834,2592 2829,2597 2718,2597 2713,2592 2713,2552 2708,2547 2708,2542 2493,2542 2487,2536 2486,2536 2480,2530 2479,2530 2473,2524 2472,2524 2465,2517 2464,2517 2458,2511 2457,2511 2451,2505 2450,2505 2443,2498 2442,2498 2436,2492 2435,2492 2429,2486 2428,2486 2424,2482 2425,2481 2511,2481 2516,2486 2516,2526 2663,2526 2678,2511 2678,2501 2683,2496 2683,2486 2688,2481 2940,2481 2945,2486 3248,2486 3253,2491 3253,2537 3434,2537 3434,2496 3439,2491 3888,2491 3893,2486 3898,2486 3908,2476 3908,2410 3903,2405 3903,2370 3898,2365 3898,2360 3893,2360 3883,2350 3838,2350 3833,2345 3833,2325 3828,2320 3681,2320 3676,2325 3676,2360 3671,2365 3354,2365 3349,2370 3313,2370 3308,2365 3228,2365 3225,2362 3224,2362 3222,2360 3222,2320 3217,2320 3212,2315 2814,2315 2809,2320 2809,2355 2804,2360 2799,2355 2799,2340 2688,2340 2683,2335 2683,2315 2481,2315 2476,2310 2376,2310 2375,2309 2377,2307 2377,2306 2379,2304 2379,2303 2380,2302 2380,2301 2382,2299 2382,2298 2384,2296 2384,2295 2386,2293 2386,2292 2387,2291 2387,2290 2389,2288 2389,2287 2391,2285 2391,2284 2393,2282 2393,2281 2394,2280 2394,2279 2396,2277 2396,2276 2398,2274 2398,2273 2400,2271 2400,2270 2401,2269 2401,2268 2403,2266 2403,2265 2405,2263 2405,2262 2406,2261 2406,2260 2408,2258 2408,2257 2410,2255 2410,2254 2412,2252 2412,2251 2413,2250 2413,2249 2415,2247 2415,2246 2417,2244 2417,2243 2419,2241 2419,2240 2420,2239 2466,2239 2471,2244 2471,2284 2647,2284 2649,2282 2650,2282 2653,2279 2653,2244 2658,2239 2738,2239 2743,2244 2743,2284 2895,2284 2900,2279 2900,2269 2910,2259 2910,2244 2915,2239 2960,2239 2965,2244 3323,2244 3328,2249 3893,2249 3898,2244 3903,2244 3908,2239 3913,2239 3913,2178 3908,2173 3908,2143 3903,2138 3903,2133 3898,2128 3838,2128 3833,2123 3833,2093 3828,2088 3828,2078 3656,2078 3656,2123 3651,2128 3591,2128 3586,2123 3273,2123 3268,2118 3268,2083 3263,2078 3096,2078 3091,2083 3091,2118 3086,2123 3076,2123 3071,2118 3071,2083 3066,2078 3066,2077 3061,2072 2900,2072 2897,2075 2897,2076 2895,2078 2895,2118 2890,2123 2879,2123 2869,2133 2869,2138 2864,2143 2864,2153 2859,2158 2839,2158 2834,2153 2834,2118 2824,2118 2819,2113 2819,2103 2814,2098 2663,2098 2658,2103 2658,2113 2653,2118 2516,2118 2511,2113 2511,2072 2505,2066 2505,2065 2506,2064 2506,2062 2507,2061 2507,2060 2508,2059 2508,2057 2509,2056 2509,2054 2510,2053 2510,2051 2511,2050 2511,2049 2512,2048 2512,2046 2513,2045 2513,2043 2514,2042 2514,2041 2515,2040 2515,2038 2516,2037 2516,2035 2517,2034 2517,2032 2518,2031 2518,2030 2519,2029 2519,2027 2520,2026 2520,2024 2521,2023 2521,2021 2522,2020 2522,2019 2523,2018 2523,2016 2524,2015 2524,2013 2525,2012 2525,2011 2526,2010 2526,2008 2527,2007 2527,2005 2528,2004 2528,2003 2529,2002 2663,2002 2668,2007 2668,2042 2824,2042 2824,2037 2834,2027 2834,2022 2839,2017 2839,2007 2844,2002 2885,2002 2890,2007 3384,2007 3389,2012 3535,2012 3540,2007 3576,2007 3581,2012 3717,2012 3722,2017 3722,2052 3878,2052 3893,2037 3893,2027 3898,2022 3898,2017 3908,2007 3908,1946 3898,1946 3893,1941 3893,1936 3888,1931 3828,1931 3823,1926 3823,1891 3813,1891 3808,1886 3808,1876 3805,1873 3804,1873 3802,1871 3762,1871 3757,1866 3757,1846 3754,1843 3754,1842 3752,1840 3601,1840 3601,1881 3596,1886 3233,1886 3228,1881 3167,1881 3162,1876 3162,1846 3159,1843 3159,1842 3157,1840 2985,1840 2985,1861 2980,1866 2885,1866 2885,1876 2882,1879 2881,1879 2879,1881 2819,1881 2804,1896 2804,1906 2794,1916 2763,1916 2758,1911 2758,1881 2753,1881 2748,1876 2592,1876 2587,1871 2587,1835 2582,1830 2448,1830 2444,1826 2443,1826 2439,1822 2438,1822 2434,1818 2433,1818 2429,1814 2428,1814 2424,1810 2423,1810 2419,1806 2420,1805 2486,1805 2491,1800 2491,1795 2496,1790 2496,1780 2501,1775 2501,1765 2506,1760 2627,1760 2632,1765 2632,1805 2779,1805 2794,1790 2794,1785 2799,1780 2799,1770 2809,1760 2900,1760 2905,1765 3233,1765 3238,1770 3576,1770 3581,1775 3908,1775 3908,1709 3903,1704 3903,1694 3898,1694 3893,1689 3893,1659 3888,1654 3888,1649 3676,1649 3671,1644 3671,1603 3444,1603 3444,1639 3439,1644 3177,1644 3172,1639 3172,1598 2769,1598 2769,1654 2779,1654 2784,1659 2784,1679 2779,1684 2723,1684 2718,1679 2718,1639 2708,1639 2703,1634 2703,1624 2658,1624 2653,1619 2653,1598 2648,1593 2647,1593 2642,1588 2491,1588 2491,1629 2486,1634 2284,1634 2279,1629 2279,1593 2275,1589 2275,1585 2276,1584 2276,1580 2277,1579 2277,1574 2278,1573 2278,1569 2279,1568 2279,1564 2280,1563 2446,1563 2451,1558 2461,1558 2471,1548 2471,1523 2476,1518 2526,1518 2531,1523 2960,1523 2965,1528 2965,1573 2990,1573 2995,1578 3142,1578 3147,1573 3147,1533 3152,1528 3172,1528 3177,1533 3177,1548 3323,1548 3323,1533 3328,1528 3344,1528 3349,1533 3843,1533 3843,1518 3848,1513 3908,1513 3908,1442 3873,1442 3868,1437 3868,1366 3560,1366 3560,1402 3555,1407 3444,1407 3439,1402 3439,1366 3434,1361 3268,1361 3263,1366 3263,1402 3258,1407 3238,1407 3233,1402 3086,1402 3081,1407 3036,1407 3031,1402 3031,1366 3026,1361 2905,1361 2900,1356 2537,1356 2534,1359 2533,1359 2531,1361 2531,1392 2526,1397 2441,1397 2436,1392 2315,1392 2314,1391 2314,1387 2315,1386 2315,1382 2316,1381 2316,1377 2317,1376 2317,1372 2318,1371 2318,1367 2319,1366 2319,1361 2320,1360 2320,1356 2321,1355 2321,1351 2322,1350 2322,1346 2323,1345 2323,1341 2324,1340 2324,1336 2325,1335 2325,1331 2326,1330 2326,1326 2327,1325 2327,1323 2326,1322 2325,1323 2325,1325 2324,1326 2324,1330 2323,1331 2323,1335 2322,1336 2322,1340 2321,1341 2321,1345 2320,1346 2320,1350 2319,1351 2319,1356 2318,1357 2318,1361 2317,1362 2317,1366 2316,1367 2316,1371 2315,1372 2315,1376 2314,1377 2314,1381 2313,1382 2313,1386 2312,1387 2312,1391 2311,1392 2289,1392 2284,1387 2284,1376 2128,1376 2128,1381 2125,1384 2125,1385 2123,1387 1921,1387 1918,1384 1918,1383 1916,1381 1916,1346 1911,1341 1745,1341 1740,1346 1740,1381 1737,1384 1737,1385 1735,1387 1614,1387 1608,1381 1608,1371 1603,1366 1578,1366 1568,1356 1568,1351 1563,1346 1563,1341 1417,1341 1412,1336 1412,1316 1422,1306 1427,1306 1432,1301 1437,1301 1437,1296 1442,1291 1442,1281 1452,1271 2007,1271 2012,1276 2264,1276 2269,1281 2415,1281 2417,1279 2418,1279 2421,1276 2436,1276 2441,1281 2713,1281 2718,1286 2950,1286 2955,1291 3182,1291 3187,1296 3187,1341 3338,1341 3340,1339 3341,1339 3344,1336 3344,1331 3349,1326 3349,1321 3354,1316 3354,1311 3359,1306 3364,1306 3364,1301 3369,1296 3505,1296 3510,1301 3747,1301 3752,1306 3903,1306 3908,1301 3908,1245 3903,1240 3903,1230 3898,1225 3898,1185 3893,1180 3823,1180 3818,1175 3818,1139 3808,1129 3545,1129 3545,1175 3540,1180 3480,1180 3470,1170 3313,1170 3308,1175 3298,1175 3293,1170 3036,1170 3031,1165 2612,1165 2607,1160 2607,1155 2451,1155 2451,1160 2446,1165 2436,1165 2431,1160 2431,1114 2426,1109 2249,1109 2244,1104 2153,1104 2148,1099 1997,1099 1992,1104 1936,1104 1931,1099 1730,1099 1727,1102 1726,1102 1724,1104 1724,1139 1719,1144 1689,1144 1684,1139 1684,1104 1679,1099 1371,1099 1366,1104 1366,1144 1361,1149 1356,1144 1296,1144 1291,1139 1291,1104 1286,1099"/><TextEquiv><Unicode/></TextEquiv><TextLine id="r1_l001"><Coords points="1008,1117 3841,1135 3840,1317 1007,1298"/><TextEquiv index="1"><Unicode>tude, loin d'affaiblir son amour, sembla</Unicode></TextEquiv></TextLine><TextLine id="r1_l002"><Coords points="1004,1355 3841,1374 3840,1559 1003,1540"/><TextEquiv index="1"><Unicode>l'accrotre davantage. Irrit par les dif-</Unicode></TextEquiv></TextLine><TextLine id="r1_l003"><Coords points="1009,1597 3841,1615 3840,1790 1008,1772"/><TextEquiv index="1"><Unicode>ficults qu'il prvoyait, Flix se livra</Unicode></TextEquiv></TextLine><TextLine id="r1_l004"><Coords points="1004,1840 3842,1859 3841,2033 1003,2014"/><TextEquiv index="1"><Unicode>sans rserve  sa passion, et la nourrit,</Unicode></TextEquiv></TextLine><TextLine id="r1_l005"><Coords points="1003,2078 3846,2097 3845,2269 1002,2250"/><TextEquiv index="1"><Unicode>le plus souvent qu'il put, de la vue de</Unicode></TextEquiv></TextLine><TextLine id="r1_l006"><Coords points="1009,2324 3842,2342 3840,2515 1007,2497"/><TextEquiv index="1"><Unicode>celle qui en tait l'objet. Flix pressait</Unicode></TextEquiv></TextLine><TextLine id="r1_l007"><Coords points="998,2557 3841,2576 3840,2751 997,2732"/><TextEquiv index="1"><Unicode>souvent son ami de faire des voyages </Unicode></TextEquiv></TextLine><TextLine id="r1_l008"><Coords points="1009,2786 3831,2804 3830,2984 1007,2966"/><TextEquiv index="1"><Unicode>Chartres, pour y voir la jeune Roselle.</Unicode></TextEquiv></TextLine><TextLine id="r1_l009"><Coords points="1004,3036 3846,3054 3845,3225 1003,3207"/><TextEquiv index="1"><Unicode>Briceval, sans souponner le motif de</Unicode></TextEquiv></TextLine><TextLine id="r1_l010"><Coords points="998,3278 3836,3297 3835,3470 997,3451"/><TextEquiv index="1"><Unicode>son ami, y consentait, et chaque en-</Unicode></TextEquiv></TextLine><TextLine id="r1_l011"><Coords points="1004,3514 3847,3532 3846,3702 1003,3684"/><TextEquiv index="1"><Unicode>trevue augmentait la tendresse des deux</Unicode></TextEquiv></TextLine><TextLine id="r1_l012"><Coords points="993,3751 3841,3770 3840,3944 992,3925"/><TextEquiv index="1"><Unicode>amans, qui s'entendaient trs-bien sans</Unicode></TextEquiv></TextLine><TextLine id="r1_l013"><Coords points="993,3990 3847,4009 3845,4182 992,4163"/><TextEquiv index="1"><Unicode>s'tre jamais communiqu leurs mutuels</Unicode></TextEquiv></TextLine><TextLine id="r1_l014"><Coords points="998,4233 1729,4237 1728,4367 997,4362"/><TextEquiv index="1"><Unicode>sentimens.</Unicode></TextEquiv></TextLine><TextLine id="r1_l015"><Coords points="1156,4465 3821,4482 3819,4651 1154,4634"/><TextEquiv index="1"><Unicode>Flix tait vif, tourdi, entrepre-</Unicode></TextEquiv></TextLine><TextLine id="r1_l016"><Coords points="1004,4695 3836,4713 3835,4888 1003,4870"/><TextEquiv index="1"><Unicode>nant; il voulut  tout prix obtenir celle</Unicode></TextEquiv></TextLine><TextLine id="r1_l017"><Coords points="899,4927 3846,4946 3845,5125 897,5106"/><TextEquiv index="1"><Unicode>qu'il aimait, et l'excs de la passion le</Unicode></TextEquiv></TextLine><TextLine id="r1_l018"><Coords points="993,5168 3831,5187 3830,5367 992,5348"/><TextEquiv index="1"><Unicode>rendit coupable envers l'amiti. Madame</Unicode></TextEquiv></TextLine><TextLine id="r1_l019"><Coords points="997,5407 3825,5425 3824,5602 996,5584"/><TextEquiv index="1"><Unicode>Robert, chez laquelle Roselle tait leve,</Unicode></TextEquiv></TextLine><TextLine id="r1_l020"><Coords points="1004,5647 3846,5665 3845,5836 1003,5818"/><TextEquiv index="1"><Unicode>tait une de ces femmes sans principes</Unicode></TextEquiv></TextLine><TextLine id="r1_l021"><Coords points="1004,5883 3857,5901 3856,6034 1003,6016"/><TextEquiv index="1"><Unicode>comme sans dlicatesse. Elle n'aimait</Unicode></TextEquiv></TextLine><TextLine id="r1_l022"><Coords points="1009,6119 3836,6137 3834,6323 1008,6305"/><TextEquiv index="1"><Unicode>point Roselle,  qui elle trouvait mille</Unicode></TextEquiv></TextLine></TextRegion><TextRegion id="r2" type="page-number" orientation="-0.0"><Coords points="2178,872 2173,877 2168,877 2163,882 2163,887 2158,892 2153,892 2153,902 2148,907 2148,917 2143,923 2143,938 2138,943 2138,1028 2143,1033 2143,1049 2153,1059 2153,1064 2163,1074 2163,1079 2168,1084 2320,1084 2320,1049 2325,1044 2506,1044 2511,1049 2511,1084 2516,1089 2516,1094 2663,1094 2663,1089 2683,1069 2683,1064 2693,1054 2693,1044 2698,1039 2703,1039 2703,938 2698,938 2693,933 2693,902 2673,882 2511,882 2511,923 2506,928 2491,928 2486,923 2486,892 2481,887 2481,882 2476,882 2466,872"/><TextEquiv><Unicode/></TextEquiv><TextLine id="r2_l001"><Coords points="2212,899 2633,899 2633,1067 2212,1067"/><TextEquiv index="1"><Unicode>m8).</Unicode></TextEquiv></TextLine></TextRegion></Page></PcGts>