4266 8070
2333 962 2753 1124 .
1129 1192 3929 1365 n, j'adore mademoiselle Roselle: je suis
1123 1439 3940 1607 prt  l'pouser en secret pour le mo-
1118 1671 3935 1845 ment; car je n'obtiendrai qu' la longue
1113 1906 3941 2085 le consentement de mon pre; mais je
1118 2132 3929 2305 l'obtiendrai. J'ai,  Paris, une tante
1129 2374 3935 2537 qui me chrit; c'est dans cette maison
1118 2605 3935 2793 respectable que je conduis sur-le-champ
1124 2845 3930 3023 votre belle pensionnaire, si vous y con-
1123 3126 1581 3217 sentez.
1287 3323 3936 3454 La Robert fait des dificults. Une
1123 3561 3929 3724 somme d'or la dcide, et cette femme
1119 3799 3936 3979 mprisable se ligue avec un insens pour
1118 4040 3919 4218 plonger l'innocence dans un pige affreux.
1114 4275 3936 4451 On fait descendre Roselle. On lui dit que
1118 4504 3930 4691 son frre l'envoie chercher; on lui laisse
1113 4749 3924 4933 peine le tems de faire ses prparatifs
1113 4991 3929 5163 de voyage; et la jeune Roselle, sans m-
1108 5225 3930 5400 fiance, comme sans exprience, ajoute
1113 5463 3925 5640 foi au mensonge qu'on lui fait. Une
1108 5704 3929 5879 chaise de poste est  la porte; elle v
1102 5930 3920 6112 monte, aprs avoir embrass la perfide
1102 6172 3925 6346 Robert, et la voil seule, en tte -  - tte
