4266 7968
2685 6351 2779 6465 ma
297 1134 3373 1368 avec un tranger,  la merci de cet
295 1380 2318 1596 amant ardent et passionn.
657 1627 3370 1838 Je ne te dirai point, Jeannette, de
292 1855 3368 2071 quels divers sentimens je us agite, quand
290 2093 3367 2318 je me trouvai seule avec Flix; car c'est
289 2318 3366 2539 moi qui suis cette infortune Roselle
287 2557 3364 2772 qui cette dmarche prparait tant de
286 2782 3363 3008 malheurs! La voiture nous amena en
285 3019 3361 3242 un jour jusqu' Paris, ville que je n'avais
283 3254 3359 3506 jamais vue, eto je ne croyais pas trouver
282 3485 3358 3709 mon frre, sachant qu'il tait d'un autre
280 3727 3356 3947 ct. J'en is l'observation  Flix, qui me
279 3960 3355 4181 rpondit: Cela est vrai.... Il est ailleurs
277 4195 3353 4429 pour le moment; mais il nous rejoindra,
275 4441 3352 4656 mademoiselle; il est sr qu'il nous re-
274 4674 1535 4919 joindra  Paris.
625 4906 3349 5125 Flix ne pensait gures sans donte
271 5146 3347 5362 qu'il lisait si bien dans l'avenir. Je fus
269 5366 3346 5601 ort tonne, quand Flix prit un do-
267 5613 3344 5808 micile dans Paris, de voir qu'il m'y
3167 5774 3343 5876 L
266 5808 3342 6069 faisait passer pour sa sur: je voulus
265 6083 3341 6323 parler; il me dit tout bas: Ce soir, ma-
