4266 7968
1607 964 2017 1125 .
428 1180 3220 1370 excuser. -- Non la séduction, ni un en-
424 1390 3214 1577 lèvement. -- Roselle! -- Mon frère! ah
433 1655 3225 1855 ciel, que va-t-il penser de moi! -- Rien
433 1889 3231 2089 que d'avantageux pour nous deux. Dès
428 2122 3230 2317 que vous aurez consenti à me donner la
428 2354 3231 2558 main, je vous présenterai à Briceval
434 2588 3230 2795 comme mon épouse: il est mon ami, il
433 2828 3241 3022 ratifiera ce doux nœud. -- Pourquoi ne
440 3060 3235 3262 lui avez-vous pas demandé son aveu? il
439 3289 3236 3491 avait donc des raisons pour ne pas le don-
440 3528 3235 3727 ner? -- Aucune; de sa part il n'y a rien
450 3763 3473 3944 à craindre; mais, Roselle, j'ai un père vain
3250 3891 3462 3995 L
445 3994 3265 4164 et ambitieux... Briceval aurait craint....
444 4233 3240 4428 Roselle, votre main, et nous mettrons à
450 4473 2821 4668 la raison et mon père et mon ami!
611 4700 3251 4902 “Je ne l'écoutai plus; je plaurai, je l'ac-
454 4942 3236 5143 cusai, je voulus sortir, retourner à Char-
455 5166 3252 5363 tres.... Mais, Jeannette, te l'avouerai-je?
455 5400 3251 5601 l'amour parlait à mon cœur en faveur du
460 5640 3250 5831 perfide; il prenait sa défense, et me fai-
465 5864 3251 6069 sait sentir que de tous les malheurs qui
