4266 8110
986 1172 3999 1395 pouvaient m'arriver, celui de le uir, de
986 1309 1119 1407 L
984 1405 3998 1628 me sparer de lui tait le plus doulou-
982 1637 3996 1870 reux .... Je pleurai toujours; je ne cdai
980 1874 3993 2093 point, mais je restai. Pour abrger, Jean-
978 2116 3992 2340 nette, tu sauras que des amis, une bonne
976 2349 3989 2613 parente qu'il avait  Paris, les larmes,
973 2598 3987 2815 les prires, tout flchit ma rsistance, et
971 2829 3985 3095 j'eus la faiblesse de contracter avec lui un
970 3068 2250 3276 hymen secret!...
968 3297 3981 3527 Cependant Briceval, ne recevant point
965 3551 3979 3757 de lettres de son ami, qu'il supposait
963 3774 3977 4007 bien loin, ni de moi qu'il croyait toujours
961 4021 3975 4244 chez madame Robert, courut  Char-
959 4244 3973 4477 tres, et resta fort tonn d'apprendre que
957 4450 3971 4721 Flix tait venu me chercher en son nont.
955 4719 3969 4952 Briceval fit les reproches les plus svres
953 4984 3966 5184 la Robert, qui, jouant parfaitement la
951 5196 3965 5429 surprise, s'excusa de sa complaisance
949 5436 3963 5663 sur l'amiti qui liait Flix  Briceval,
946 5678 3960 5877 amiti qui ne lui avait donn aucun soun-
945 5919 3958 6114 con sur les intentions du premier -- O
