4266 8086
504 1214 3183 1403 Jeannette s'interrompt: Dascourt, ma
336 1448 3188 1644 mère, est le nom que mademoiselle d'E-
341 1689 3188 1884 ranville avait pris dans cette maison, pour
335 1927 3178 2121 ne pas compromettre celui de sa famille,
341 2170 2588 2361 livré à l'indigence: poursuivons.
498 2404 3188 2548 “Avec mademoiselle Dascourt. Excu-
336 2642 3236 2832 “sez-moi si j'ai le courage de vous affliger
337 2882 3188 3068 “en vous apprenant un événement af-
336 3118 3193 3308 “freux.... Votre amie.... Elle n'a pu ni re-
336 3358 3188 3538 “cevoir, ni lire une seule de vos deux let-
336 3593 3193 3784 “tres. Le jour même de votre départ ... que
330 3828 3188 4017 “dis-je? c'étaitle soir, un exempt est venu,
325 4057 3193 4249 “chargé d'un ordre pour enlever mademoi
325 4296 3188 4489 “selle Dascourt, pour la conduire dans une
330 4536 3188 4729 “prison d'état. L'exempt et sa suite me
336 4774 3151 4956 “l'ont ravie, mademoiselle; ils l'ont arra
329 5014 3189 5209 “chée de mes bras.... J'ignore où ils l'ont
330 5250 3193 5450 “conduite. Bien loin sans doute; car ils
330 5478 3183 5672 “parlaient de cent lieues au moins .... Le
336 5715 3193 5923 “lendemain, j'ai voulu faire savoir cette
336 5961 3178 6158 “nouvelle à M. de Verneuil, votre ami;
335 6207 3182 6396 “mais il était parti pour le grand vovage
1541 989 1962 1157 O.
