4266 8110
2133 956 2698 1125 (o.
1011 1168 4002 1397 “qu'il méditait. Un incident avait pressé
1009 1394 4000 1620 “son départ: je n'ai pu trouver de défen-
1007 1629 3998 1864 “seurs à cette jeune personne, victime sans
1005 1870 3996 2104 “doute d'une erreur; car elle est si sage, si
1003 2101 3994 2332 “modeste! c'est un ange qu'on persécu-
1001 2340 3992 2569 “te! .... Pardon, mademoiselle, si j'ai pris
999 2577 3990 2800 “la liberté de décacheter votre dernière
997 2810 3988 3042 “lettre! mais je ne pouvais vous laisser
995 3043 3986 3276 “ignorer l'accident arrivé à votre amie, et
993 3277 3984 3510 “qui doit bien affecter votre sensibilité!
991 3542 3205 3748 “J'ai l'honneur d'être, etc.
1936 3907 3978 4105 Fare, veuve Auirt.“
1005 4243 3975 4472 Qu'on juge de l'état de Jeannette après
982 4486 3973 4715 la lecture de cette fatale lettre! Cécile
980 4725 3971 4950 enlevée par un exempt!... conduite on
978 4961 3969 5194 ne sait où!... et le jour même du départ
976 5201 3967 5430 de Jeannette! elle a quitté son amie au
974 5432 3965 5662 moment du malheur! .... Et qui la pour-
972 5675 3962 5905 suit donc? Pourquoi? Quels sont les bar-
970 5870 1786 6121 bares?....
990 6147 3959 6369 Jeannette se livre au désespoir, et veut
