4266 8070
2281 919 2845 1144 .
956 1165 3951 1368 portuns avaient dcouvert notre asile, et
1134 1392 3946 1596 se rencontraient l par hasard en mme
1134 1641 3951 1831 tems, serait entrer dans des dtails minu-
1129 1876 3941 2065 tieux, et que les probabilits des vne-
1134 2112 3951 2262 mens de la vie doivent te faire deviner.
1129 2353 3857 2538 Briceval entre donc, et je m'crie: Mo
1134 2588 3951 2774 frre! -- Son frre, reprend Roland D-
1133 2825 3931 3039 ricourt! quoi! c'est cette petite roturire?
1134 3062 3951 3268 qui la mre de monsieur a donn le jour!
1134 3302 3951 3491 -- Et cette femme serait notre sur,
1139 3542 3778 3746 ajoute Octave en cumant de rage!....
1297 3780 3899 3966 Flix reste ananti, tant de l'impru
1138 4019 3915 4207 dence de ses frres, que de l'aspect impr
1129 4257 3909 4447 vu de son ami, qu'il a trahi. Briceval re
1133 4495 3902 4677 connat les frres de Flix; il les fixe ave
1129 4739 3899 4941 indignation; puis se retournant vers F
1118 4976 3952 5166 lix, il lui dit avec douceur: Est-elle en
1123 5210 3862 5401 effet ton pouse? -- Elle l'est, rpon
1123 5448 3893 5627 timidement Flix. -- Eh bien, j'ap
1128 5681 3899 5896 prouve ces nuds, reprend Briceval, e
1129 5918 3888 6121 je les soutiendrai contre tous les insolen
1129 6157 3898 6341 qui oseront y trouver  redire! -- Sor
