4266 7901
251 1093 3018 1279 tons, mon frère, interrompt Octave; lais-
251 1331 3012 1514 sons ces gens s'enorgueillir du déshon-
251 1562 1953 1692 neur de notre famille!....
421 1788 3028 1964 “Ils sortent, et Briceval, les suivant jus-
261 2026 3022 2201 que sur l'escalier, leur crie: Je vous re-
256 2259 1712 2424 trouverai, messieurs!
415 2493 3027 2689 “Briceval, seul avec nous, nous adresse
266 2723 3032 2904 d'abord de justes reproches; mais il se
266 2957 3033 3130 calme enfin: Eh comment, nous dit-il,
266 3188 3037 3364 comment, ingrats que vous êtes, n'avez-
261 3415 3043 3593 vous pas eu assez de confiance en moi
266 3649 3048 3819 pour me révéler votre secret? croyez-vous
277 3877 3047 4058 que je n'eusse pas consenti à votre bon-
278 4106 3048 4285 heur? et ne savez - vous pas que moi-
282 4353 3048 4512 même j'ai été sensible à l'amour?... Ap-
282 4584 3052 4749 prenez que je suis comme vous, mais en
278 4802 3136 4994 secret aussi, époux et père? Oui, j'ai un
283 5037 3064 5224 fils de deux ans, et j'ai épousé une femme
288 5274 3069 5452 charmante, mais dont la naissance est
287 5510 3069 5695 bien plus obscure que celle de Roselle. Tu
293 5743 3069 5927 me regardes, Félix; et tu as peine à croire,
297 5983 3068 6157 toi qui me quittais rarement, qui vova-
1345 886 1901 1080 h.
