4266 8011
2271 815 2819 1035 Le.
1011 1057 4085 1319 geais avec moi, que j'aie pu, pendant ce
1013 1299 4087 1515 tems, filer une intrigue? Flix, le mme
1014 1529 4088 1729 priug qui t'engageait  me cacher ton
1015 1770 4089 1987 amour pour ma sur, me forait au si-
1017 2002 4092 2227 lence avec toi; nos curs taient dignes
1019 2255 3964 2453 de s'entendre, mais ils se taisaient!...
1020 2432 4095 2701 Venez donc dans mes bras, couple heu-
1021 2713 4096 2930 reux et que j'aime; venez embrasser un
1023 2930 4097 3177 homme qui est plus encore votre ami que
1025 3203 2133 3405 votre frre!...
1035 3415 4101 3637 Nous serrons contre nos deux curs ce
1028 3645 4102 3932 gnreux parent; et notre bonheur n'est
1029 3888 4103 4133 troubl que par les terreurs de Flix  la
1031 4099 4105 4362 seule ide que son pre est  Paris. Il
1032 4352 4106 4591 ignore son adresse; ses frres sont partis
1034 4595 4108 4836 sans la lui donner: s'il savait o trouver
1036 4832 4110 5077 ce pre irrit, il irait se prcipiter  ses
1037 5070 4111 5357 pieds; il tcherait d'obtenir son pardon:
1039 5314 4113 5553 mais o est - il? ... Circonvenu par Oc-
1040 5540 4115 5791 tave et Roland, il est capable de se porter
1042 5801 4116 6031 aux dernires extrmits envers Flix,
1043 6039 4117 6248 qu'il n'a jamais aim: quelle situation!..
3473 6216 4119 6431 Briceval
