4266 7746
351 1031 3317 1269 avait mis sa fille dans l'excès de son
354 1270 3320 1496 désespoir: il pensait sans doute que je
357 1457 3323 1731 connaissais son asile par Ferrand qu'il
360 1725 3326 1922 présumait toujours près de moi; mais ce
361 1901 529 2007 I
363 1952 3329 2184 domestique avait disparu dès le jour de
366 2173 3332 2411 notre malheur, et j'étais plongée dans la
368 2395 3335 2672 plus cruelle ignorance sur le sort de mon
371 2633 3338 2853 enfant. Je répondis à Félix; mais ma
374 2853 3341 3083 lettre ne lui parvint point, et l'on poussa
377 3083 3344 3322 la cruauté jusqu'à intercepter toutes les
381 3315 3347 3557 siennes. Je fus avertie aussi qu'il y avait du
384 3553 3350 3798 danger pour moi à rester à Paris. Dès-lors,
387 3771 3353 4017 aidée d'une amie rare, qui avait quel-
389 4013 3356 4208 ques modiques rentes et un peu de terres
393 4237 3359 4479 dans la Picardie, je fus m'établir avec
396 4460 3362 4699 elle dans les environs d'Amiens. J'espé-
399 4679 3365 4934 rais obtenir un jour la liberté de mon
402 4914 3368 5169 époux, et je cherchais par-tout des protec-
405 5136 3371 5398 tions: mais l'innocence en trouve-t-elle?
408 5372 3374 5626 “Quatre années s'écoulèrent, au bout
411 5609 3377 5858 desquelles j'appris la mort du père de mon
413 5851 3380 6068 époux. Ce vieillard, depuis quelque-tems,
1634 837 2123 1004 a .
