<PcGts xmlns="http://schema.primaresearch.org/PAGE/gts/pagecontent/2017-07-15" xmlns:xsi="http://www.w3.org/2001/XMLSchema-instance" xsi:schemaLocation="http://schema.primaresearch.org/PAGE/gts/pagecontent/2017-07-15 http://schema.primaresearch.org/PAGE/gts/pagecontent/2017-07-15/pagecontent.xsd"><Metadata><Creator/><Created>2020-09-23T10:13:29</Created><LastChange>1970-01-01T00:00:00</LastChange><Comments/></Metadata><Page imageFilename="0107.png" imageHeight="7844" imageWidth="4266"><ReadingOrder><OrderedGroup id="g1"><RegionRefIndexed index="0" regionRef="r4"/><RegionRefIndexed index="1" regionRef="r1"/><RegionRefIndexed index="2" regionRef="r3"/></OrderedGroup></ReadingOrder><TextRegion id="r1" type="paragraph" orientation="-0.0"><Coords points="818,1147 813,1152 740,1152 740,1156 735,1161 735,1196 730,1201 632,1201 627,1206 583,1206 576,1213 575,1213 568,1220 568,1299 573,1304 578,1304 580,1306 581,1306 583,1308 588,1308 593,1313 735,1313 740,1318 902,1318 904,1316 904,1315 906,1313 921,1313 926,1318 926,1362 931,1367 1186,1367 1191,1362 1191,1318 1196,1313 1480,1313 1485,1318 1485,1357 1632,1357 1636,1353 1637,1353 1642,1348 1642,1338 1647,1333 1647,1318 1652,1313 1957,1313 1959,1315 1959,1316 1961,1318 1961,1319 1962,1320 1962,1321 1963,1322 1963,1323 1964,1324 1964,1325 1966,1327 1966,1328 1967,1329 1967,1330 1968,1331 1968,1332 1969,1333 1969,1334 1971,1336 1971,1337 1972,1338 1972,1339 1973,1340 1973,1341 1974,1342 1974,1343 1975,1344 1975,1345 1977,1347 1977,1348 1978,1349 1978,1350 1979,1351 1979,1352 1980,1353 1980,1354 1982,1356 1982,1357 1983,1358 1983,1359 1984,1360 1984,1361 1985,1362 1985,1363 1987,1365 1987,1366 1988,1367 1988,1368 1989,1369 1989,1370 1990,1371 1990,1372 1991,1373 1991,1374 1993,1376 1993,1377 1994,1378 1994,1379 1995,1380 1995,1381 1996,1382 1996,1383 1998,1385 1998,1386 1999,1387 1999,1388 2000,1389 2000,1390 2001,1391 2001,1392 2003,1394 2003,1395 2004,1396 2004,1397 2005,1398 2005,1399 2006,1400 2006,1401 2007,1402 2007,1403 2009,1405 2009,1406 2010,1407 2010,1408 2011,1409 2011,1410 2012,1411 2012,1412 2014,1414 2014,1415 2015,1416 2015,1417 2016,1418 2016,1419 2017,1420 2017,1421 2019,1423 2019,1424 2020,1425 2020,1426 2021,1427 2021,1428 2022,1429 2022,1430 2021,1431 2014,1431 2012,1429 2012,1428 2010,1426 2010,1416 1858,1416 1858,1426 1853,1431 1809,1431 1804,1436 1779,1436 1769,1426 1769,1416 1612,1416 1610,1418 1610,1419 1608,1421 1608,1426 1603,1431 1397,1431 1392,1426 1392,1421 1387,1416 1240,1416 1240,1426 1235,1431 1181,1431 1176,1436 1098,1436 1093,1431 1014,1431 1009,1426 1009,1397 1004,1392 1004,1391 1000,1387 853,1387 853,1431 848,1436 828,1436 823,1431 578,1431 573,1426 411,1426 406,1431 402,1431 402,1544 404,1546 404,1547 406,1549 549,1549 551,1547 551,1546 553,1544 750,1544 752,1546 752,1547 754,1549 754,1598 931,1598 931,1554 936,1549 1676,1549 1681,1554 1681,1588 1686,1593 1833,1593 1838,1588 1838,1583 1843,1578 1843,1568 1848,1563 1848,1554 1853,1549 2000,1549 2005,1554 2005,1559 2004,1560 2004,1562 2003,1563 2003,1565 2002,1566 2002,1567 2001,1568 2001,1570 2000,1571 2000,1572 1999,1573 1999,1575 1998,1576 1998,1578 1997,1579 1997,1580 1996,1581 1996,1583 1995,1584 1995,1586 1994,1587 1994,1588 1993,1589 1993,1591 1992,1592 1992,1593 1991,1594 1991,1596 1990,1597 1990,1599 1989,1600 1989,1601 1988,1602 1988,1604 1987,1605 1987,1606 1986,1607 1986,1609 1985,1610 1985,1612 1984,1613 1984,1614 1983,1615 1983,1617 1982,1618 1982,1620 1981,1621 1981,1622 1980,1623 1980,1625 1979,1626 1979,1627 1978,1628 1978,1630 1977,1631 1977,1633 1976,1634 1976,1635 1974,1637 1902,1637 1897,1642 1892,1642 1892,1661 1887,1666 1872,1666 1867,1661 1867,1617 1862,1612 1706,1612 1701,1617 1563,1617 1558,1622 1558,1647 1553,1652 1553,1653 1549,1657 1411,1657 1411,1661 1409,1663 1409,1664 1407,1666 1142,1666 1137,1661 1137,1647 1127,1647 1122,1642 980,1642 980,1652 975,1657 970,1652 970,1627 965,1622 965,1617 960,1612 808,1612 808,1617 806,1619 806,1620 804,1622 804,1652 799,1657 578,1657 573,1652 573,1647 568,1642 568,1637 406,1637 406,1652 404,1654 404,1655 402,1657 397,1657 397,1720 401,1724 401,1725 406,1730 406,1774 411,1779 1083,1779 1088,1774 1112,1774 1117,1779 1294,1779 1299,1784 1299,1828 1480,1828 1480,1784 1485,1779 1962,1779 1963,1780 1963,1800 1964,1801 1964,1866 1963,1867 1818,1867 1813,1872 1813,1882 1811,1884 1811,1885 1809,1887 1534,1887 1529,1892 1505,1892 1500,1887 1500,1848 1495,1843 1348,1843 1348,1882 1343,1887 902,1887 897,1892 892,1887 710,1887 705,1882 705,1853 703,1851 703,1850 701,1848 544,1848 539,1853 539,1877 534,1882 402,1882 397,1887 397,2010 544,2010 549,2005 588,2005 593,2010 1451,2010 1456,2005 1509,2005 1514,2010 1514,2054 1691,2054 1691,2014 1693,2012 1694,2012 1696,2010 1759,2010 1764,2005 1927,2005 1928,2006 1928,2007 1927,2008 1927,2009 1926,2010 1926,2011 1925,2012 1925,2013 1924,2014 1924,2015 1923,2016 1923,2017 1922,2018 1922,2019 1921,2020 1921,2021 1920,2022 1920,2023 1919,2024 1919,2026 1918,2027 1918,2028 1917,2029 1917,2030 1916,2031 1916,2032 1915,2033 1915,2034 1914,2035 1914,2036 1913,2037 1913,2038 1912,2039 1912,2040 1911,2041 1911,2042 1910,2043 1910,2044 1909,2045 1909,2046 1908,2047 1908,2048 1907,2049 1907,2050 1906,2051 1906,2053 1905,2054 1905,2055 1904,2056 1904,2057 1903,2058 1903,2059 1902,2060 1902,2061 1901,2062 1901,2063 1900,2064 1900,2065 1899,2066 1899,2067 1898,2068 1898,2069 1897,2070 1897,2071 1896,2072 1896,2073 1895,2074 1895,2075 1894,2076 1894,2078 1893,2079 1893,2080 1892,2081 1892,2082 1891,2083 1891,2084 1890,2085 1890,2086 1889,2087 1889,2088 1888,2089 1888,2090 1887,2091 1887,2092 1886,2093 1886,2094 1885,2095 1885,2096 1884,2097 1884,2098 1883,2099 1883,2100 1882,2101 1882,2103 1881,2104 1881,2105 1880,2106 1880,2107 1879,2108 1879,2109 1878,2110 1878,2111 1877,2112 1877,2113 1876,2114 1876,2115 1875,2116 1875,2117 1874,2118 1874,2119 1873,2120 1873,2121 1872,2122 1833,2122 1828,2117 1828,2078 1676,2078 1676,2098 1671,2103 1671,2117 1666,2122 1495,2122 1490,2117 1490,2078 1485,2073 1279,2073 1279,2112 1274,2117 1098,2117 1093,2112 1092,2112 1088,2108 1088,2103 1063,2078 892,2078 887,2083 882,2083 872,2093 867,2093 857,2103 857,2108 853,2112 853,2127 848,2132 848,2152 843,2157 764,2157 759,2152 759,2127 754,2127 749,2122 749,2121 745,2117 607,2117 605,2115 605,2114 603,2112 603,2073 431,2073 426,2078 421,2078 416,2083 416,2088 411,2093 411,2117 406,2122 397,2122 397,2235 402,2240 1367,2240 1372,2245 1372,2279 1377,2279 1382,2284 1387,2284 1392,2289 1554,2289 1556,2287 1556,2286 1558,2284 1573,2284 1583,2274 1583,2269 1588,2264 1588,2245 1593,2240 1701,2240 1706,2245 1706,2289 1768,2289 1769,2290 1769,2291 1767,2293 1767,2294 1765,2296 1765,2297 1763,2299 1763,2300 1761,2302 1761,2303 1760,2304 1760,2305 1758,2307 1758,2308 1756,2310 1756,2311 1754,2313 1754,2314 1752,2316 1752,2317 1750,2319 1750,2320 1749,2321 1749,2322 1747,2324 1747,2325 1745,2327 1745,2328 1743,2330 1743,2331 1741,2333 1741,2334 1740,2335 1740,2336 1738,2338 1738,2339 1736,2341 1736,2342 1734,2344 1734,2345 1732,2347 1732,2348 1730,2350 1730,2351 1728,2353 1676,2353 1671,2348 1451,2348 1446,2353 1372,2353 1367,2348 1367,2309 1201,2309 1201,2348 1196,2353 1181,2353 1176,2348 1176,2313 1174,2311 1173,2311 1171,2309 1078,2309 1073,2304 921,2304 916,2309 916,2343 911,2348 897,2348 892,2343 892,2304 720,2304 720,2343 715,2348 387,2348 387,2412 392,2412 394,2414 395,2414 397,2416 397,2431 402,2436 397,2441 397,2446 392,2451 387,2451 387,2510 389,2512 390,2512 392,2514 568,2514 568,2475 573,2470 705,2470 710,2465 911,2465 916,2470 1005,2470 1007,2472 1007,2473 1009,2475 1009,2510 1161,2510 1161,2505 1171,2495 1171,2475 1176,2470 1647,2470 1652,2475 1652,2514 1657,2519 1726,2519 1728,2521 1728,2525 1729,2526 1729,2529 1730,2530 1730,2533 1731,2534 1731,2537 1732,2538 1731,2539 1666,2539 1666,2573 1661,2578 1573,2578 1568,2573 1456,2573 1451,2568 1451,2564 1304,2564 1299,2559 1299,2539 1294,2534 1122,2534 1122,2573 1117,2578 916,2578 911,2583 902,2583 887,2598 887,2613 885,2615 884,2615 882,2617 880,2615 879,2615 877,2613 877,2593 872,2588 872,2583 867,2583 862,2578 813,2578 808,2573 808,2534 642,2534 642,2573 637,2578 411,2578 406,2583 402,2583 397,2588 397,2593 392,2598 392,2735 397,2735 402,2740 411,2740 416,2745 583,2745 588,2740 593,2740 603,2730 603,2696 605,2694 605,2693 607,2691 705,2691 710,2696 784,2696 789,2701 789,2735 882,2735 887,2740 892,2740 897,2745 1073,2745 1078,2740 1083,2740 1088,2735 1088,2730 1093,2725 1093,2696 1098,2691 1294,2691 1299,2696 1774,2696 1776,2698 1776,2700 1777,2701 1777,2703 1778,2704 1778,2706 1779,2707 1779,2710 1780,2711 1780,2713 1781,2714 1781,2716 1782,2717 1782,2719 1783,2720 1783,2722 1784,2723 1784,2725 1785,2726 1785,2729 1786,2730 1786,2732 1787,2733 1787,2735 1788,2736 1788,2738 1789,2739 1789,2741 1790,2742 1790,2744 1791,2745 1791,2747 1792,2748 1792,2751 1793,2752 1793,2754 1794,2755 1794,2757 1795,2758 1795,2760 1796,2761 1796,2763 1797,2764 1797,2766 1798,2767 1798,2770 1799,2771 1799,2773 1800,2774 1800,2776 1801,2777 1801,2779 1802,2780 1802,2782 1803,2783 1803,2785 1804,2786 1804,2788 1805,2789 1805,2792 1806,2793 1805,2794 1706,2794 1701,2789 1701,2769 1699,2767 1698,2767 1696,2765 1696,2760 1554,2760 1554,2765 1549,2770 1548,2770 1544,2774 1544,2809 1539,2814 1191,2814 1186,2809 1039,2809 1034,2814 980,2814 975,2809 882,2809 877,2804 877,2794 725,2794 725,2804 720,2809 588,2809 583,2804 441,2804 436,2809 402,2809 397,2814 396,2814 392,2818 392,2823 387,2828 387,2902 394,2909 395,2909 402,2916 416,2916 421,2921 421,2970 583,2970 585,2968 586,2968 588,2966 598,2966 598,2926 603,2921 926,2921 931,2926 931,2970 936,2975 1098,2975 1103,2970 1103,2931 1105,2929 1105,2928 1107,2926 1874,2926 1875,2927 1875,2928 1877,2930 1877,2931 1878,2932 1878,2933 1880,2935 1880,2936 1881,2937 1881,2938 1883,2940 1883,2941 1885,2943 1885,2944 1886,2945 1886,2946 1888,2948 1888,2949 1890,2951 1890,2952 1891,2953 1891,2954 1893,2956 1893,2957 1895,2959 1895,2960 1896,2961 1896,2962 1898,2964 1898,2965 1899,2966 1899,2967 1901,2969 1901,2970 1903,2972 1903,2973 1904,2974 1904,2975 1906,2977 1906,2978 1908,2980 1908,2981 1909,2982 1909,2983 1911,2985 1911,2986 1912,2987 1912,2988 1914,2990 1914,2991 1916,2993 1916,2994 1917,2995 1917,2996 1919,2998 1919,2999 1921,3001 1921,3002 1922,3003 1922,3004 1924,3006 1924,3007 1925,3008 1925,3009 1927,3011 1927,3012 1929,3014 1929,3015 1930,3016 1930,3017 1932,3019 1932,3020 1934,3022 1934,3023 1935,3024 1935,3025 1937,3027 1937,3028 1938,3029 1938,3030 1940,3032 1940,3033 1942,3035 1942,3036 1943,3037 1943,3038 1945,3040 1945,3041 1947,3043 1947,3044 1948,3045 1948,3046 1950,3048 1949,3049 1867,3049 1862,3044 1720,3044 1715,3049 1706,3049 1701,3044 1666,3044 1661,3039 1661,3000 1465,3000 1460,3005 1460,3059 1480,3059 1484,3063 1485,3063 1490,3068 1490,3073 1485,3078 1456,3078 1451,3083 1240,3083 1235,3078 1235,3059 1225,3049 1225,3044 1166,3044 1161,3039 1161,2995 960,2995 960,3039 955,3044 774,3044 769,3039 769,3024 671,3024 666,3019 666,2995 661,2990 514,2990 509,2995 509,3010 504,3015 397,3015 397,3019 392,3024 392,3034 387,3039 382,3039 382,3098 387,3098 392,3103 392,3152 558,3152 563,3157 1225,3157 1230,3162 1460,3162 1465,3167 1608,3167 1610,3165 1610,3164 1612,3162 1909,3162 1910,3163 1902,3171 1902,3172 1878,3196 1878,3197 1854,3221 1854,3222 1830,3246 1830,3247 1807,3270 1807,3271 1799,3279 1769,3279 1759,3269 1759,3260 1757,3258 1757,3257 1755,3255 1681,3255 1676,3250 1676,3230 1671,3230 1666,3225 1514,3225 1509,3230 1509,3269 1507,3271 1507,3272 1505,3274 1269,3274 1264,3279 1230,3279 1225,3274 1220,3274 1215,3269 1215,3255 1058,3255 1058,3269 1056,3271 1056,3272 1054,3274 916,3274 911,3269 911,3225 862,3225 857,3220 701,3220 701,3260 696,3265 607,3265 605,3263 605,3262 603,3260 603,3230 593,3220 534,3220 532,3218 531,3218 529,3216 387,3216 382,3221 381,3221 377,3225 377,3279 392,3279 397,3284 397,3314 395,3316 394,3316 392,3318 377,3318 377,3377 382,3382 593,3382 598,3387 745,3387 750,3382 752,3384 752,3385 754,3387 882,3387 887,3392 887,3431 1034,3431 1041,3424 1042,3424 1049,3417 1049,3402 1054,3397 1054,3392 1056,3390 1056,3389 1058,3387 1063,3392 1166,3392 1171,3397 1171,3436 1353,3436 1353,3397 1355,3395 1355,3394 1357,3392 1657,3392 1659,3394 1659,3395 1661,3397 1799,3397 1801,3399 1801,3400 1802,3401 1802,3402 1803,3403 1803,3404 1804,3405 1804,3407 1805,3408 1805,3409 1806,3410 1806,3411 1807,3412 1807,3413 1808,3414 1808,3416 1809,3417 1809,3418 1810,3419 1810,3420 1811,3421 1811,3422 1812,3423 1812,3425 1813,3426 1813,3427 1814,3428 1814,3429 1815,3430 1815,3431 1816,3432 1816,3434 1817,3435 1817,3436 1818,3437 1818,3438 1819,3439 1819,3440 1820,3441 1820,3443 1821,3444 1821,3445 1822,3446 1822,3447 1823,3448 1823,3449 1824,3450 1824,3452 1825,3453 1825,3454 1826,3455 1826,3456 1827,3457 1827,3459 1828,3460 1828,3461 1829,3462 1829,3463 1830,3464 1830,3465 1831,3466 1831,3468 1832,3469 1832,3470 1833,3471 1833,3472 1834,3473 1834,3474 1835,3475 1835,3477 1836,3478 1836,3479 1837,3480 1837,3481 1838,3482 1838,3483 1839,3484 1839,3486 1840,3487 1840,3488 1841,3489 1841,3490 1842,3491 1842,3492 1843,3493 1843,3495 1844,3496 1844,3497 1845,3498 1845,3499 1846,3500 1846,3501 1847,3502 1847,3504 1846,3505 1779,3505 1774,3510 1647,3510 1642,3505 1495,3505 1490,3500 1490,3466 1338,3466 1338,3500 1333,3505 1186,3505 1181,3500 1181,3485 1029,3485 1029,3495 1024,3500 955,3500 953,3498 953,3497 951,3495 951,3485 911,3485 906,3480 906,3479 902,3475 902,3470 900,3468 899,3468 897,3466 897,3461 892,3456 750,3456 745,3461 740,3461 740,3470 730,3480 691,3480 686,3475 686,3426 544,3426 544,3485 617,3485 622,3490 617,3495 372,3495 372,3559 377,3559 382,3564 382,3588 377,3593 372,3593 372,3657 553,3657 553,3622 555,3620 556,3620 558,3618 799,3618 801,3620 802,3620 804,3622 1367,3622 1372,3627 1372,3671 1554,3671 1554,3632 1556,3630 1556,3629 1558,3627 1885,3627 1886,3628 1886,3630 1887,3631 1887,3634 1888,3635 1888,3637 1889,3638 1889,3641 1890,3642 1890,3644 1891,3645 1891,3648 1892,3649 1892,3652 1893,3653 1893,3655 1894,3656 1894,3659 1895,3660 1895,3662 1896,3663 1896,3666 1897,3667 1897,3670 1898,3671 1898,3673 1899,3674 1899,3677 1900,3678 1900,3680 1901,3681 1901,3684 1902,3685 1902,3688 1903,3689 1903,3691 1904,3692 1904,3695 1905,3696 1905,3698 1906,3699 1906,3702 1907,3703 1907,3706 1908,3707 1908,3709 1909,3710 1909,3713 1910,3714 1910,3716 1911,3717 1911,3720 1912,3721 1912,3724 1913,3725 1913,3727 1914,3728 1914,3731 1915,3732 1915,3734 1916,3735 1916,3738 1917,3739 1916,3740 1657,3740 1652,3745 1642,3735 1475,3735 1470,3740 1313,3740 1308,3735 1142,3735 1137,3730 1137,3691 946,3691 941,3696 936,3696 936,3750 941,3755 955,3755 960,3760 960,3765 955,3770 750,3770 745,3765 745,3760 750,3755 750,3696 745,3691 593,3691 588,3696 588,3725 583,3730 549,3730 544,3725 544,3711 382,3711 382,3720 377,3725 372,3725 372,3789 377,3789 382,3794 382,3848 588,3848 593,3853 931,3853 936,3858 1480,3858 1485,3863 1549,3863 1554,3868 1554,3897 1556,3899 1556,3900 1558,3902 1701,3902 1708,3895 1708,3894 1715,3887 1715,3882 1720,3877 1720,3868 1725,3863 1904,3863 1905,3864 1905,3867 1904,3868 1904,3871 1903,3872 1903,3875 1902,3876 1902,3878 1901,3879 1901,3882 1900,3883 1900,3886 1899,3887 1899,3890 1898,3891 1898,3893 1897,3894 1897,3897 1896,3898 1896,3901 1895,3902 1895,3904 1894,3905 1894,3908 1893,3909 1893,3912 1892,3913 1892,3916 1891,3917 1891,3919 1890,3920 1890,3923 1889,3924 1889,3927 1888,3928 1888,3931 1887,3932 1887,3934 1886,3935 1886,3938 1885,3939 1885,3942 1884,3943 1884,3945 1883,3946 1883,3949 1882,3950 1882,3953 1881,3954 1881,3957 1880,3958 1880,3960 1879,3961 1879,3964 1878,3965 1878,3968 1877,3969 1877,3970 1876,3971 1460,3971 1458,3969 1458,3968 1456,3966 1456,3926 1454,3924 1453,3924 1451,3922 1304,3922 1304,3946 1299,3951 1294,3951 1289,3946 1289,3922 1137,3922 1135,3924 1134,3924 1132,3926 1132,3956 1127,3961 1049,3961 1044,3966 1044,3995 1039,4000 1034,4000 1029,3995 1029,3966 1024,3961 735,3961 730,3956 593,3956 588,3951 588,3917 578,3907 377,3907 372,3912 372,3966 377,3966 382,3971 382,4005 377,4010 372,4010 372,4073 465,4073 470,4078 759,4078 764,4083 911,4083 916,4088 916,4123 1068,4123 1078,4113 1078,4108 1083,4103 1083,4093 1088,4088 1681,4088 1686,4093 1838,4093 1839,4094 1838,4095 1838,4097 1837,4098 1837,4100 1836,4101 1836,4103 1835,4104 1835,4106 1834,4107 1834,4109 1833,4110 1833,4112 1832,4113 1832,4115 1831,4116 1831,4118 1830,4119 1830,4121 1829,4122 1829,4124 1828,4125 1828,4127 1827,4128 1827,4130 1826,4131 1826,4133 1825,4134 1825,4136 1824,4137 1824,4139 1823,4140 1823,4142 1822,4143 1822,4145 1821,4146 1821,4148 1820,4149 1820,4151 1819,4152 1819,4154 1818,4155 1818,4157 1817,4158 1817,4160 1815,4162 1813,4162 1813,4172 1812,4173 1812,4175 1811,4176 1811,4178 1810,4179 1810,4181 1809,4182 1809,4184 1808,4185 1808,4187 1807,4188 1807,4190 1806,4191 1806,4193 1805,4194 1805,4196 1804,4197 1804,4199 1803,4200 1803,4202 1802,4203 1802,4205 1801,4206 1801,4208 1800,4209 1800,4211 1799,4212 1799,4214 1798,4215 1798,4217 1797,4218 1797,4220 1796,4221 1796,4223 1795,4224 1795,4226 1794,4227 1794,4231 1795,4232 1795,4239 1794,4240 1657,4240 1652,4235 1652,4221 1647,4216 1647,4196 1652,4191 1720,4191 1720,4132 1715,4127 1715,4123 1563,4123 1563,4152 1558,4157 1495,4157 1490,4162 1490,4176 1485,4181 1485,4196 1480,4201 1343,4201 1338,4196 1220,4196 1215,4191 1215,4186 1210,4181 1058,4181 1058,4191 1056,4193 1056,4194 1054,4196 965,4196 960,4191 960,4181 955,4176 955,4162 953,4160 953,4159 951,4157 804,4157 804,4191 799,4196 784,4196 779,4191 617,4191 612,4186 612,4152 607,4147 573,4147 568,4142 397,4142 397,4181 392,4186 387,4186 367,4206 367,4225 362,4230 357,4230 357,4284 362,4284 377,4299 392,4299 397,4304 696,4304 701,4309 701,4353 703,4355 703,4356 705,4358 872,4358 877,4353 877,4314 882,4309 1054,4309 1056,4311 1056,4312 1058,4314 1362,4314 1367,4319 1367,4368 1549,4368 1554,4363 1554,4324 1556,4322 1556,4321 1558,4319 1805,4319 1806,4320 1806,4322 1807,4323 1807,4330 1808,4331 1808,4337 1809,4338 1809,4345 1810,4346 1810,4352 1811,4353 1811,4360 1812,4361 1812,4367 1813,4368 1813,4375 1814,4376 1814,4383 1815,4384 1815,4390 1816,4391 1816,4398 1817,4399 1817,4405 1818,4406 1818,4413 1819,4414 1819,4416 1818,4417 1813,4417 1811,4419 1811,4420 1809,4422 1809,4431 1804,4436 1759,4436 1757,4434 1757,4433 1755,4431 1755,4397 1745,4387 1598,4387 1593,4392 1544,4392 1544,4426 1539,4431 1402,4431 1397,4426 1397,4417 1392,4412 1392,4387 1220,4387 1220,4426 1215,4431 1112,4431 1107,4426 975,4426 973,4424 972,4424 970,4422 970,4412 965,4407 818,4407 813,4412 808,4407 808,4397 806,4395 806,4394 804,4392 804,4387 799,4382 799,4377 642,4377 642,4417 637,4422 549,4422 544,4417 392,4417 387,4422 382,4422 372,4432 371,4432 362,4441 357,4441 357,4520 362,4520 369,4527 370,4527 377,4534 705,4534 710,4539 936,4539 941,4544 941,4588 946,4593 1117,4593 1117,4549 1122,4544 1323,4544 1328,4549 1608,4549 1610,4547 1610,4546 1612,4544 1642,4544 1647,4549 1819,4549 1820,4550 1820,4566 1819,4567 1819,4591 1818,4592 1818,4616 1816,4618 1799,4618 1794,4613 1637,4613 1632,4618 1617,4618 1612,4623 1612,4627 1610,4629 1610,4630 1608,4632 1608,4637 1603,4642 1603,4662 1598,4667 1573,4667 1568,4662 1348,4662 1343,4657 1343,4613 1338,4608 1176,4608 1176,4657 1171,4662 1147,4662 1142,4657 779,4657 774,4652 774,4613 769,4608 603,4608 603,4647 598,4652 534,4652 529,4647 529,4637 524,4632 382,4632 377,4637 372,4637 372,4647 367,4652 357,4652 357,4711 362,4711 367,4716 367,4760 372,4765 367,4770 259,4770 259,4775 250,4784 245,4784 245,4843 397,4843 402,4838 402,4770 404,4768 404,4767 406,4765 519,4765 524,4770 848,4770 853,4775 1112,4775 1117,4770 1161,4770 1166,4775 1407,4775 1411,4779 1568,4779 1570,4777 1571,4777 1573,4775 1588,4775 1590,4777 1591,4777 1593,4779 1802,4779 1803,4780 1803,4784 1802,4785 1802,4791 1801,4792 1801,4799 1800,4800 1800,4806 1799,4807 1799,4813 1798,4814 1798,4820 1797,4821 1797,4827 1796,4828 1796,4834 1795,4835 1795,4841 1794,4842 1794,4848 1793,4849 1793,4855 1792,4856 1792,4863 1791,4864 1791,4870 1790,4871 1790,4877 1789,4878 1789,4884 1788,4885 1788,4891 1787,4892 1787,4896 1786,4897 1686,4897 1681,4892 1681,4848 1524,4848 1524,4892 1519,4897 1353,4897 1348,4892 1348,4853 1343,4848 1191,4848 1191,4892 1186,4897 1103,4897 1098,4892 951,4892 946,4897 838,4897 833,4892 686,4892 681,4887 681,4838 465,4838 465,4877 460,4882 387,4882 382,4887 377,4887 367,4897 357,4897 357,4927 355,4929 354,4929 352,4931 352,4990 357,4995 357,5000 539,5000 544,5005 735,5005 740,5010 740,5044 833,5044 843,5054 1014,5054 1019,5049 1019,5015 1024,5010 1176,5010 1181,5015 1181,5054 1328,5054 1333,5049 1333,5044 1338,5039 1338,5034 1343,5029 1343,5015 1345,5013 1347,5013 1348,5014 1350,5014 1351,5015 1353,5015 1354,5016 1356,5016 1357,5017 1359,5017 1360,5018 1362,5018 1363,5019 1365,5019 1366,5020 1368,5020 1369,5021 1371,5021 1372,5022 1373,5022 1374,5023 1376,5023 1377,5024 1379,5024 1380,5025 1382,5025 1383,5026 1385,5026 1386,5027 1388,5027 1389,5028 1391,5028 1392,5029 1394,5029 1395,5030 1397,5030 1398,5031 1400,5031 1401,5032 1403,5032 1404,5033 1406,5033 1407,5034 1409,5034 1410,5035 1411,5035 1412,5036 1414,5036 1415,5037 1417,5037 1418,5038 1420,5038 1421,5039 1423,5039 1424,5040 1426,5040 1427,5041 1429,5041 1430,5042 1432,5042 1433,5043 1435,5043 1436,5044 1438,5044 1439,5045 1441,5045 1442,5046 1444,5046 1445,5047 1446,5047 1447,5048 1449,5048 1450,5049 1452,5049 1453,5050 1455,5050 1456,5051 1458,5051 1459,5052 1461,5052 1462,5053 1464,5053 1465,5054 1467,5054 1468,5055 1470,5055 1471,5056 1473,5056 1474,5057 1476,5057 1477,5058 1479,5058 1480,5059 1482,5059 1483,5060 1484,5060 1485,5061 1487,5061 1488,5062 1490,5062 1491,5063 1493,5063 1494,5064 1496,5064 1497,5065 1499,5065 1500,5066 1502,5066 1503,5067 1505,5067 1506,5068 1508,5068 1509,5069 1511,5069 1512,5070 1514,5070 1515,5071 1517,5071 1518,5072 1519,5072 1520,5073 1522,5073 1523,5074 1525,5074 1526,5075 1528,5075 1529,5076 1531,5076 1532,5077 1534,5077 1535,5078 1537,5078 1538,5079 1540,5079 1541,5080 1543,5080 1544,5081 1546,5081 1547,5082 1549,5082 1550,5083 1552,5083 1553,5084 1555,5084 1556,5085 1557,5085 1558,5086 1560,5086 1561,5087 1563,5087 1564,5088 1566,5088 1567,5089 1569,5089 1570,5090 1572,5090 1573,5091 1575,5091 1576,5092 1578,5092 1579,5093 1581,5093 1582,5094 1584,5094 1585,5095 1587,5095 1588,5096 1590,5096 1591,5097 1593,5097 1594,5098 1595,5098 1596,5099 1598,5099 1599,5100 1601,5100 1602,5101 1604,5101 1605,5102 1607,5102 1608,5103 1610,5103 1611,5104 1613,5104 1614,5105 1616,5105 1617,5106 1619,5106 1620,5107 1619,5108 1534,5108 1529,5103 1529,5083 1524,5078 1353,5078 1348,5083 1348,5088 1343,5093 1343,5098 1338,5103 1338,5118 1333,5123 1279,5123 1274,5118 1274,5108 1269,5103 1103,5103 1098,5098 1098,5078 931,5078 931,5098 926,5103 794,5103 789,5098 789,5083 784,5078 779,5078 777,5076 776,5076 774,5074 598,5074 596,5076 595,5076 593,5078 588,5078 573,5093 568,5093 568,5098 563,5103 563,5108 558,5113 490,5113 485,5118 451,5118 446,5123 446,5226 448,5228 449,5228 451,5230 583,5230 588,5235 598,5235 603,5240 1240,5240 1245,5245 1789,5245 1794,5250 1839,5250 1841,5252 1841,5253 1850,5262 1850,5263 1858,5271 1858,5272 1867,5281 1867,5282 1875,5290 1875,5291 1883,5299 1883,5300 1892,5309 1892,5310 1895,5313 1894,5314 1862,5314 1860,5316 1860,5317 1858,5319 1715,5319 1715,5353 1710,5358 1691,5358 1686,5353 1686,5314 1470,5314 1470,5353 1465,5358 1460,5358 1458,5356 1458,5355 1456,5353 960,5353 955,5348 955,5304 784,5304 779,5309 764,5309 764,5363 769,5368 779,5368 784,5373 784,5382 779,5387 725,5387 720,5382 720,5299 568,5299 568,5338 563,5343 553,5343 551,5341 551,5340 549,5338 343,5338 343,5461 504,5461 509,5466 720,5466 725,5461 750,5461 754,5465 754,5466 759,5471 1304,5471 1306,5473 1306,5474 1308,5476 1583,5476 1585,5478 1586,5478 1588,5480 1834,5480 1835,5481 1834,5482 1833,5482 1831,5484 1830,5484 1828,5486 1827,5486 1826,5487 1825,5487 1823,5489 1822,5489 1820,5491 1819,5491 1817,5493 1816,5493 1814,5495 1813,5495 1811,5497 1810,5497 1809,5498 1808,5498 1806,5500 1805,5500 1803,5502 1802,5502 1800,5504 1799,5504 1797,5506 1796,5506 1794,5508 1793,5508 1792,5509 1791,5509 1789,5511 1788,5511 1786,5513 1785,5513 1783,5515 1782,5515 1780,5517 1779,5517 1777,5519 1776,5519 1775,5520 1774,5520 1772,5522 1771,5522 1769,5524 1768,5524 1766,5526 1765,5526 1763,5528 1762,5528 1760,5530 1759,5530 1757,5532 1756,5532 1755,5533 1754,5533 1752,5535 1751,5535 1749,5537 1748,5537 1746,5539 1745,5539 1743,5541 1742,5541 1740,5543 1739,5543 1738,5544 1737,5544 1735,5546 1734,5546 1732,5548 1731,5548 1729,5550 1728,5550 1726,5552 1725,5552 1723,5554 1722,5554 1721,5555 1720,5555 1718,5557 1717,5557 1715,5559 1714,5559 1712,5561 1711,5561 1709,5563 1708,5563 1706,5565 1705,5565 1704,5566 1703,5566 1701,5568 1700,5568 1698,5570 1697,5570 1695,5572 1694,5572 1692,5574 1691,5574 1689,5576 1688,5576 1686,5578 1685,5578 1684,5579 1683,5579 1681,5581 1680,5581 1678,5583 1677,5583 1675,5585 1674,5585 1672,5587 1671,5587 1669,5589 1668,5589 1667,5590 1666,5590 1664,5592 1663,5592 1662,5593 1554,5593 1549,5588 1500,5588 1495,5583 1495,5549 1490,5544 1338,5544 1338,5583 1333,5588 1201,5588 1196,5583 1054,5583 1049,5588 1044,5583 1039,5583 1034,5578 1033,5578 1029,5574 1029,5569 1024,5564 985,5564 980,5559 980,5539 975,5534 833,5534 828,5539 828,5579 826,5581 825,5581 823,5583 794,5583 792,5581 791,5581 789,5579 705,5579 703,5577 703,5576 701,5574 656,5574 654,5572 654,5571 652,5569 652,5539 647,5534 646,5534 642,5530 485,5530 483,5532 482,5532 480,5534 480,5569 475,5574 343,5574 338,5579 338,5691 593,5691 598,5696 598,5740 681,5740 686,5745 843,5745 848,5740 848,5706 853,5701 1029,5701 1034,5706 1034,5745 1039,5750 1102,5750 1103,5751 1102,5752 1099,5752 1098,5753 1094,5753 1093,5754 1090,5754 1089,5755 1086,5755 1085,5756 1082,5756 1081,5757 1077,5757 1076,5758 1073,5758 1072,5759 1069,5759 1068,5760 1065,5760 1064,5761 1060,5761 1059,5762 1056,5762 1055,5763 1052,5763 1051,5764 1048,5764 1047,5765 1043,5765 1042,5766 1039,5766 1038,5767 1035,5767 1034,5768 1031,5768 1030,5769 1026,5769 1025,5770 1022,5770 1021,5771 1018,5771 1017,5772 1014,5772 1013,5773 1009,5773 1008,5774 1005,5774 1004,5775 1001,5775 1000,5776 997,5776 996,5777 992,5777 991,5778 988,5778 987,5779 984,5779 983,5780 980,5780 979,5781 975,5781 974,5782 971,5782 970,5783 967,5783 966,5784 963,5784 962,5785 958,5785 957,5786 954,5786 953,5787 950,5787 949,5788 946,5788 945,5789 941,5789 940,5790 937,5790 936,5791 933,5791 932,5792 929,5792 928,5793 924,5793 923,5794 920,5794 919,5795 916,5795 915,5796 912,5796 911,5797 907,5797 906,5798 903,5798 902,5799 899,5799 898,5800 895,5800 894,5801 890,5801 889,5802 886,5802 885,5803 882,5803 881,5804 877,5804 876,5805 873,5805 872,5806 869,5806 868,5807 865,5807 864,5808 860,5808 859,5809 856,5809 855,5810 852,5810 851,5811 848,5811 847,5812 843,5812 842,5813 839,5813 838,5814 681,5814 676,5809 534,5809 529,5804 529,5770 524,5765 377,5765 377,5770 372,5775 372,5799 362,5809 357,5809 350,5816 350,5817 343,5824 343,5829 341,5831 340,5831 338,5833 338,5907 348,5917 352,5917 357,5922 411,5922 416,5927 416,5971 583,5971 583,5932 588,5927 955,5927 960,5932 960,5936 1107,5936 1107,5932 1117,5922 1117,5858 1112,5858 1107,5853 862,5853 857,5848 857,5814 852,5814 851,5813 852,5812 855,5812 856,5811 859,5811 860,5810 864,5810 865,5809 868,5809 869,5808 872,5808 873,5807 876,5807 877,5806 881,5806 882,5805 885,5805 886,5804 889,5804 890,5803 893,5803 894,5802 898,5802 899,5801 902,5801 903,5800 906,5800 907,5799 910,5799 911,5798 915,5798 916,5797 919,5797 920,5796 923,5796 924,5795 927,5795 928,5794 932,5794 933,5793 936,5793 937,5792 940,5792 941,5791 944,5791 945,5790 949,5790 950,5789 953,5789 954,5788 957,5788 958,5787 961,5787 962,5786 966,5786 967,5785 970,5785 971,5784 974,5784 975,5783 978,5783 979,5782 983,5782 984,5781 987,5781 988,5780 991,5780 992,5779 995,5779 996,5778 1000,5778 1001,5777 1004,5777 1005,5776 1008,5776 1009,5775 1012,5775 1013,5774 1017,5774 1018,5773 1021,5773 1022,5772 1025,5772 1026,5771 1029,5771 1030,5770 1034,5770 1035,5769 1038,5769 1039,5768 1042,5768 1043,5767 1046,5767 1047,5766 1051,5766 1052,5765 1055,5765 1056,5764 1059,5764 1060,5763 1063,5763 1064,5762 1068,5762 1069,5761 1072,5761 1073,5760 1076,5760 1077,5759 1080,5759 1081,5758 1085,5758 1086,5757 1089,5757 1090,5756 1093,5756 1094,5755 1098,5755 1099,5754 1102,5754 1103,5753 1106,5753 1107,5752 1110,5752 1111,5751 1115,5751 1116,5750 1206,5750 1208,5748 1208,5747 1210,5745 1215,5745 1215,5728 1216,5727 1217,5727 1218,5726 1221,5726 1222,5725 1225,5725 1226,5724 1229,5724 1230,5723 1234,5723 1235,5722 1238,5722 1239,5721 1242,5721 1243,5720 1246,5720 1247,5719 1251,5719 1252,5718 1255,5718 1256,5717 1259,5717 1260,5716 1263,5716 1264,5715 1268,5715 1269,5714 1272,5714 1273,5713 1276,5713 1277,5712 1280,5712 1281,5711 1285,5711 1286,5710 1289,5710 1290,5709 1293,5709 1294,5708 1297,5708 1298,5707 1302,5707 1303,5706 1318,5706 1323,5711 1323,5750 1475,5750 1485,5740 1485,5735 1487,5733 1488,5733 1490,5731 1490,5726 1495,5721 1495,5711 1500,5706 1544,5706 1549,5711 1828,5711 1833,5716 2100,5716 2101,5717 2101,5718 2102,5719 2102,5720 2103,5721 2103,5723 2104,5724 2104,5725 2105,5726 2105,5728 2106,5729 2106,5730 2107,5731 2107,5733 2108,5734 2108,5735 2109,5736 2109,5738 2110,5739 2110,5740 2111,5741 2111,5742 2112,5743 2112,5745 2113,5746 2113,5747 2114,5748 2114,5750 2115,5751 2115,5752 2116,5753 2116,5755 2117,5756 2117,5757 2118,5758 2118,5760 2119,5761 2119,5762 2120,5763 2120,5764 2121,5765 2121,5767 2122,5768 2122,5769 2123,5770 2123,5772 2124,5773 2124,5774 2125,5775 2125,5777 2126,5778 2126,5779 2127,5780 2127,5781 2128,5782 2128,5783 2127,5784 2088,5784 2083,5789 2083,5824 2078,5829 2049,5829 2044,5824 2044,5789 2039,5784 1872,5784 1872,5824 1867,5829 1774,5829 1769,5824 1603,5824 1598,5819 1392,5819 1382,5809 1382,5799 1377,5794 1372,5794 1365,5787 1364,5787 1357,5780 1348,5780 1343,5775 1142,5775 1137,5780 1137,5833 1147,5833 1152,5838 1152,5868 1147,5873 1132,5873 1132,5936 1269,5936 1274,5941 1416,5941 1421,5936 1431,5936 1436,5941 1715,5941 1720,5946 1941,5946 1946,5951 2089,5951 2090,5952 2088,5954 2088,5955 2084,5959 2084,5960 2080,5964 2080,5965 2076,5969 2076,5970 2072,5974 2072,5975 2068,5979 2068,5980 2064,5984 2064,5985 2060,5989 2060,5990 2056,5994 2056,5995 2051,6000 2051,6001 2047,6005 2047,6006 2043,6010 2043,6011 2039,6015 1936,6015 1936,6049 1931,6054 1534,6054 1529,6049 1529,6000 1357,6000 1357,6005 1355,6007 1355,6008 1353,6010 1353,6044 1348,6049 1259,6049 1257,6047 1257,6046 1255,6044 1255,6000 1176,6000 1171,5995 1009,5995 1009,6039 1007,6041 1007,6042 1005,6044 906,6044 904,6042 904,6041 902,6039 632,6039 627,6034 627,5990 411,5990 411,6030 409,6032 408,6032 406,6034 348,6034 338,6044 338,6069 333,6074 333,6147 343,6157 715,6157 720,6162 941,6162 946,6167 1093,6167 1098,6162 1201,6162 1206,6167 1348,6167 1353,6172 1583,6172 1588,6167 1642,6167 1647,6172 1647,6216 1652,6216 1656,6220 1824,6220 1828,6216 1828,6182 1833,6177 1931,6177 1936,6182 1936,6186 2877,6186 2882,6191 3132,6191 3137,6186 3147,6186 3147,6182 3152,6177 3152,6172 3157,6167 3157,6162 3162,6157 3211,6157 3216,6152 3216,6088 3214,6086 3213,6086 3211,6084 3162,6084 3157,6079 3157,6069 3152,6069 3147,6064 3088,6064 3083,6059 3083,6054 3073,6044 3073,6039 3059,6025 3049,6025 3044,6020 2887,6020 2882,6025 2872,6025 2858,6039 2853,6039 2853,6044 2843,6054 2843,6059 2838,6064 2666,6064 2664,6062 2664,6061 2662,6059 2662,6020 2657,6015 2500,6015 2495,6020 2220,6020 2220,6054 2215,6059 2108,6059 2103,6054 2103,6015 2044,6015 2043,6014 2047,6010 2047,6009 2051,6005 2051,6004 2055,6000 2055,5999 2059,5995 2059,5994 2063,5990 2063,5989 2067,5985 2067,5984 2071,5980 2071,5979 2075,5975 2075,5974 2079,5970 2079,5969 2083,5965 2083,5964 2087,5960 2087,5959 2092,5954 2092,5953 2094,5951 2382,5951 2387,5956 2387,5990 2392,5995 2480,5995 2485,6000 2642,6000 2652,5990 2652,5985 2654,5983 2655,5983 2657,5981 2657,5971 2662,5966 2662,5961 2664,5959 2664,5958 2666,5956 3211,5956 3215,5952 3215,5951 3220,5946 3220,5941 3225,5936 3225,5873 3220,5868 3220,5838 3218,5836 3218,5835 3216,5833 3068,5833 3064,5829 3064,5799 3054,5789 2897,5789 2892,5794 2892,5829 2890,5831 2889,5831 2887,5833 2666,5833 2662,5829 2662,5794 2657,5789 2505,5789 2500,5794 2500,5833 2495,5838 2485,5838 2480,5833 2479,5833 2475,5829 2328,5829 2326,5831 2325,5831 2323,5833 2255,5833 2253,5831 2252,5831 2250,5829 2250,5789 2245,5784 2131,5784 2129,5782 2129,5780 2128,5779 2128,5778 2127,5777 2127,5776 2126,5775 2126,5773 2125,5772 2125,5771 2124,5770 2124,5768 2123,5767 2123,5766 2122,5765 2122,5763 2121,5762 2121,5761 2120,5760 2120,5758 2119,5757 2119,5756 2118,5755 2118,5754 2117,5753 2117,5751 2116,5750 2116,5749 2115,5748 2115,5746 2114,5745 2114,5744 2113,5743 2113,5741 2112,5740 2112,5739 2111,5738 2111,5736 2110,5735 2110,5734 2109,5733 2109,5732 2108,5731 2108,5729 2107,5728 2107,5727 2106,5726 2106,5724 2105,5723 2105,5722 2104,5721 2104,5719 2103,5718 2103,5717 2104,5716 2274,5716 2279,5721 2279,5760 2284,5765 2461,5765 2461,5721 2463,5719 2463,5718 2465,5716 2657,5716 2662,5721 2936,5721 2941,5716 2946,5721 3225,5721 3230,5716 3230,5662 3220,5652 3220,5618 3218,5616 3218,5615 3216,5613 3216,5603 3211,5603 3206,5598 2696,5598 2691,5593 2691,5559 2686,5554 2524,5554 2524,5593 2519,5598 2230,5598 2225,5593 2225,5554 2220,5549 2073,5549 2068,5554 2068,5593 2063,5598 2061,5596 2061,5595 2059,5593 2053,5593 2051,5591 2051,5590 2050,5589 2050,5587 2049,5586 2049,5585 2048,5584 2048,5583 2047,5582 2047,5580 2046,5579 2046,5578 2045,5577 2045,5575 2044,5574 2044,5573 2043,5572 2043,5570 2042,5569 2042,5568 2041,5567 2041,5565 2040,5564 2040,5563 2039,5562 2039,5561 2038,5560 2038,5558 2037,5557 2037,5556 2036,5555 2036,5553 2035,5552 2035,5551 2034,5550 2034,5548 2033,5547 2033,5546 2032,5545 2032,5543 2031,5542 2031,5541 2030,5540 2030,5539 2029,5538 2029,5536 2028,5535 2028,5534 2027,5533 2027,5531 2026,5530 2026,5529 2025,5528 2025,5526 2024,5525 2024,5524 2023,5523 2023,5521 2022,5520 2022,5519 2021,5518 2021,5517 2020,5516 2020,5514 2019,5513 2019,5512 2018,5511 2018,5509 2017,5508 2017,5507 2016,5506 2016,5504 2015,5503 2015,5502 2014,5501 2014,5499 2013,5498 2013,5497 2012,5496 2012,5495 2011,5494 2011,5492 2010,5491 2010,5490 2009,5489 2009,5487 2008,5486 2008,5485 2007,5484 2007,5482 2006,5481 2007,5480 2059,5480 2061,5482 2061,5483 2063,5485 2063,5525 2068,5530 2235,5530 2240,5525 2245,5525 2245,5485 2250,5480 2519,5480 2524,5485 2524,5525 2671,5525 2681,5515 2681,5510 2686,5505 2686,5490 2696,5480 2706,5480 2711,5485 3225,5485 3230,5480 3230,5427 3225,5422 3220,5422 3218,5420 3218,5419 3216,5417 3216,5373 3211,5368 3059,5368 3054,5363 3054,5329 3049,5324 2995,5324 2990,5319 2843,5319 2838,5324 2720,5324 2720,5358 2715,5363 2652,5363 2647,5368 2637,5368 2627,5378 2627,5387 2622,5392 2622,5402 2617,5407 2613,5407 2608,5402 2608,5387 2603,5382 2603,5363 2441,5363 2436,5358 2387,5358 2382,5353 2382,5319 2377,5319 2372,5314 2230,5314 2225,5319 2225,5358 2220,5363 2098,5363 2093,5358 2039,5358 2034,5353 2034,5319 2029,5314 1899,5314 1897,5312 1897,5311 1889,5303 1889,5302 1881,5294 1881,5293 1872,5284 1872,5283 1864,5275 1864,5274 1855,5265 1855,5264 1847,5256 1847,5255 1843,5251 1844,5250 2005,5250 2010,5255 2010,5294 2012,5296 2012,5297 2014,5299 2157,5299 2162,5294 2191,5294 2191,5255 2196,5250 2794,5250 2799,5255 2799,5294 2970,5294 2970,5260 2975,5255 3220,5255 3220,5216 3225,5211 3235,5211 3240,5206 3240,5201 3245,5196 3250,5196 3250,5142 3245,5142 3240,5137 2750,5137 2745,5132 2745,5088 2740,5083 2578,5083 2573,5088 2573,5132 2568,5137 2539,5137 2534,5132 2534,5083 2363,5083 2348,5098 2348,5103 2343,5108 2338,5103 2338,5083 2166,5083 2166,5128 2162,5132 1757,5132 1756,5131 1756,5127 1757,5126 1757,5119 1758,5118 1758,5112 1759,5111 1759,5105 1760,5104 1760,5098 1761,5097 1761,5091 1762,5090 1762,5084 1763,5083 1763,5077 1764,5076 1764,5070 1765,5069 1765,5063 1766,5062 1766,5055 1767,5054 1767,5048 1768,5047 1768,5041 1769,5040 1769,5034 1770,5033 1770,5027 1771,5026 1771,5020 1772,5019 1772,5013 1773,5012 1773,5011 1774,5010 1862,5010 1867,5005 1916,5005 1931,4990 1931,4985 1936,4980 1936,4927 1931,4922 1931,4907 1926,4907 1921,4902 1916,4902 1911,4897 1790,4897 1789,4896 1789,4892 1790,4891 1790,4885 1791,4884 1791,4878 1792,4877 1792,4871 1793,4870 1793,4863 1794,4862 1794,4856 1795,4855 1795,4849 1796,4848 1796,4842 1797,4841 1797,4835 1798,4834 1798,4828 1799,4827 1799,4821 1800,4820 1800,4814 1801,4813 1801,4807 1802,4806 1802,4799 1803,4798 1803,4792 1804,4791 1804,4785 1805,4784 1805,4780 1806,4779 2010,4779 2014,4775 2039,4775 2041,4777 2042,4777 2044,4779 2358,4779 2363,4784 2465,4784 2470,4789 2470,4828 2617,4828 2619,4826 2620,4826 2622,4824 2622,4819 2627,4814 2627,4799 2632,4794 2637,4794 2637,4784 2642,4779 2686,4779 2691,4784 3059,4784 3064,4789 3064,4833 3216,4833 3218,4831 3218,4830 3220,4828 3220,4819 3230,4809 3230,4804 3235,4799 3235,4716 3230,4711 3171,4711 3169,4709 3169,4708 3167,4706 3167,4686 3160,4679 3159,4679 3152,4672 3093,4672 3088,4667 3088,4632 3083,4627 3083,4623 3034,4623 3029,4618 2887,4618 2882,4623 2872,4623 2872,4662 2867,4667 2784,4667 2779,4662 2779,4642 2774,4637 2774,4623 2554,4623 2554,4662 2549,4667 2407,4667 2402,4662 2402,4623 2397,4618 2088,4618 2083,4623 2083,4632 2078,4637 2078,4652 2073,4657 2073,4662 2068,4667 2068,4681 2063,4686 2063,4696 2061,4698 2061,4699 2059,4701 1921,4701 1916,4696 1916,4667 1911,4662 1853,4662 1848,4657 1848,4618 1820,4618 1819,4617 1820,4616 1820,4592 1821,4591 1821,4567 1822,4566 1822,4550 1823,4549 2054,4549 2059,4554 2289,4554 2294,4559 2294,4603 2475,4603 2475,4559 2480,4554 2961,4554 2966,4559 3206,4559 3206,4539 3211,4534 3255,4534 3255,4466 3240,4466 3235,4461 3211,4461 3206,4456 3206,4426 3204,4424 3203,4424 3201,4422 3201,4417 3196,4412 3196,4407 3191,4402 3049,4402 3044,4407 3044,4412 3034,4422 3034,4436 3029,4441 2867,4441 2865,4439 2865,4438 2863,4436 2691,4436 2686,4431 2686,4397 2637,4397 2632,4392 2441,4392 2431,4402 2431,4431 2426,4436 2279,4436 2274,4431 2274,4392 2117,4392 2112,4397 2112,4431 2110,4433 2110,4434 2108,4436 1965,4436 1963,4434 1963,4433 1961,4431 1961,4422 1956,4417 1822,4417 1821,4416 1821,4414 1820,4413 1820,4406 1819,4405 1819,4399 1818,4398 1818,4391 1817,4390 1817,4384 1816,4383 1816,4376 1815,4375 1815,4369 1814,4368 1814,4361 1813,4360 1813,4353 1812,4352 1812,4346 1811,4345 1811,4338 1810,4337 1810,4331 1809,4330 1809,4323 1808,4322 1808,4320 1809,4319 2073,4319 2078,4324 2078,4328 2720,4328 2725,4333 2867,4333 2872,4328 2990,4328 2995,4333 3073,4333 3078,4338 3078,4377 3225,4377 3232,4370 3233,4370 3240,4363 3240,4353 3245,4348 3250,4348 3250,4216 3245,4216 3240,4211 3181,4211 3176,4206 3176,4201 3171,4196 3171,4172 3167,4172 3162,4167 3000,4167 3000,4206 2995,4211 2931,4211 2926,4206 2926,4196 2921,4191 2765,4191 2760,4186 2760,4181 2755,4176 2755,4167 2745,4167 2740,4162 2598,4162 2588,4172 2588,4206 2583,4211 2539,4211 2534,4206 2534,4167 2480,4167 2475,4162 2230,4162 2230,4201 2225,4206 2186,4206 2181,4201 2181,4162 1819,4162 1818,4161 1819,4160 1819,4158 1820,4157 1820,4155 1821,4154 1821,4151 1822,4150 1822,4148 1823,4147 1823,4145 1824,4144 1824,4142 1825,4141 1825,4139 1826,4138 1826,4136 1827,4135 1827,4133 1828,4132 1828,4130 1829,4129 1829,4127 1830,4126 1830,4124 1831,4123 1831,4121 1832,4120 1832,4118 1833,4117 1833,4115 1834,4114 1834,4112 1835,4111 1835,4109 1836,4108 1836,4106 1837,4105 1837,4103 1838,4102 1838,4100 1839,4099 1839,4097 1840,4096 1840,4094 1841,4093 1841,4091 1842,4090 1842,4089 1843,4088 1882,4088 1887,4093 2544,4093 2549,4098 2735,4098 2740,4103 2740,4137 2745,4142 2941,4142 2946,4137 2946,4132 2951,4127 2951,4123 2956,4118 2956,4103 2961,4098 3093,4098 3098,4103 3250,4103 3255,4098 3255,4083 3260,4078 3284,4078 3284,4015 3269,4015 3267,4013 3267,4012 3265,4010 3265,3975 3088,3975 3083,3980 3034,3980 3029,3975 2863,3975 2861,3973 2860,3973 2858,3971 2858,3931 2706,3931 2701,3936 2701,3971 2699,3973 2698,3973 2696,3975 2617,3975 2613,3971 2613,3931 2446,3931 2446,3971 2444,3973 2443,3973 2441,3975 2426,3975 2424,3973 2423,3973 2421,3971 2421,3931 2255,3931 2255,3956 2250,3961 2245,3956 2103,3956 2098,3961 2098,3971 2096,3973 2095,3973 2093,3975 2044,3975 2042,3973 2041,3973 2039,3971 2039,3961 2034,3956 1887,3956 1887,3966 1882,3971 1880,3971 1879,3970 1879,3969 1880,3968 1880,3965 1881,3964 1881,3961 1882,3960 1882,3957 1883,3956 1883,3954 1884,3953 1884,3950 1885,3949 1885,3946 1886,3945 1886,3942 1887,3941 1887,3939 1888,3938 1888,3935 1889,3934 1889,3931 1890,3930 1890,3928 1891,3927 1891,3924 1892,3923 1892,3920 1893,3919 1893,3916 1894,3915 1894,3913 1895,3912 1895,3909 1896,3908 1896,3905 1897,3904 1897,3901 1898,3900 1898,3898 1899,3897 1899,3894 1900,3893 1900,3890 1901,3889 1901,3887 1902,3886 1902,3883 1903,3882 1903,3879 1904,3878 1904,3875 1905,3874 1905,3872 1906,3871 1906,3868 1907,3867 1907,3864 1908,3863 2343,3863 2348,3868 2348,3902 2500,3902 2505,3897 2510,3897 2510,3892 2512,3890 2512,3889 2514,3887 2514,3882 2519,3877 2519,3872 2521,3870 2522,3870 2524,3868 2622,3868 2627,3863 3039,3863 3044,3868 3250,3868 3255,3863 3260,3863 3260,3858 3265,3853 3265,3848 3267,3846 3267,3845 3269,3843 3294,3843 3294,3760 3274,3760 3269,3755 3269,3754 3265,3750 3260,3750 3255,3745 3196,3745 3191,3740 3191,3701 3024,3701 3024,3740 3019,3745 2867,3745 2865,3743 2865,3742 2863,3740 2863,3706 2853,3696 2711,3696 2706,3701 2706,3720 2701,3725 2696,3725 2691,3720 2691,3701 2686,3696 2544,3696 2539,3701 2539,3740 2534,3745 2446,3745 2446,3750 2441,3755 2431,3745 2367,3745 2365,3743 2365,3742 2363,3740 2363,3701 2211,3701 2211,3740 2206,3745 2171,3745 2166,3740 1920,3740 1918,3738 1918,3736 1917,3735 1917,3732 1916,3731 1916,3728 1915,3727 1915,3725 1914,3724 1914,3721 1913,3720 1913,3718 1912,3717 1912,3714 1911,3713 1911,3710 1910,3709 1910,3707 1909,3706 1909,3703 1908,3702 1908,3700 1907,3699 1907,3696 1906,3695 1906,3692 1905,3691 1905,3689 1904,3688 1904,3685 1903,3684 1903,3682 1902,3681 1902,3678 1901,3677 1901,3674 1900,3673 1900,3671 1899,3670 1899,3667 1898,3666 1898,3664 1897,3663 1897,3660 1896,3659 1896,3656 1895,3655 1895,3653 1894,3652 1894,3649 1893,3648 1893,3646 1892,3645 1892,3642 1891,3641 1891,3638 1890,3637 1890,3635 1889,3634 1889,3631 1888,3630 1888,3628 1889,3627 2098,3627 2103,3632 2255,3632 2260,3627 2358,3627 2363,3632 2519,3632 2524,3627 3029,3627 3034,3632 3201,3632 3206,3627 3206,3622 3208,3620 3209,3620 3211,3618 3211,3613 3216,3608 3265,3608 3267,3606 3267,3605 3269,3603 3269,3539 3211,3539 3206,3534 3206,3510 3201,3510 3196,3505 3147,3505 3142,3500 3142,3466 2985,3466 2983,3468 2982,3468 2980,3470 2980,3505 2975,3510 2961,3510 2956,3505 2956,3475 2951,3470 2950,3470 2946,3466 2902,3466 2897,3461 2755,3461 2750,3466 2632,3466 2630,3468 2629,3468 2627,3470 2627,3490 2622,3495 2622,3500 2617,3505 2500,3505 2495,3510 2407,3510 2402,3505 2402,3470 2400,3468 2399,3468 2397,3466 2196,3466 2196,3485 2191,3490 2103,3490 2098,3495 2098,3500 2093,3505 1951,3505 1946,3510 1941,3510 1936,3505 1850,3505 1849,3504 1849,3503 1848,3502 1848,3501 1847,3500 1847,3498 1846,3497 1846,3496 1845,3495 1845,3494 1844,3493 1844,3491 1843,3490 1843,3489 1842,3488 1842,3487 1841,3486 1841,3485 1840,3484 1840,3482 1839,3481 1839,3480 1838,3479 1838,3478 1837,3477 1837,3476 1836,3475 1836,3473 1835,3472 1835,3471 1834,3470 1834,3469 1833,3468 1833,3467 1832,3466 1832,3464 1831,3463 1831,3462 1830,3461 1830,3460 1829,3459 1829,3458 1828,3457 1828,3455 1827,3454 1827,3453 1826,3452 1826,3451 1825,3450 1825,3449 1824,3448 1824,3446 1823,3445 1823,3444 1822,3443 1822,3442 1821,3441 1821,3440 1820,3439 1820,3437 1819,3436 1819,3435 1818,3434 1818,3433 1817,3432 1817,3431 1816,3430 1816,3428 1815,3427 1815,3426 1814,3425 1814,3424 1813,3423 1813,3422 1812,3421 1812,3419 1811,3418 1811,3417 1810,3416 1810,3415 1809,3414 1809,3413 1808,3412 1808,3410 1807,3409 1807,3408 1806,3407 1806,3406 1805,3405 1805,3404 1804,3403 1804,3401 1803,3400 1803,3399 1802,3398 1803,3397 1813,3397 1818,3392 1877,3392 1882,3397 2514,3397 2519,3402 2662,3402 2664,3400 2664,3399 2666,3397 3088,3397 3093,3402 3093,3436 3098,3441 3240,3441 3245,3436 3250,3436 3255,3431 3255,3426 3260,3421 3260,3412 3265,3407 3265,3328 3255,3318 3201,3318 3199,3316 3198,3316 3196,3314 3196,3299 3186,3289 3132,3289 3127,3284 3054,3284 3049,3279 3049,3265 3044,3260 2882,3260 2877,3255 2877,3235 2867,3235 2865,3233 2865,3232 2863,3230 2720,3230 2715,3235 2711,3235 2711,3255 2706,3260 2514,3260 2514,3274 2512,3276 2512,3277 2510,3279 2377,3279 2372,3274 2220,3274 2215,3279 1804,3279 1803,3278 1819,3262 1819,3261 1842,3238 1842,3237 1866,3213 1866,3212 1890,3188 1890,3187 1915,3162 2103,3162 2108,3167 2108,3206 2255,3206 2255,3201 2260,3196 2262,3198 2262,3199 2264,3201 2264,3211 2416,3211 2421,3206 2421,3196 2426,3191 2426,3181 2431,3176 2431,3167 2436,3162 2485,3162 2490,3167 2490,3211 2495,3211 2500,3216 2652,3216 2657,3211 2676,3211 2676,3167 2681,3162 2789,3162 2794,3167 2794,3211 2941,3211 2941,3201 2946,3196 2946,3191 2956,3181 2956,3171 2958,3169 2959,3169 2961,3167 3279,3167 3279,3162 3284,3157 3284,3098 3274,3098 3269,3093 3269,3059 3264,3054 3264,3053 3260,3049 2936,3049 2931,3054 2931,3083 2926,3088 2897,3088 2892,3083 2892,3068 2887,3068 2885,3066 2884,3066 2882,3064 2882,3059 2877,3054 2872,3054 2867,3049 2750,3049 2745,3044 2745,3000 2593,3000 2593,3044 2588,3049 2480,3049 2475,3044 2475,3005 2470,3005 2465,3000 2279,3000 2274,3005 2274,3044 2264,3054 2264,3078 2262,3080 2262,3081 2260,3083 2215,3083 2213,3081 2213,3080 2211,3078 2211,3054 2206,3049 2201,3049 2196,3044 2044,3044 2039,3049 1954,3049 1951,3046 1951,3045 1949,3043 1949,3042 1948,3041 1948,3040 1946,3038 1946,3037 1945,3036 1945,3035 1943,3033 1943,3032 1941,3030 1941,3029 1940,3028 1940,3027 1938,3025 1938,3024 1936,3022 1936,3021 1935,3020 1935,3019 1933,3017 1933,3016 1932,3015 1932,3014 1930,3012 1930,3011 1928,3009 1928,3008 1927,3007 1927,3006 1925,3004 1925,3003 1923,3001 1923,3000 1922,2999 1922,2998 1920,2996 1920,2995 1919,2994 1919,2993 1917,2991 1917,2990 1915,2988 1915,2987 1914,2986 1914,2985 1912,2983 1912,2982 1910,2980 1910,2979 1909,2978 1909,2977 1907,2975 1907,2974 1905,2972 1905,2971 1904,2970 1904,2969 1902,2967 1902,2966 1901,2965 1901,2964 1899,2962 1899,2961 1897,2959 1897,2958 1896,2957 1896,2956 1894,2954 1894,2953 1892,2951 1892,2950 1891,2949 1891,2948 1889,2946 1889,2945 1888,2944 1888,2943 1886,2941 1886,2940 1884,2938 1884,2937 1883,2936 1883,2935 1881,2933 1881,2932 1879,2930 1879,2929 1878,2928 1878,2927 1879,2926 2063,2926 2068,2931 2220,2931 2225,2926 2799,2926 2804,2931 3152,2931 3157,2926 3284,2926 3284,2902 3289,2897 3313,2897 3313,2843 3279,2843 3274,2838 3274,2818 3272,2816 3271,2816 3269,2814 3103,2814 3098,2809 2946,2809 2941,2814 2897,2814 2892,2809 2892,2769 2887,2764 2886,2764 2882,2760 2725,2760 2725,2765 2723,2767 2722,2767 2720,2769 2720,2809 2715,2814 2544,2814 2539,2809 2539,2769 2537,2767 2536,2767 2534,2765 2534,2760 2387,2760 2387,2769 2382,2774 2382,2794 2377,2799 2328,2799 2328,2809 2323,2814 2220,2814 2215,2809 2215,2799 2213,2797 2213,2796 2211,2794 2068,2794 2063,2799 2063,2809 2061,2811 2061,2812 2059,2814 1843,2814 1838,2809 1838,2799 1833,2794 1809,2794 1807,2792 1807,2790 1806,2789 1806,2787 1805,2786 1805,2783 1804,2782 1804,2780 1803,2779 1803,2777 1802,2776 1802,2774 1801,2773 1801,2771 1800,2770 1800,2768 1799,2767 1799,2765 1798,2764 1798,2761 1797,2760 1797,2758 1796,2757 1796,2755 1795,2754 1795,2752 1794,2751 1794,2749 1793,2748 1793,2746 1792,2745 1792,2742 1791,2741 1791,2739 1790,2738 1790,2736 1789,2735 1789,2733 1788,2732 1788,2730 1787,2729 1787,2727 1786,2726 1786,2724 1785,2723 1785,2720 1784,2719 1784,2717 1783,2716 1783,2714 1782,2713 1782,2711 1781,2710 1781,2708 1780,2707 1780,2705 1779,2704 1779,2701 1778,2700 1778,2698 1777,2697 1778,2696 1902,2696 1907,2701 1907,2745 2078,2745 2078,2701 2083,2696 2814,2696 2816,2694 2816,2693 2818,2691 2858,2691 2863,2696 3098,2696 3103,2701 3103,2740 3255,2740 3265,2730 3265,2725 3267,2723 3267,2722 3269,2720 3269,2715 3271,2713 3272,2713 3274,2711 3274,2706 3279,2701 3279,2632 3274,2627 3274,2622 3269,2617 3206,2617 3204,2615 3203,2615 3201,2613 3201,2578 3191,2578 3186,2573 3186,2568 3184,2566 3183,2566 3181,2564 3034,2564 3032,2566 3031,2566 3029,2568 3029,2573 3024,2578 3005,2578 3000,2573 3000,2534 2828,2534 2821,2541 2821,2542 2814,2549 2814,2573 2809,2578 2588,2578 2583,2573 2583,2564 2431,2564 2431,2573 2426,2578 2255,2578 2250,2583 2171,2583 2166,2578 2019,2578 2014,2583 1975,2583 1970,2578 1823,2578 1818,2573 1818,2539 1735,2539 1733,2537 1733,2534 1732,2533 1732,2530 1731,2529 1731,2526 1730,2525 1730,2522 1729,2521 1729,2520 1730,2519 1823,2519 1828,2514 2019,2514 2019,2475 2024,2470 2622,2470 2627,2465 2652,2465 2657,2470 2779,2470 2784,2475 2784,2514 3049,2514 3049,2475 3054,2470 3274,2470 3279,2465 3279,2461 3284,2456 3284,2397 3279,2392 3279,2309 3274,2304 3122,2304 3117,2309 3117,2343 3115,2345 3115,2346 3113,2348 2809,2348 2804,2343 2804,2304 2632,2304 2627,2309 2627,2313 2617,2323 2617,2343 2615,2345 2615,2346 2613,2348 2147,2348 2142,2343 2142,2309 2137,2304 1980,2304 1980,2343 1975,2348 1848,2348 1843,2353 1733,2353 1732,2352 1733,2351 1733,2350 1735,2348 1735,2347 1737,2345 1737,2344 1739,2342 1739,2341 1741,2339 1741,2338 1742,2337 1742,2336 1744,2334 1744,2333 1746,2331 1746,2330 1748,2328 1748,2327 1750,2325 1750,2324 1752,2322 1752,2321 1753,2320 1753,2319 1755,2317 1755,2316 1757,2314 1757,2313 1759,2311 1759,2310 1761,2308 1761,2307 1763,2305 1763,2304 1764,2303 1764,2302 1766,2300 1766,2299 1768,2297 1768,2296 1770,2294 1770,2293 1772,2291 1772,2290 1773,2289 1882,2289 1887,2284 1887,2245 1892,2240 2490,2240 2495,2235 2529,2235 2534,2240 3029,2240 3034,2245 3034,2279 3039,2284 3216,2284 3216,2245 3218,2243 3218,2242 3220,2240 3225,2240 3230,2235 3235,2235 3245,2225 3250,2225 3250,2220 3255,2215 3299,2215 3299,2137 3255,2137 3250,2132 3245,2132 3235,2122 3152,2122 3147,2117 3088,2117 3083,2112 3083,2078 3078,2078 3073,2073 2931,2073 2926,2078 2921,2078 2921,2098 2916,2103 2789,2103 2784,2108 2784,2112 2779,2117 2279,2117 2274,2112 2274,2078 2269,2073 2117,2073 2112,2078 2112,2112 2110,2114 2110,2115 2108,2117 1965,2117 1963,2119 1963,2120 1961,2122 1876,2122 1875,2121 1875,2120 1876,2119 1876,2118 1877,2117 1877,2116 1878,2115 1878,2114 1879,2113 1879,2111 1880,2110 1880,2109 1881,2108 1881,2107 1882,2106 1882,2105 1883,2104 1883,2103 1884,2102 1884,2101 1885,2100 1885,2099 1886,2098 1886,2097 1887,2096 1887,2095 1888,2094 1888,2093 1889,2092 1889,2091 1890,2090 1890,2089 1891,2088 1891,2086 1892,2085 1892,2084 1893,2083 1893,2082 1894,2081 1894,2080 1895,2079 1895,2078 1896,2077 1896,2076 1897,2075 1897,2074 1898,2073 1898,2072 1899,2071 1899,2070 1900,2069 1900,2068 1901,2067 1901,2066 1902,2065 1902,2064 1903,2063 1903,2061 1904,2060 1904,2059 1905,2058 1905,2057 1906,2056 1906,2055 1907,2054 1907,2053 1908,2052 1908,2051 1909,2050 1909,2049 1910,2048 1910,2047 1911,2046 1911,2045 1912,2044 1912,2043 1913,2042 1913,2041 1914,2040 1914,2039 1915,2038 1915,2037 1916,2036 1916,2034 1917,2033 1917,2032 1918,2031 1918,2030 1919,2029 1919,2028 1920,2027 1920,2026 1921,2025 1921,2024 1922,2023 1922,2022 1923,2021 1923,2020 1924,2019 1924,2018 1925,2017 1925,2016 1926,2015 1926,2014 1927,2013 1927,2012 1928,2011 1928,2009 1929,2008 1929,2007 1931,2005 2024,2005 2029,2010 2029,2049 2206,2049 2206,2010 2211,2005 2853,2005 2858,2000 2902,2000 2907,2005 3073,2005 3078,2000 3122,2000 3127,2005 3294,2005 3299,2000 3304,2000 3304,1995 3309,1990 3309,1931 3304,1926 3304,1887 3299,1887 3294,1882 2951,1882 2946,1887 2941,1887 2936,1882 2745,1882 2740,1877 2740,1843 2735,1838 2436,1838 2431,1843 2431,1877 2426,1882 2313,1882 2311,1884 2311,1885 2309,1887 2294,1887 2289,1882 2142,1882 2137,1887 1975,1887 1970,1882 1970,1872 1966,1868 1966,1801 1965,1800 1965,1780 1966,1779 2961,1779 2966,1774 2970,1774 2970,1769 2975,1764 2980,1769 2985,1769 2990,1774 3309,1774 3309,1710 3304,1710 3302,1708 3301,1708 3299,1706 3299,1671 3294,1666 3294,1657 3216,1657 3211,1652 3211,1622 3206,1617 3176,1617 3167,1608 3024,1608 3022,1610 3021,1610 3019,1612 3000,1612 2995,1617 2990,1617 2970,1637 2970,1642 2965,1647 2965,1648 2961,1652 2961,1696 2956,1701 2936,1701 2926,1691 2926,1657 2921,1657 2916,1652 2760,1652 2755,1657 2706,1657 2701,1652 2701,1612 2617,1612 2613,1608 2465,1608 2461,1612 2456,1612 2456,1652 2451,1657 2274,1657 2269,1652 2117,1652 2112,1657 2054,1657 2049,1652 2049,1642 2044,1637 1978,1637 1977,1636 1978,1635 1978,1633 1979,1632 1979,1631 1980,1630 1980,1628 1981,1627 1981,1625 1982,1624 1982,1623 1983,1622 1983,1620 1984,1619 1984,1618 1985,1617 1985,1615 1986,1614 1986,1612 1987,1611 1987,1610 1988,1609 1988,1607 1989,1606 1989,1605 1990,1604 1990,1602 1991,1601 1991,1599 1992,1598 1992,1597 1993,1596 1993,1594 1994,1593 1994,1591 1995,1590 1995,1589 1996,1588 1996,1586 1997,1585 1997,1584 1998,1583 1998,1581 1999,1580 1999,1578 2000,1577 2000,1576 2001,1575 2001,1573 2002,1572 2002,1570 2003,1569 2003,1568 2004,1567 2005,1568 2005,1598 2181,1598 2181,1554 2186,1549 2564,1549 2566,1547 2566,1546 2568,1544 2720,1544 2725,1549 3230,1549 3240,1539 3250,1539 3250,1529 3255,1524 3304,1524 3309,1519 3309,1456 3304,1451 3260,1451 3250,1441 3250,1436 3240,1436 3235,1431 3181,1431 3176,1426 3176,1416 3167,1407 3167,1402 3152,1387 3132,1387 3127,1382 2970,1382 2960,1392 2960,1393 2951,1402 2951,1407 2949,1409 2948,1409 2946,1411 2946,1416 2941,1421 2941,1426 2936,1431 2877,1431 2872,1426 2872,1397 2867,1392 2867,1387 2799,1387 2794,1382 2622,1382 2617,1387 2617,1392 2615,1394 2615,1395 2613,1397 2608,1397 2608,1407 2606,1409 2605,1409 2603,1411 2603,1426 2598,1431 2025,1431 2024,1430 2024,1429 2022,1427 2022,1426 2021,1425 2021,1424 2020,1423 2020,1422 2019,1421 2019,1420 2017,1418 2017,1417 2016,1416 2016,1415 2015,1414 2015,1413 2014,1412 2014,1411 2013,1410 2013,1409 2011,1407 2011,1406 2010,1405 2010,1404 2009,1403 2009,1402 2008,1401 2008,1400 2006,1398 2006,1397 2005,1396 2005,1395 2004,1394 2004,1393 2003,1392 2003,1391 2001,1389 2001,1388 2000,1387 2000,1386 1999,1385 1999,1384 1998,1383 1998,1382 1997,1381 1997,1380 1995,1378 1995,1377 1994,1376 1994,1375 1993,1374 1993,1373 1992,1372 1992,1371 1990,1369 1990,1368 1989,1367 1989,1366 1988,1365 1988,1364 1987,1363 1987,1362 1985,1360 1985,1359 1984,1358 1984,1357 1983,1356 1983,1355 1982,1354 1982,1353 1981,1352 1981,1351 1979,1349 1979,1348 1978,1347 1978,1346 1977,1345 1977,1344 1976,1343 1976,1342 1974,1340 1974,1339 1973,1338 1973,1337 1972,1336 1972,1335 1971,1334 1971,1333 1969,1331 1969,1330 1968,1329 1968,1328 1967,1327 1967,1326 1966,1325 1966,1324 1965,1323 1965,1322 1963,1320 1963,1319 1962,1318 1962,1317 1961,1316 1961,1315 1960,1314 1961,1313 2382,1313 2387,1308 2412,1308 2414,1310 2414,1311 2416,1313 2848,1313 2853,1318 2853,1357 2975,1357 2980,1362 3167,1362 3167,1318 3169,1316 3169,1315 3171,1313 3299,1313 3304,1308 3309,1308 3309,1284 3313,1280 3313,1201 3309,1201 3304,1196 3284,1196 3279,1191 3132,1191 3127,1196 2966,1196 2961,1201 2961,1206 2959,1208 2958,1208 2956,1210 2951,1210 2946,1205 2945,1205 2941,1201 2941,1196 2872,1196 2867,1191 2867,1147 2652,1147 2652,1186 2647,1191 2564,1191 2559,1186 2559,1171 2554,1166 2554,1161 2549,1156 2549,1152 2544,1152 2539,1147 2328,1147 2323,1152 2323,1191 2318,1196 2255,1196 2250,1191 2250,1171 2245,1166 2245,1161 2240,1156 2240,1152 2162,1152 2157,1147 1995,1147 1995,1196 1990,1201 1951,1201 1946,1196 1681,1196 1676,1201 1617,1201 1617,1225 1612,1230 1583,1230 1578,1225 1578,1201 1573,1196 1514,1196 1509,1191 1509,1152 1500,1152 1495,1147 1338,1147 1338,1191 1333,1196 1181,1196 1176,1201 1098,1201 1093,1196 980,1196 975,1191 975,1171 970,1166 970,1147"/><TextEquiv><Unicode/></TextEquiv><TextLine id="r1_l001"><Coords points="638,1174 3246,1174 3246,1342 638,1342"/><TextEquiv index="1"><Unicode>J'apprends, ma chre Roselle, que</Unicode></TextEquiv></TextLine><TextLine id="r1_l002"><Coords points="470,1409 3241,1409 3241,1572 470,1572"/><TextEquiv index="1"><Unicode>mon pre est mort, et que mon frre Oc-</Unicode></TextEquiv></TextLine><TextLine id="r1_l003"><Coords points="464,1633 3241,1633 3241,1802 464,1802"/><TextEquiv index="1"><Unicode>tave s'est empar de tous ses biens. On</Unicode></TextEquiv></TextLine><TextLine id="r1_l004"><Coords points="464,1863 3241,1863 3241,2031 464,2031"/><TextEquiv index="1"><Unicode>m'assure aussi que tu peux briser mes</Unicode></TextEquiv></TextLine><TextLine id="r1_l005"><Coords points="464,2098 3231,2098 3231,2266 464,2266"/><TextEquiv index="1"><Unicode>fers... O ma digne pouse! comment t'ap-</Unicode></TextEquiv></TextLine><TextLine id="r1_l006"><Coords points="454,2327 3215,2327 3215,2496 454,2496"/><TextEquiv index="1"><Unicode>prendrai-je le coup qui va me frapper!</Unicode></TextEquiv></TextLine><TextLine id="r1_l007"><Coords points="459,2557 3210,2557 3210,2720 459,2720"/><TextEquiv index="1"><Unicode>garde, garde tes soins pour notre enfant,</Unicode></TextEquiv></TextLine><TextLine id="r1_l008"><Coords points="454,2787 3246,2787 3246,2950 454,2950"/><TextEquiv index="1"><Unicode>que tu peux maintenant retirer de son</Unicode></TextEquiv></TextLine><TextLine id="r1_l009"><Coords points="449,3016 3215,3016 3215,3190 449,3190"/><TextEquiv index="1"><Unicode>triste asile ... Je meurs, j'expire, ma</Unicode></TextEquiv></TextLine><TextLine id="r1_l010"><Coords points="444,3241 3195,3241 3195,3419 444,3419"/><TextEquiv index="1"><Unicode>Roselle; et quand tu recevras cette lettre,</Unicode></TextEquiv></TextLine><TextLine id="r1_l011"><Coords points="439,3456 3213,3456 3213,3649 439,3649"/><TextEquiv index="1"><Unicode>peut-tre ton poux aura-t-il cess d'exis-</Unicode></TextEquiv></TextLine><TextLine id="r1_l012"><Coords points="439,3710 3231,3710 3231,3879 439,3879"/><TextEquiv index="1"><Unicode>ter!.... Je meurs, mon amie, victime de</Unicode></TextEquiv></TextLine><TextLine id="r1_l013"><Coords points="434,3930 3215,3930 3215,4119 434,4119"/><TextEquiv index="1"><Unicode>l'amour, victime sur-tout de la rigueur</Unicode></TextEquiv></TextLine><TextLine id="r1_l014"><Coords points="429,4165 3180,4165 3180,4353 429,4353"/><TextEquiv index="1"><Unicode>d'un pre tromp.... Hlas! il m'attend;</Unicode></TextEquiv></TextLine><TextLine id="r1_l015"><Coords points="429,4404 3185,4404 3185,4578 429,4578"/><TextEquiv index="1"><Unicode>ce n'est que dans l'autre vie qu'il conna-</Unicode></TextEquiv></TextLine><TextLine id="r1_l016"><Coords points="316,4634 3169,4634 3169,4811 316,4811"/><TextEquiv index="1"><Unicode>tra le cur de son ils... Adieu, Roselle,</Unicode></TextEquiv></TextLine><TextLine id="r1_l017"><Coords points="424,4864 1868,4864 1868,5032 424,5032"/><TextEquiv index="1"><Unicode>adieu, pour jamais.</Unicode></TextEquiv></TextLine><TextLine id="r1_l018"><Coords points="515,5099 3180,5099 3180,5277 515,5277"/><TextEquiv index="1"><Unicode>Cette lettre fut un coup de oudre pour</Unicode></TextEquiv></TextLine><TextLine id="r1_l019"><Coords points="413,5323 3164,5323 3164,5507 413,5507"/><TextEquiv index="1"><Unicode>moi. Je me rendis  la prison, o l'on</Unicode></TextEquiv></TextLine><TextLine id="r1_l020"><Coords points="408,5553 3164,5553 3164,5742 408,5742"/><TextEquiv index="1"><Unicode>m'apprit que je venais de perdre mon</Unicode></TextEquiv></TextLine><TextLine id="r1_l021"><Coords points="408,5788 3159,5788 3159,5976 408,5976"/><TextEquiv index="1"><Unicode>poux ..... Dans ma douleur, je voulus</Unicode></TextEquiv></TextLine><TextLine id="r1_l022"><Coords points="403,6017 3149,6017 3149,6196 403,6196"/><TextEquiv index="1"><Unicode>aller accabler de reproches l'infame Oc-</Unicode></TextEquiv></TextLine></TextRegion><ImageRegion id="r2"><Coords points="3931,1117 3931,1558 3936,1563 4042,1563 4043,1564 4043,1585 4042,1586 4042,1607 4041,1608 4041,1629 4040,1630 4040,1651 4039,1652 4039,1673 4038,1674 4038,1695 4037,1696 4037,1717 4036,1718 4036,1739 4035,1740 4035,1761 4034,1762 4034,1783 4033,1784 4033,1805 4032,1806 4032,1827 4031,1828 4031,1849 4030,1850 4030,1871 4029,1872 4029,1893 4028,1894 4028,1915 4027,1916 4027,1937 4026,1938 4026,1959 4025,1960 4025,1981 4024,1982 4024,2003 4023,2004 4023,2025 4022,2026 4022,2047 4021,2048 4021,2069 4020,2070 4020,2091 4019,2092 4019,2113 4018,2114 4018,2135 4016,2137 3941,2137 3936,2142 3936,2235 3931,2240 3931,2294 3936,2299 3936,2338 3931,2343 3931,2397 3936,2402 3936,2505 3931,2510 3931,2568 3936,2573 3936,2662 3934,2664 3933,2664 3931,2666 3931,2966 4017,2966 4018,2967 4018,2990 4019,2991 4019,3021 4020,3022 4020,3052 4021,3053 4021,3083 4022,3084 4022,3115 4023,3116 4023,3146 4024,3147 4024,3177 4025,3178 4025,3208 4026,3209 4026,3239 4027,3240 4027,3271 4028,3272 4028,3302 4029,3303 4029,3333 4030,3334 4030,3364 4031,3365 4031,3395 4032,3396 4032,3426 4033,3427 4033,3458 4034,3459 4034,3489 4035,3490 4035,3520 4036,3521 4036,3551 4037,3552 4037,3582 4038,3583 4038,3613 4039,3614 4039,3645 4040,3646 4040,3666 4039,3667 3931,3667 3931,4088 4019,4088 4020,4089 4020,4092 4019,4093 4019,4097 4018,4098 4018,4102 4017,4103 4017,4107 4016,4108 3936,4108 3931,4113 3931,4279 3926,4284 3926,4377 3931,4382 3931,4407 3926,4412 3926,4569 3931,4574 3931,4701 3976,4701 3977,4702 3977,4712 3978,4713 3978,4749 3979,4750 3979,4786 3980,4787 3980,4824 3981,4825 3981,4861 3982,4862 3982,4899 3983,4900 3983,4936 3984,4937 3984,4973 3985,4974 3985,5011 3986,5012 3986,5048 3987,5049 3987,5085 3988,5086 3988,5123 3989,5124 3989,5160 3990,5161 3990,5198 3991,5199 3991,5220 3990,5221 3931,5221 3931,5637 3936,5642 3936,5681 3931,5686 3931,5755 3936,5760 3936,5809 3931,5814 3931,5868 3936,5873 3936,5887 3931,5892 3931,5946 3936,5951 3931,5956 3931,6010 4015,6010 4016,6011 4016,6022 4017,6023 4017,6048 4016,6049 3936,6049 3936,6074 3931,6079 3931,6216 3936,6221 3936,6226 3931,6231 3931,6519 4078,6519 4078,6500 4083,6495 4083,6412 4078,6407 4078,6397 4083,6392 4083,6265 4078,6260 4078,6211 4083,6206 4083,6152 4078,6147 4078,6049 4020,6049 4019,6048 4019,6023 4018,6022 4018,6011 4019,6010 4073,6010 4073,5981 4083,5971 4083,5912 4078,5907 4078,5480 4080,5478 4081,5478 4083,5476 4083,5417 4078,5412 4078,5397 4083,5392 4083,5255 4078,5250 4078,5245 4073,5240 4073,5221 3994,5221 3993,5220 3993,5198 3992,5197 3992,5161 3991,5160 3991,5123 3990,5122 3990,5086 3989,5085 3989,5049 3988,5048 3988,5011 3987,5010 3987,4974 3986,4973 3986,4937 3985,4936 3985,4899 3984,4898 3984,4862 3983,4861 3983,4825 3982,4824 3982,4787 3981,4786 3981,4750 3980,4749 3980,4712 3979,4711 3979,4702 3980,4701 4073,4701 4073,4172 4078,4167 4078,4108 4020,4108 4019,4107 4019,4103 4020,4102 4020,4098 4021,4097 4021,4093 4022,4092 4022,4089 4023,4088 4073,4088 4073,4049 4078,4044 4087,4044 4087,3922 4083,3922 4078,3917 4078,3667 4043,3667 4042,3666 4042,3645 4041,3644 4041,3614 4040,3613 4040,3583 4039,3582 4039,3552 4038,3551 4038,3520 4037,3519 4037,3489 4036,3488 4036,3458 4035,3457 4035,3427 4034,3426 4034,3396 4033,3395 4033,3365 4032,3364 4032,3334 4031,3333 4031,3302 4030,3301 4030,3271 4029,3270 4029,3240 4028,3239 4028,3209 4027,3208 4027,3178 4026,3177 4026,3147 4025,3146 4025,3115 4024,3114 4024,3084 4023,3083 4023,3053 4022,3052 4022,3022 4021,3021 4021,2991 4020,2990 4020,2967 4021,2966 4078,2966 4078,2887 4083,2882 4083,2755 4078,2750 4078,2735 4083,2730 4083,2407 4078,2402 4078,2377 4083,2372 4083,2206 4087,2202 4087,2141 4083,2137 4020,2137 4019,2136 4020,2135 4020,2114 4021,2113 4021,2092 4022,2091 4022,2070 4023,2069 4023,2048 4024,2047 4024,2026 4025,2025 4025,2004 4026,2003 4026,1982 4027,1981 4027,1960 4028,1959 4028,1938 4029,1937 4029,1916 4030,1915 4030,1894 4031,1893 4031,1872 4032,1871 4032,1850 4033,1849 4033,1828 4034,1827 4034,1806 4035,1805 4035,1784 4036,1783 4036,1762 4037,1761 4037,1740 4038,1739 4038,1718 4039,1717 4039,1696 4040,1695 4040,1674 4041,1673 4041,1652 4042,1651 4042,1630 4043,1629 4043,1608 4044,1607 4044,1586 4045,1585 4045,1564 4046,1563 4078,1563 4078,1544 4083,1539 4083,1509 4087,1505 4087,1392 4083,1392 4078,1387 4078,1304 4073,1299 4073,1289 4078,1284 4078,1117"/></ImageRegion><TextRegion id="r3" type="footnote" orientation="-0.0"><Coords points="2486,6511 2486,6228 2758,6228 2758,6511"/><TextEquiv><Unicode/></TextEquiv><TextLine id="r3_l002"><Coords points="2486,6511 2486,6228 2758,6228 2758,6511"/><TextEquiv index="1"><Unicode>.</Unicode></TextEquiv></TextLine></TextRegion><TextRegion id="r4" type="page-number" orientation="-0.0"><Coords points="1892,916 1892,921 1877,936 1872,936 1872,960 1867,965 1755,965 1750,960 1750,926 1603,926 1598,931 1593,931 1588,936 1588,941 1583,946 1583,951 1578,955 1578,975 1573,980 1573,1078 1578,1083 1578,1098 1583,1103 1583,1112 1598,1127 1745,1127 1750,1122 1750,1093 1755,1088 2024,1088 2029,1093 2029,1122 2176,1122 2181,1117 2186,1117 2186,1112 2196,1103 2196,1098 2201,1093 2201,1083 2206,1078 2206,1054 2211,1049 2211,985 2206,980 2206,965 2201,960 2201,946 2196,941 2196,936 2186,926 2186,921 2039,921 2034,916"/><TextEquiv><Unicode/></TextEquiv><TextLine id="r4_l001"><Coords points="1643,939 2144,939 2144,1102 1643,1102"/><TextEquiv index="1"><Unicode>eo</Unicode></TextEquiv></TextLine></TextRegion></Page></PcGts>