4266 7844
500 1090 3236 1265 frre an de l'inortun, revint des les,
509 1331 3245 1463 possesseur d'une fortune considrable.
504 1561 3255 1729 La voix publique lui apprit nos malheurs
1944 1694 2098 1776 1
499 1792 3245 1969 et l'opprobre qu'une injuste condamna-
500 2016 3246 2199 tion rpandait sur son nom. Il vint me
499 2258 3250 2428 voir, gronda d'abord; mais convaincu de
500 2490 3251 2660 l'innocence de son frre, il le consola, et
494 2723 3230 2896 jura de tirer vengeance de son ennemi.
495 2949 3246 3121 Briceval ne put survivre  sa honte. Nous
504 3179 3250 3350 le perdmes chez moi; il expira de douleur
505 3409 3246 3581 dans nos bras, aprs nous avoir demand
499 3643 3245 3811 pour faveur dernire que, si nous retrou-
495 3870 3241 4036 vions jamais ma fille Jeanne Victoire
499 4096 3255 4260 Dricourt, elle ft unie  son fils. Il en
500 4327 3251 4503 donna mme l'ordre  ce jeune enfant
499 4569 3250 4736 genoux prs de son lit, et Briceval mou-
500 4794 3251 4968 rut persuad qu'un jour prospre me ren-
499 5027 3260 5208 drait ma fille, et que je rparerais tous
495 5261 3246 5435 les maux que je lui avais causs par mon
504 5495 3260 5664 secret mariage, en unissant ces deux en-
505 5725 1914 5854 fans du malheur!....
668 5959 3250 6140 Ds qu'il eut erm les yeux, Jules,
2569 6177 2919 6463 E
