4266 7891
949 1089 3758 1272 mon frère aîné, se chargea de l'éduca-
954 1326 3743 1505 tion du jeune Briceval, son neveu; il
959 1560 3737 1740 prit cet enfant avec lui; et pour se sous-
959 1790 3794 1980 traire à l'opprobre dont son nom était
959 2030 3744 2219 entaché, il en changea, en donna un
959 2264 3742 2446 supposé à l'enfant, et l'emmena voyager
964 2499 3748 2676 avec lui. Ainsi, je restai seule à ma
964 2733 3748 2912 douleur, à mes regrets! Un événement
964 2963 3762 3136 vint accroître ma fortune; Octave, ce
975 3198 3752 3377 méchant frère de mon époux, fut tué
969 3434 3769 3619 en duel (j'ai toujours soupçonné Jules
964 3670 3743 3855 d'avoir vengé Briceval); et mon con-
964 3903 3748 4042 trat me donnant des droits à sa suc-
970 4136 3748 4322 cession, je me vis l'héritière de toute
963 4355 3743 4573 la fortune des Déricourt. J'étais riche,
970 4609 3738 4786 Jeannette, mais toujours malheureuse.
970 4843 3738 5027 J'ignorais ce qu'était devenue ma fille....
932 5077 3748 5264 mon époux était mort, et n'avait point
964 5314 3743 5492 découvert l'asile au fond duquel il l'a-
964 5541 3763 5727 vait cachée.... Cependant, il y a deux
964 5781 3758 5962 ans de cela tout au plus, j'étais venue
969 6012 3753 6198 me fixer ici dans cette ville, lorsqu'un
2024 820 2680 1073 ic).
