4266 7844
1648 970 2133 1128 na.
504 1173 3262 1379 homme ple, dfait, vint un jour se
499 1412 3252 1617 jeter  mes pieds: Eh quoi! s'cria-t-il,
503 1644 3247 1847 est - ce madame Dricourt que je vois!
503 1872 3252 2075 ah! que vous allez soulager mon cur,
498 2103 3252 2308 charg, depuis long - tems, du poids
499 2337 3247 2497 d'un remords bien cruel!... Reconnaissez
497 2569 3251 2773 Ferrand, madame, l'ancien domestique
498 2800 3242 3002 de votre poux, celui  qui, dans un
498 3030 3242 3225 moment affreux, il confia votre enfant
494 3265 1542 3398 nouveau n!...
651 3497 3227 3696 Emue, j'interroge cet homme; il
493 3723 3237 3925 m'apprend l'abandon de ma fille!... Je
498 3954 3237 4153 cours  Paris; je m'informe  l'hos-
489 4184 3235 4388 pice des Enans-Trouvs. On me dit qu'on
493 4402 3237 4579 a confi mon enfant aux soins de deux
494 4647 3266 4848 poux, dont on me donne le nom, l'a-
493 4873 3242 5078 dresse. Je vole chez M. d'Eranville;
493 5106 3267 5311 on ne sait ce qu'il est devenu, non plus
494 5348 3245 5521 que son pouse, ni sa fille, ni cette
489 5566 3257 5770 mme Jeannette, orpheline, leve par
489 5799 3252 5993 eux, et qu'on a bien connue. Toute
493 6027 3238 6232 cette famille est ruine, me dit - on,
