4266 7844
1659 883 2144 1051 ae.
760 1536 2986 1659 CHAPITRE XXVI.
607 1873 3149 2026 On voit bien des mariages comme cela.
509 2515 3240 2684 Jeannette, d'aprs une circonstance
509 2741 3246 2928 du rcit de sa mre, pressentit le but
514 2967 3241 3156 des ordres qu'elle devait lui prescrire;
508 3204 3251 3397 mais elle n'y fit pas beaucoup d'atten-
509 3433 3256 3627 tion pour le moment. Attendrie des v-
514 3664 3251 3855 nemens rapides et singuliers qu'on ve-
514 3892 3261 4075 nait de lui retracer, mue du souvenir
514 4122 3261 4304 de son amie Ccile, victime sans doute
514 4355 3261 4560 d'un ordre arbitraire, Jeannette ne pensa
520 4583 3256 4775 toute la nuit qu' l'infortune d'Eran-
520 4812 3261 5004 ville. Elle se leva, s'habilla  la hte,
525 5044 3277 5231 et fut rejoindre sa mre, qu'elle trouva
525 5281 3270 5445 prte. Partons, ma fille, lui dit ma-
534 5509 3271 5704 dame Dricourt; ne perdons pas de
535 5734 3277 5937 tems, car il nous faut revenir demain
534 5966 3292 6172 ici: aprs demain j'attends compagnie
