4266 7858
2099 960 2596 1143 iae.
967 1192 3745 1363 le bonheur de te retrouver; je leur ai
961 1424 3739 1596 fait savoir cette heureuse nouvelle par
962 1655 3735 1831 un exprs que j'ai envoy au - devant
966 1890 3739 2062 d'eux. J'exige de toi, mon enfant, que
972 2120 3745 2289 tu t'habitues, ds aujourd'hui,  re-
976 2351 3749 2523 garder ce jeune homme comme ton futur
972 2582 3745 2754 poux .... Jeannette, tu ne rponds rien?
971 2812 3744 2975 ton cur est libre; tu me l'as assur?
972 3042 3750 3210 -- Ma mre, il est vrai; mais son cur
971 3277 3754 3449 l'est-il?... -- Mon neveu! oh, je te r-
967 3510 3760 3684 ponds de son cur; je n'ai jamais en-
899 3741 3754 3918 tendu dire qu'il se soit donn  une
967 3977 3729 4155 autre. Sois tranquille sur ce point....
966 4204 3734 4381 Eh bien, aurais-je de la peine  ob-
962 4439 3750 4612 tenir de toi la promesse que je desire?
966 4667 3759 4839 -- Madame .... j'ai toujours ui les liens
967 4895 3735 5070 de l'hymen. -- C'est pourtant le but de
966 5129 3734 5300 toute personne honnte et vertueuse. -- A
967 5359 3724 5532 mon ge, madame!  vingt-huit ans!
966 5588 3734 5766 c'est bien tard. -- Tu n'en sentiras que
972 5811 3729 5988 mieux le bonheur conjugal. -- Eh quoi!
976 6047 3739 6222 peine ai - je le bonheur d'embrasser
