4266 7691
358 1156 3313 1386 ma mre, qu'elle me presse de me s-
355 1374 3310 1614 parer d'elle! -- Jamais, non, mon en-
352 1598 3307 1843 fant, jamais je ne vous quitterai, toi
348 1827 3303 2098 et ton poux. Nous vivrons ensemble;
345 2054 3300 2289 et peut-tre, avant de mourir, aurai-je
342 2283 3297 2522 le bonheur de te voir mre  ton tour.
339 2475 3294 2741 Oh! donne-moi cette satisfaction? -- Ma-
337 2743 3292 2975 dame, permettez-moi de vous objecter ....
334 2976 3289 3196 -- Jeannette, songe donc que je suis en-
330 3194 3286 3431 gage par un serment fait  un homme
327 3431 3283 3659 expirant, dont les dernires volonts
325 3655 3280 3904 doivent tre respectes. J'aurai peine,
322 3869 3277 4116 ma fille,  user des droits que j'ai sur
319 4098 3274 4347 vous; ce n'est qu' la dernire rigueur
316 4332 3271 4585 que je prendrai sur moi de vous dire:
313 4572 2089 4779 Je l'exige, je le veux.
310 4792 3265 5031 Jeannette se jeta sur une main de sa
307 5007 3262 5256 mre, qu'elle couvrit de baisers. Bonne
304 5238 3259 5489 mre, lui dit-elle, vous ne serez point
300 5430 3256 5717 frustre dans votre attente: tant de
297 5664 3253 5951 bont me pntre; oui, je vous obirai:
295 5921 3249 6138 pour peu que mon cousin ne me d-
1562 956 2048 1112 ir..
