4266 7811
1587 936 2070 1093 Li.
458 1159 3209 1327 de toutes les grâces, et d'un ton excel-
463 1388 3214 1556 lent, son seul aspect décida sur - le-
468 1622 3224 1795 champ Jeannette en ſaveur de l'hymen
467 1855 3223 2023 projeté. Nous voilà, ma sœur, dit l'oncle
478 2085 3229 2248 à madame Déricourt; mais est-ce là
473 2319 3224 2477 ma nièce, Jeannette, cette enfant d'un
473 2548 3224 2716 frère infortuné? -- Vous la voyez, mon
478 2777 3224 2944 frère. --Driceval, poursuit l'oncle, tiens,
483 3005 3229 3168 mon anti, regarde donc ta cousine. Est-
483 3229 3229 3402 elle aimable, hein? ... Corbleu, que tu
478 3468 3229 3636 vas être heureux! mais tu la regardes
483 3692 3234 3865 là!... embrasse-la donc, nigaud? A ton
488 3926 3229 4089 âge, est-ce qu'on m'aurait dit ces choses-
488 4150 3229 4323 là? ... -- Mon oncle, répondit le jeune
488 4379 3234 4546 homme avec douceur, c'est une faveur
493 4607 3234 4770 qu'il faut mériter avant d'oser même la
493 4841 3229 5014 demander. -- Je suis charmée, inter-
488 5075 3234 5253 rompit madame Déricourt, que vous
493 5299 3229 5477 trouviez ma fille aimable: eh bien, ses
493 5528 3234 5716 attraits ne sont rien encore en compa-
492 5761 3238 5944 raison des vertus de son cœur. Ou'il
