4266 7811
472 1132 3224 1333 j'ai perdu mes dignits, mes croix, une
467 1382 3228 1555 partie de ma fortune; eh bien, je m'en
472 1600 3229 1796 console en pensant que tout cela est
462 1836 3224 2042 sans doute pour le bien gnral, et je
457 2063 3214 2255 ris, et je bois toujours. -- Vous faites
456 2293 3209 2481 bien: j'ai fait une visite  ma cave ex-
452 2527 3194 2725 prs pour vous; j'ai mis  part des vins!..
452 2759 3204 2944 -- Tant mieux; c'est le trait d'une bonne
452 2982 3209 3183 sur. Je suis d'avis que nous en fas-
447 3213 3199 3404 sions sur - le - champ l'examen? -- Vo-
446 3443 976 3575 lontiers.
630 3686 3198 3869 Madame Dricourt sonne; on ap-
441 3915 3189 4106 porte  djener; et pendant que l'oncle
380 4147 3184 4335 boit et rit, Jeannette et son cousin
426 4380 3183 4565 s'examinent avec timidit, sans oser se
426 4606 3179 4798 dire un mot. Cependant il semble
421 4841 3178 5031 Jeannette qu'elle a vu ce jeune homme-
416 5072 3178 5265 l quelque part; et de son ct, Bri-
421 5303 3163 5492 ceval ne sait s'il n'a pas rencontr Jean-
416 5535 3168 5680 nette dans une de ses socits. Ils se
411 5765 3159 5959 communiquent rciproquement ce doute,
405 5999 3144 6198 et ne peuvent deviner o ils se sont vus.
1607 931 2090 1093 ii
