4266 7811
421 1208 3169 1430 pendant la dissipation, l'ide de son ma-
419 1442 3175 1657 riage, les tendres consolations de sa
420 1664 3165 1886 mre, tout fait quelque diversion  sa
415 1894 3155 2105 douleur, et un mois s'coule en ftes,
421 2130 3148 2333 en plaisirs, en prparatifs d'hymen;
410 2358 3155 2576 car tout est arrang, dcid entre les
406 2598 3153 2791 parens et les jeunes gens. Il n'y a eu
411 2826 3147 2989 pour cela que deux mots de dits entre
400 3036 3149 3260 eux: Mon cousin, je me fais un de-
399 3274 3124 3489 voir de remplir le vu de ma mre.
390 3502 3129 3717 -- Ma cousine, l'ordre de mon pre
395 3727 3135 3949 est encore prsent  ma mmoire. Voil
354 3954 3118 4182 ce que se sont dit Jeannette et Briceval.
384 4191 3124 4410 Briceval! il a souvent de frquens en-
378 4424 3118 4641 tretiens avec son oncle; et il en sort
383 4646 3114 4878 toujours les larmes aux youx, tandis que
378 4881 3104 5058 la colre sillonne le front du vieillard.
378 5112 3114 5330 Quel est donc le sujet de leurs secrtes
380 5347 3114 5525 conversations? Jeannette le demande
379 5579 3103 5801 sa mre; sa mre l'ignore comme elle.
377 5797 3118 6029 Madame Dricourt en parle  Jules Bri-
374 6041 3118 6267 ceval: Jules lui rpond que ce n'est
717 6326 910 6408 I.
1565 1006 2048 1169 i
