4266 7746
1616 893 2246 1135 i
559 1155 3283 1328 de convention, arrt, dcid ds son
554 1386 3283 1565 enfance par des parens au lit de la mort,
560 1614 3288 1791 Jeannette n'y mettait ni retard ni emp-
554 1845 3288 2019 chement. Elle sentait nanmoins qu'elle
544 2066 3283 2244 aimait mieux Briceval que tout autre,
544 2294 3278 2475 et l'hymen s'offrait  ses yeux sous un
539 2529 3268 2704 aspect aimable. Briceval, de son ct,
539 2759 3268 2936 avait l'air d'agir d'aprs les mmes prin-
544 2984 3258 3165 cipes; il semblait acquitter une promesse,
544 3218 3258 3404 et ne montrer ni amour ni rpugnance.
534 3430 3268 3622 Ses procds taient honntes; mais des
529 3681 3257 3847 veux plus clair-voyans que ceux de Jean-
534 3911 3258 4083 nette auraient vu qu'il se rsignait, et
525 4140 3253 4319 qu'il tait tourment par quelque cha-
530 4363 3243 4540 grin secret. Il ne se plaignait point ce-
524 4591 3253 4768 pendant, et son oncle sans doute tait
518 4812 3243 4987 le seul qui ft dans sa conidence. Ma-
513 5043 3243 5220 dame Dricourt, aveugle par l'excs de
453 5270 3233 5443 son bonheur, aprs tant d'infortunes,
513 5491 3233 5677 croyait ou voulait croire que les jeunes
504 5725 3223 5902 gens s'adoraient. Elle faisait valoir au-
498 5955 3223 6137 prs de Jeannette les moindres complai-
