4266 7811
404 2129 660 2284 L
405 2213 3379 2448 tanlissons-nous avec nos amis
407 2449 3382 2673 dans leur élégant domicile, situé rue
409 2667 3384 2905 de l'Université, et prenons notre part
411 2922 3385 3129 des bruyans plaisirs qu'ils vont goûter.
413 3135 3387 3368 D'abord Briceval, que son oncle, im-
415 3361 3390 3595 mensément riche, comme l'on sait, avait
417 3602 3392 3827 aussi doté de son côté, donna à sa femme
419 3831 3394 4054 une voiture, des gens, et tous les meu-
421 4066 3396 4296 bles de fantaisie, ainsi que les ajuste-
423 4298 3398 4527 mens du dernier goût. Jeannette (nous
425 4524 3400 4753 servirons-nous encore de ce nom?) ma-
427 4758 3402 4985 dame de Briceval eut les plus beaux dia-
429 4988 3404 5229 mans, tout ce qu'elle voulut, et il sembla
431 5229 3406 5441 que son époux se fît un devoir de voler
432 5389 589 5489 L
433 5463 3408 5688 au-devant de ses moindres vœux. Mais
435 5683 3410 5913 cet époux si généreux, si grand en pro-
437 5927 3412 6158 cédés, bornait là les preuves de sa ten-
706 1535 3081 1703 CIT.
926 1871 2904 2024 Mari comme il y en a tant.
