4266 7801
2215 889 2697 1041 a.
1035 1096 3774 1278 dresse. Il était toujours triste, mélan-
1035 1329 3779 1512 colique; et quand sa ſemme lui faisait
1030 1558 3779 1747 la guerre de sa misanthropie, il soupi-
1025 1795 3779 1971 rait, se levait et sortait. Jeannette s'a-
1030 2031 3778 2203 perçut bientôt que son époux n'avait pour
1030 2248 3769 2433 elle que de l'estime, et même une estime
1020 2481 3769 2666 très-froide. Elle fit part de cette remarque
1020 2710 3759 2897 affligeante à sa mère, qui lui répondit:
1015 2938 3769 3120 Mais tu rêves, mon enfant; je ne vois
1015 3152 3859 3351 pas cela du tout. Ton mari est plein de
1015 3401 3758 3575 procédés, et les petits soins qu'il a sans
1020 3624 3759 3814 cesse pour toi sont, je crois, assez de
1010 3860 2753 3998 preuves de sa tendresse.
1177 4087 3764 4267 Jeannette crnt sa mère, et elle se fit
1010 4332 3753 4489 peu - à - peu au caractère de son mari,
1015 4555 3758 4723 qu'elle trouvait d'ailleurs toujours hon-
1005 4773 3743 4960 nête, délicat et empressé de lui plaire.
1162 5001 3749 5190 Malgré la marche rapide de la révolu-
1000 5232 3749 5419 tion, l'hiver de cette année fut très-
1005 5459 3743 5655 agréable, et offrit mille plaisirs variés.
1025 5703 3742 5871 'ous ces plaisirs étaient nouveaux pour
1010 5915 3830 6114 Jeannette, qui n'en avait jamais joui.
