4266 7801
2159 889 2636 1051 n.
859 1095 3940 1336 la partie que lui proposait son poux.
862 1325 3944 1557 On prit un jour. Briceval se chargea des
866 1540 3948 1797 invitations, et une socit brillante et
870 1783 3951 2028 nombreuse vint embellir cette fte nou-
873 2015 3955 2260 velle pour Jeannette. On la pressa de
877 2252 3958 2493 chanter; elle ne se fit pas prier, et un
880 2485 3962 2730 clbre compositeur italien l'accompagna
884 2698 3966 2965 au piano. Tout le monde s'entretenait
887 2946 3969 3189 de ses grces, de ses talens et de son
891 3179 3973 3424 aimable caractre. Briceval remarqua que
895 3412 3976 3652 sa femme tait le but de l'attention g-
898 3635 3979 3890 nrale, et son lgitime amour-propre en
901 3899 1682 4119 fut flatt.
912 4076 3987 4337 Cette soire charmante en amena d'au-
909 4330 3990 4580 tres chez les personnes trangres qu'on
912 4559 3993 4763 v avait invites, et Jeannette se trouva
914 4753 1091 4865 LE
916 4798 3997 5049 lance ainsi dans la socit. Les bals
919 5032 4001 5285 succdrent, puis les ths, nouvelle mode
923 5250 4005 5510 adopte en France d'aprs la contume des
926 5487 4007 5714 peuples voisins, et l'hiver se passa ainsi
930 5714 4011 5918 pour Jeannette en tes et en plaisirs
933 5943 4014 6172 de tous genres. Par-tout elle tait, sinon
