4266 7801
973 1068 3724 1275 soudain à toute société. C'est alors que le
978 1298 3724 1504 souvenir de Cécile lui devint plus amer:
984 1543 3742 1726 elle n'avait pas cessé d'y penser; elle avait
983 1768 3734 1971 même fait quelques démarches vagues;
984 2000 3744 2202 mais entraînée par le tourbillon des plai-
988 2229 3739 2428 sirs, elle n'avait pu, ainsi qu'elle l'avait
987 2459 3738 2677 projeté, s'occuper toute entière de son
995 2696 3748 2880 amie. Elle se promit de ne rien négliger
999 2937 2804 3124 pour découvrir ses traces.
1156 3153 3749 3348 Briceval, de son côté, toujours en
998 3376 3755 3576 proie à sa sombre mélancolie, ne s'était
995 3604 3749 3806 livré à la société que pour sa femme,
1000 3839 3748 4027 pour laquelle il avait une grande estime
1004 4065 3750 4224 et un sincère attachement. Il fut ravi de
1005 4294 3755 4495 voir que, d'elle-même, elle se retirait
1004 4525 3754 4730 des cercles méchans et corrupteurs où
916 4750 3754 4956 elle s'était jetée d'abord en étourdie. Une
1000 4986 3755 5186 nouvelle triste vint encore ajouter à leur
1008 5218 3749 5418 goût commun pour la solitude. Le vieil
1009 5442 3759 5645 oncle Jules, que sa goutte avait retenu
1005 5668 3765 5831 tout l'hiver dans la maison de sa sœur
1014 5906 3753 6084 à Chartres, v venait de mourir. Cette
2036 861 2680 1060 a.
