4266 7811
1714 865 2197 1027 .
588 1072 3342 1279 circonstance, qui affligea beaucoup plus
584 1315 3315 1499 madame Dricourt que Briceval, ran-
573 1544 3322 1708 pela nos amis  Chartres. Briceval tait
573 1774 3327 1990 l'unique hritier de cet oncle qui l'avait
578 2002 3312 2206 lev; il lui allait aire diffrens voyages
563 2247 3316 2420 pour recueillir sa succession, et sur-tout
558 2462 3312 2666 en Amrique, o il possdait de vastes
558 2690 1349 2822 habitations.
711 2914 3307 3117 En consquence, Briceval, voyant le
553 3147 3299 3335 printems annoncer un t superbe, r-
547 3375 3296 3578 solut de ne pas diffrer plus long-tems son
548 3625 3289 3793 vovage aux les, voyage qui devait l'-
542 3839 3367 4045 loigner pendant six mois au moins. Jean-
537 4073 3286 4275 nette prouva un vritable chagrin en
527 4300 3281 4505 pensant qu'elle allait vivre quelque tems
537 4531 3281 4738 spare de son poux; mais dcide
523 4760 3267 4973 passer ce tems fatal auprs de sa mre,
523 4996 3271 5199 elle mit un rgisseur sr dans son htel
513 5223 3257 5423 de Paris, et suivit madame Dricourt,
523 5450 3261 5654 qui voulait finir ses jours dans sa maison
508 5682 1323 5818 de Chartres.
674 5912 3251 6113 Cependant ces deux femmes isoles et
