4266 7801
969 1082 3729 1302 tristes devaient avoir une socit agrable
974 1335 3723 1508 pour elles, et  laquelle elles taient bien
979 1572 2524 1756 loignes de s'attendre.
1147 1778 3739 1981 Quelques jours avant son dpart, Bri-
988 2014 3744 2217 ceval, qui paraissait de plus en plus triste
988 2244 3733 2450 et soucieux, disparut sans rien dire
989 2472 3744 2678 personne, et ne revint que le surlende-
988 2705 3750 2906 main matin, au grand contentement de
994 2936 3760 3139 son pouse, que son absence avait singu-
999 3192 2367 3374 lirement inquite.
1161 3400 3754 3596 Briceval descend de voiture, et tient
1004 3631 3759 3833 dans ses bras un jeune enfant, beau comme
1004 3864 3764 4067 l'amour, g tout au plus de quatre ans.
1009 4085 3765 4287 Ma femme, dit-il  Jeannette qui s'est
1024 4322 3765 4528 empresse au-devant de lui, jusqu' pr-
1024 4560 3775 4757 sent le ciel n'a pas dcid encore que vous
1024 4784 3765 4984 devinssiez mre, soyez-le ds ce moment!
1029 5018 3790 5219 Oui, daignez servir de mre  ce pauvre
1034 5247 3789 5449 enfant auquel je m'intresse... beaucoup!
1039 5482 3794 5684 Je l'ai vu natre; j'ai connu sa mre, sa
1039 5711 3790 5915 mre infortune qu'il a perdue pour ja-
1044 5945 3789 6151 mais. Jeannette, si tu veux faire une
2102 878 2600 1040 (ie
