4266 7811
1635 773 2260 1022 n
553 1052 3299 1220 chose agrable  ton poux, ce sera d'e-
549 1287 3300 1449 lever cet enfant comme le tien: j'ai pro-
549 1521 3300 1683 mis  ses parens de ne jamais l'aban-
544 1744 3295 1912 donuer, d'galer leur tendresse pour lui:
544 1973 3290 2136 hlas! il ne les connatra jamais! -- Eh
538 2206 3305 2375 quoi, mon ami! rpond Jeannette, cet
539 2441 3300 2609 enfant est orphelin, et tu daignes lui
539 2675 3422 2857 tenir lieu de pre! Pourquoi me l'as-tu
539 2909 3300 3087 cach jusqu' prsent? Que ne m'as-tu
539 3138 3295 3306 dit plutt!... -- Je ne le pouvais pas,
534 3372 3295 3539 mon amie. J'ignorais moi-mme que cet
539 3600 3285 3773 enfant pt un jour entrer dans ma mai-
539 3834 3290 3951 son. Il recevait .... alors.... les caresses
528 4057 3284 4225 de son pre: -- Qui n'est plus apparem-
524 4292 3285 4414 ment? Etait-ce un homme.... ais? -- Un
524 4521 3285 4694 inortun. -- Un indigent? que tu pro-
529 4755 3280 4923 tgeais? -- Que j'aimais... comme moi-
529 4999 3280 5162 mme. Enin, Jeannette, qu'il te suf-
524 5223 3285 5396 fise de savoir que je m'y intresse: prends
529 5462 3280 5630 cet enfant, qu'il adoucisse les ennuis de
519 5696 3280 5869 mon absence, et qu' mon retour je te
524 5925 3280 6103 voie partager l'afection que je lui ai
