4266 7858
2103 849 2630 1013 .
991 1074 3729 1252 voue? -- N'en doute pas, mon ami!
991 1314 3744 1483 qu'il est joli! comment s'appelle - t - il?
991 1545 3744 1712 -- Ha ha... Oui, son nom? il est essen-
987 1774 3740 1949 tiel en effet que tu saches... Il s'appelle...
991 2003 3749 2181 Auguste. -- Auguste! eh bien, qu'il me
992 2239 3750 2412 soit aussi cher qu' toi! Quel ge? quatre
991 2464 3754 2638 ans environ, n'est-ce pas? Le voil au
992 2697 3760 2871 mme ge o je fus jadis recueillie par
991 2936 3759 3109 M. d'Eranville, par un bienfaiteur aussi
991 2946 1121 3012 L
992 3165 3750 3343 gnreux que sensible. Rendons  l'or-
991 3401 3749 3565 phelin les mmes soins qu'on a prodigus
998 3625 3750 3800 mon enfance abandonne; oui, faisons
991 3872 3749 4041 pour lui ce qu'on a fait pour la pauvre
998 4097 3750 4270 Jeannette. Enfant! je us comme toi,
991 4335 3749 4514 et comme toi j'ai trouv une famille nou-
992 4567 3755 4744 velle, des protecteurs. Sois mon fils ds
997 4798 3754 4981 ce moment, et que jamais ceux que le
992 5032 3755 5214 ciel peut m'envoyer n'altrent la ten-
991 5264 3749 5445 dresse que je te dois jusqu' ton tablis-
998 5494 3750 5630 sement dans le monde. Mon cher Bri-
997 5727 3764 5904 ceval, c'est un vritable cadeau que vous
998 5973 1924 6150 me faites l?
