4266 7844
1664 954 2154 1118 l.
686 1163 3262 1361 Briceval regarda sa femme avec un int-
524 1386 3267 1591 rt si vif, qu'une larme tomba de ses pau-
520 1627 3255 1795 pires. Il prit ensuite les mains de Jean-
525 1857 3267 2050 nette, et les serrant dans les siennes, il
534 2080 3267 2241 lui dit d'un ton de voix touff: Tu es
513 2312 2257 2498 une bien digne femme!...
676 2542 3262 2741 Il embrassa le petit Auguste, fit ses
513 2766 3257 2968 adieux  son pouse,  sa belle-mre, et
509 3005 3251 3173 partit pour son grand vovage. Madame
498 3226 3252 3429 de Briceval fut d'abord afflige de rece-
493 3456 3246 3660 voir les adieux d'un poux qu'elle allait
494 3699 3235 3883 perdre pour long-tems; mais bientt, en
484 3934 3225 4118 pensant qu'il lui crirait souvont, et qu'il
479 4158 3230 4342 presserait ses affaires, ainsi qu'il l'avait
474 4388 3219 4546 promis, elle se livra toute entire aux ca-
473 4606 3221 4806 resses que l'enfant mritait. Elle deman-
473 4831 3216 5038 da cependant  madame Dricourt si elle
469 5066 3211 5270 avait entendu quelquefois son neveu par-
456 5295 3201 5492 ler de cet enfant et de sa famille? Jamais,
452 5529 3201 5732 rpondit sa mre; voil la premire fois
453 5766 3276 5955 que je le vois, que j'entends prononcer
447 5988 3191 6194 son nom. Si mon frre vivait, il nous
