4266 7914
972 1173 3777 1400 mettrait sans doute au fait; car, lui qui
973 1432 3781 1617 accompagnait par-tout son neveu, il de-
982 1656 3787 1854 vait connatre ses amis, ses socits. C'est
982 1887 3777 2099 sans doute le fils de quelque domestique,
987 2121 3793 2327 de quelque indigent  qui il faisait du
984 2354 3793 2555 bien; car il a un excellent cur, ton
994 2586 3782 2787 mari, ma chre! oh, le meilleur cur!...
995 2816 3804 3025 Il faut nanmoins qu'il ait pris bien de
1003 3055 3804 3258 l'intrt aux parens de cet enfant; car il
1009 3274 3810 3493 en parlait!... Il regardait Auguste d'un
1008 3520 3813 3683 air si tendre!... Son cur battait violem-
1013 3760 3814 3963 ment, et j'ai remarqu mme que ses
1019 3995 3813 4165 veux taient mouills de larmes. -- C'est
1024 4235 3812 4425 que ces gens-l taient apparemment bien
1024 4458 3819 4622 malheureux! -- J'ai ou dire  mon frre
1030 4693 3828 4895 que ton poux mme en vovageant allait
2859 4835 3075 4928 LE
1035 4928 3828 5116 secourir l'indigence jusques sur les gra-
1035 5160 3818 5369 bats, dans les greniers qu'elle habite.
1039 5392 3813 5592 C'est un homme, oh, c'est un homme!
1039 5632 3829 5827 tu dois te trouver bien heureuse, Jean-
1045 5872 3839 6071 nette, d'avoir suivi mes desirs en pou-
1049 6102 3840 6316 sant un si galant homme? -- Bien heu-
