4266 7811
564 1546 3097 1688 CHAPITRE XXVIII.
905 1922 2756 2080 Petite cause et grand effet.
1576 931 2065 1093 iar.
441 2297 3213 2460 Jeannette, seule, rflchit. Mon
446 2517 3219 2725 poux, se disait-elle, est un homme esti-
447 2747 3219 2944 mable, mais bizarre. Jamais cet homme-
445 2977 3215 3196 l ne m'a racont ce qu'il tait, ce qui
446 3209 3215 3412 lui est arriv avant de m'pouser: il a
450 3440 3204 3641 beaucoup voyag avec son oncle, et il ne
446 3671 3200 3876 m'a jamais parl de ses voyages. Pas une
405 3902 3199 4104 seule anecdote, pas la moindre coni-
435 4134 3205 4336 dence qui soit sortie de sa bouche! Ses
430 4367 3195 4565 amis, ses simples connaissances, m'a-t-il
440 4596 3200 4794 dit mme les noms de ceux, de celles
436 4835 3198 4993 qu'il avait connus avant moi? .... Toutes
434 5055 3199 5269 les ois que j'ai voulu l'interroger sur
430 5277 3190 5491 ses liaisons antrieures  la ntre, il a
425 5519 3178 5718 dissimul, dtourn la conversation sur
425 5755 3190 5954 d'autres sujets, et je n'ai rien su. Il m'a
430 5983 3179 6199 toujours traite avec estue, avec gards;
