4266 7811
717 6143 900 6219 1.
1601 818 2089 980 rs.
465 1022 3220 1245 mon enfant: sa mre n'est plus; rempla-
466 1256 3210 1471 ce-la, et sois assez gnreuse pour souf-
450 1472 3206 1699 frir chez toi un enfant qui n'est pas le
445 1713 3185 1920 tien!... S'il m'et dit cela, je lui aurais
439 1939 3206 2155 rpondu, en l'embrassant: Mon ami, ta
435 2169 3196 2383 confiance m'honore; elle prouve que tu
435 2402 3196 2615 sais me rendre justice: je ne puis t'en
424 2626 3190 2847 vouloir d'une faiblesse que je n'ai pu pr-
419 2855 3170 3072 voir, ni d empcher: j'adopte ton fils;
415 3082 3179 3297 qu'il soit le mien, et que ma tendresse
405 3311 3164 3493 pour lui te fasse oublier sa mre en m'ac-
405 3549 3170 3758 cordant tout l'amour qu'elle a su t'ins-
406 3776 3152 3996 pirer!... Mais me faire un roman! ah,
406 4011 1033 4140 Briceval!
547 4245 3149 4465 Ainsi raisonnait la pauvre Jeannette,
390 4481 3139 4696 qui, pour la premire fois, connaissait la
380 4714 3139 4927 jalousie. Dans cette funeste passion, l'i-
379 4942 3128 5155 magination travaille, et Jeannette allait
370 5173 3129 5387 jusqu' craindre que la mre de l'enfant
379 5399 3123 5602 n'existt encore, ne ft la matresse de
369 5630 3103 5844 son mari, et ne voyaget mme avec lui,
364 5854 3129 6070 tandis qu'elle, Jeannette, avait la com-
