4266 7858
2225 854 2722 1023 n.
1042 1068 3815 1252 plaisance de garder leur enfant. Cette
1038 1298 3817 1510 ide folle ne resta pas nanmoins long-
1037 1523 3833 1748 tems dans sa tte; mille sages raisons la
1047 1755 3832 1971 dtruisirent, et Jeannette s'en tint  la
1051 1991 3838 2202 seule persuasion que le petit Auguste tait
1057 2242 2727 2399 le fils de M. de Briceval.
1226 2457 3833 2664 Ceci altra un peu sa tranquillit et
1062 2681 3843 2896 sa gaiet ordinaires; mais rien ne put di-
1072 2919 3848 3128 minuer la tendresse que l'enfant lui ins-
1071 3155 3864 3367 pira peu--peu. Il tait si beau, si aima-
1079 3386 3858 3597 ble, si intressant!... Il avait des petites
1083 3623 3864 3800 raisons si drles!... Jeannette et sa mre
1089 3861 3863 4070 finirent par le choyer, par le gter mme;
1097 4091 3874 4297 et seul il put consoler ces deux amies de
1099 4320 3884 4532 l'inquitude o les plongea l'absence de
1104 4557 3887 4758 Briceval, qui dura une anne entire. I
1113 4787 3878 5000 crivit deux fois pendant ce laps de tems,
1113 5026 3894 5226 et sa dernire lettre annonait son retour
1113 5258 3887 5453 prochain; mais ce retour, qui tardait, ne
1104 5487 3916 5701 pouvait tre loign enfin, et sans doute,
1104 5720 3898 5933 Briceval, en route, devait revenir au pr-
1118 5981 1806 6159 mier jour.
