4266 7858
2108 870 2594 1028 in.
977 1089 3724 1257 cile, dont le malheur la touchait. Emilie
986 1323 3739 1502 n'avait pas plus réussi que madame de
987 1554 3740 1725 Briceval, et le voile le plus épais cou-
986 1783 3304 1953 vrait toujours la destinée de Cécile.
1161 2012 3750 2183 Un jour, Emilie, qui travaillait en
991 2245 3744 2408 broderie, fut mandée chez une dame in-
998 2472 3755 2647 connue, qui avait de l'ouvrage à lui don-
1002 2694 3754 2863 ner. Emilie entre, cause avec cette
1013 2921 3745 3099 dame, prend l'ouvrage qu'elle lui offre;
1002 3156 3749 3331 et soudain un particulier se présente:
1003 3380 3755 3552 Ah, mon frère! vous voilà, lui dit cette
1012 3617 3764 3794 dame; eh bien, quelle nouvelle? -- Elle
998 3851 3760 4031 est terrible, ma sœur, toujours la même;
1012 4087 3769 4229 cette infortunée! d'une hauteur dans son
1008 4317 3770 4487 indigence, elle refuse absolument les se-
1017 4545 3775 4722 cours que vous lui faites passer; elle pré-
1018 4782 3776 4954 tend que son travail suffit pour la faire
1017 5014 3775 5186 exister; et quel travail encore! Si elle
1013 5248 3760 5424 avait de l'ouvrage! mais elle en manque;
1017 5478 3775 5651 la dentelle ne va point; on ne lui donne
1023 5702 3776 5879 rien à faire...... Il n'y aurait qu'un
1022 5931 3769 6105 moyen; ce serait de lui procurer de l'ou-
