4266 7867
404 1144 3482 1424 vrage, et de le lui payer un gros prix;
400 1368 3478 1624 cela ne blesserait point sa dlicatesse. Si
396 1589 3475 1860 madame (s'adressant  Emilie) pouvait
393 1820 3471 2084 nous rendre ce service dans ses connais-
388 2051 3467 2316 sances? -- Monsieur, ce n'est point ma
383 2279 3462 2541 partie; je ne fais que broder. -- C'est
381 2525 3458 2772 pour une femme bien intressante, et
377 2755 3454 3002 que sa naissance et sa fortune n'avaient
373 2986 3449 3264 point destine  cet tat affreux. -- Ah,
368 3212 3446 3445 monsieur! j'ai connu comme cela une
364 3386 3443 3689 bien aimable demoiselle que des mal-
361 3659 3439 3916 heurs ont ruine, et force aussi  tra-
357 3872 3435 4143 vailler pour vivre; mademoiselle d'Eran-
352 4101 3431 4381 ville; tout le monde a connu ce nom l.
349 4354 3427 4604 -- Mademoiselle d'Eranville! que dites-
344 4558 3423 4839 vous? vous la connatriez? eh, c'est
339 4791 2806 5043 pour elle-mme que je vous parle.
337 5013 3413 5312 Emilie reste muette d'tonnement;
333 5258 3410 5500 puis elle s'crie: Pour elle! c'est elle?
328 5486 3407 5766 Ah, mon dieu! ah, monsieur! qu'il
325 5712 3401 5996 va long-tems que nous la cherchons!....
321 5965 3398 6191 -- Qui, Ccile? vous la cherchez? --
1701 953 2197 1122 n.
