4266 7746
508 1120 3196 1312 pas en voyant le changement que le mal
518 1364 3252 1540 heur a opr sur les traits de son amio.
524 1592 3253 1780 Sainte vierge! dit navement cette bonne
518 1815 3253 1988 fille, est-ce mademoiselle d'Eranville
524 2051 3253 2228 que je vois l? -- Moi-mme: ah, c'est
514 2279 3253 2454 vous, bonne Emilie! m'apportez-vous
513 2500 3243 2637 des nouvelles de Jeannette? -- Oui cer-
525 2730 3247 2903 tainement, mademoiselle, j'en ai, et
534 2959 1704 3091 de bonnes encore.
675 3185 3252 3363 Emilie rpte  Ccile tout ce qu'elle a
524 3412 3253 3588 dit  M. de Verneuil. Elle ajoute que Jean-
518 3635 3247 3810 nette,  prsent madame de Briceval,
524 3869 3257 4046 n'a jamais cess de penser  son amie,
518 4098 3248 4296 et qu'elles ont fait toutes deux mille d-
524 4327 3258 4495 marches infructueuses; mais o vous
524 4552 3237 4743 tiez-vous donc fourre? ajoute Emilie.
518 4780 3248 4959 -- Ah, ma chre! rpond Ccile, de-
524 5006 3253 5183 mande-moi plutt o l'on m'avait ca-
534 5238 3253 5413 che; je te conterai tout cela: mais Jean-
524 5466 3253 5640 nette, cette bonne amie que j'avais l'in-
529 5693 3263 5876 gratitude d'accuser, quand la verrai-je?
524 5921 3248 6105 -- A l'instant nous pouvons partir pour
1649 918 2133 1079 .
2614 6138 2841 6337 L
