4266 7691
440 1049 3429 1267 sitez, Ccile? auriez-vous assez d'insen-
438 1264 3427 1494 sibilit pour refuser d'aller embrasser une
435 1493 3424 1728 amie? -- Monsieur, ne faites pas cette
433 1716 3422 1953 injure  mon cur.... Mais la misre et
430 1952 3419 2180 le malheur me permettent - ils d'aller
428 2175 3417 2408 m'offrir aux yeux de l'opulence! -- Si
425 2408 3414 2639 l'infortune, Ccile, n'avait pas aigri
423 2629 3411 2858 votre caractre, je me permettrais de
420 2871 3409 3074 blmer ce mouvement de vanit dpla-
418 3091 3407 3312 ce; mais je connais votre ame, elle d-
415 3314 3404 3545 ment la iert de votre esprit; vous tes
413 3549 3401 3760 faite pour partager, pour apprcier l'a-
410 3773 3399 4002 miti, Ccile; mais, si vous tes moins
408 3997 3397 4225 heureuse, vous savez quels reproches
406 4223 3395 4455 nous avons  vous faire? -- Ne parlons
403 4457 3391 4672 pas de cela, monsieur; je ne puis ac-
402 4597 555 4692 LI
401 4692 3389 4906 cepter des dons que rien ne me fait mri-
398 4895 3387 5131 ter; j'ai pu rougir un moment de m'of-
396 5137 3385 5362 frir  une amie que la fortune a mont
393 5359 3382 5584 sur le sommet du char dont elle m'a pr-
391 5594 3380 5814 cipit; mais je me sens assez grande
2529 5853 2873 6072 .
1668 846 2133 1007 .
