4266 7746
565 1059 3293 1241 guste tait livr depuis plusieurs heures,
565 1286 3293 1463 lorsqu'on entendit aboyer le chien de la
565 1518 3298 1679 basse-cour. Qu'est-ce l? dit madame D-
565 1755 3298 1916 ricourt; on sonne  la porte de la rue:
570 1982 3293 2143 cette heure, qui vient nous visiter? Le
570 2204 3278 2370 jardinier ne va pas ouvrir: il est couch;
560 2431 3293 2607 mais sa femme veille encore.... Ah, l'on
555 2658 3293 2819 ouvre: allons voir... mais qui court vers
560 2885 2703 3046 nous avec tant d'imptuosit?...
610 3112 3288 3283 Dans le jardin? s'crie une voix: j'y
560 3344 3268 3505 vais!.... madame, madame? madame
570 3571 3268 3737 de Briceval? -- Me voil: qui est-ce? --
560 3803 3278 3959 C'est Emilie, c'est moi: venez donc:
550 4035 3263 4196 bonne nouvelle; je vous amne nom-
550 4257 3268 4423 breuse compagnie. -- Qui donc? -- C-
555 4478 3263 4650 cile, votre amie; Ccile, que j'ai retrou-
550 4710 3263 4872 ve! -- Est-il possible? o est-elle? --
545 4937 1165 5053 La voil.
716 5164 3268 5336 Ccile suivait en effet Emilie, qu'on
550 5391 3263 5563 avait envoye devant pour prvenir dou-
555 5618 3258 5790 cement Jeannette, mais qui l'avait fait
555 5850 3253 6022 assez brusquement, comme on vient de
1715 842 2194 1009 Lar.
