4266 7746
1725 963 2199 1125 i.
593 1182 3278 1366 d'tat! -- Souffrez, mon amie, que je sache
589 1408 3298 1587 ce que je dois  vous ainsi qu' moi; vous
578 1628 3293 1810 me dsobligeriez d'insister davantage. --
574 1850 3298 2028 Appelez-moi donc au moins votre chre
574 2078 3283 2254 Jeannette? -- Eh bien, soit: ma chre
559 2303 3283 2483 Jeannette! Ah! quelle obligations nous
559 2529 3273 2710 avons toutes deux  cette bonne Emilie,
559 2754 3268 2933 et  ce digne ami, qui nous a toutes en-
549 2981 3268 3161 leves de Paris, sans nous laisser le tems
539 3209 3258 3391 de respirer! -- Monsieur de Verneuil ne
544 3437 3248 3613 laisse plus de bornes  ma reconnaissance.
544 3662 3253 3842 -- Ah, madame! rpondit de Verneuil
534 3888 3248 4062 en soupirant.... mais o est donc mon-
524 4116 3248 4298 sieur votre poux? -- Mon mari est ab-
518 4328 3238 4522 sent depuis un an; mais je l'attends ces
508 4573 3233 4755 jours-ci; je serais bien flatte qu'il vous
518 4812 1871 4937 vt. -- Madame!....
640 5026 3229 5210 M. de Verneuil soupira encore, et
508 5252 3218 5434 Ccile comprit que la vue de M. de Bri-
508 5483 3218 5665 ceval tait ce qu'il ambitionnait le moins.
503 5715 3218 5897 Le reste de la soire se passa ainsi en
508 5943 3233 6125 doux entretiens, et chacun fut se li-
