4266 7746
656 1110 3238 1286 Jeannette ne croyait pas si bien lire
454 1342 3233 1508 l'avenir, comme on le verra par la
504 1579 857 1690 suile.
686 1795 3238 1922 Ccile et son amie descendirent au
494 2027 3233 2194 salon, o le reste de la compagnie tait
494 2259 3243 2426 dj rassembl. On djena; puis Jean-
489 2486 3238 2648 nette raconta tout ce qui lui tait ar-
494 2713 3238 2880 riv depuis sa sparation de Ccile. Les
499 2919 3228 3097 circonstances de son hymen avec Bri-
494 3162 3228 3329 ceval parurent affecter beaucoup M. de
499 3394 3233 3556 Verneuil, et Ccile s'aperut aisment
499 3621 3243 3788 de son trouble. Il fut question ensuite
499 3848 3243 4004 d'entendre l'histoire de Ccile, et de sa-
494 4080 3228 4246 voir pourquoi toutes les recherches que
494 4307 3228 4463 Jeannette avait faites d'elle, n'avaient
499 4529 3233 4700 abouti  rien. Ccile, que le souvenir
499 4761 3313 4932 de ses malheurs affligeait trop sensible-
499 4993 3228 5154 ment, pria M. de Verneuil de s'en
484 5215 3218 5398 charger, ce qu'il accepta; mais Ccile,
498 5441 3237 5612 pendant ce rcit douloureux, fut se pro-
504 5674 3233 5830 mener au jardin avec Emilie, dont cette
498 5895 3232 6076 promenade contraria un peu la curio-
