<PcGts xmlns="http://schema.primaresearch.org/PAGE/gts/pagecontent/2017-07-15" xmlns:xsi="http://www.w3.org/2001/XMLSchema-instance" xsi:schemaLocation="http://schema.primaresearch.org/PAGE/gts/pagecontent/2017-07-15 http://schema.primaresearch.org/PAGE/gts/pagecontent/2017-07-15/pagecontent.xsd"><Metadata><Creator/><Created>2020-09-23T12:37:42</Created><LastChange>1970-01-01T00:00:00</LastChange><Comments/></Metadata><Page imageFilename="0169.png" imageHeight="7629" imageWidth="4266"><ReadingOrder><OrderedGroup id="g1"><RegionRefIndexed index="0" regionRef="r2"/><RegionRefIndexed index="1" regionRef="r3"/></OrderedGroup></ReadingOrder><ImageRegion id="r1"><Coords points="3809,653 3809,753 3814,758 3814,905 3819,910 3819,1149 3824,1153 3824,1177 3819,1182 3819,1239 3824,1244 3824,1325 3890,1325 3890,653"/></ImageRegion><TextRegion id="r2" type="page-number" orientation="-0.0"><Coords points="1912,829 1902,839 1883,839 1878,834 1730,834 1726,839 1716,839 1711,843 1711,848 1697,863 1692,863 1692,867 1683,877 1664,877 1659,872 1659,843 1654,839 1506,839 1492,853 1492,872 1487,877 1487,896 1482,901 1482,996 1487,1001 1487,1006 1492,1010 1492,1015 1497,1020 1497,1025 1501,1025 1511,1034 1649,1034 1654,1029 1654,1001 1659,996 1768,996 1773,1001 1897,1001 1902,1006 1902,1034 2050,1034 2059,1025 2064,1025 2064,1020 2078,1006 2078,987 2083,982 2083,901 2078,896 2078,867 2074,863 2074,853 2069,848 2069,843 2064,839 2059,839 2050,829"/><TextEquiv><Unicode/></TextEquiv><TextLine id="r2_l001"><Coords points="1550,854 2017,854 2017,1013 1550,1013"/><TextEquiv index="1"><Unicode>L</Unicode></TextEquiv></TextLine></TextRegion><TextRegion id="r3" type="paragraph" orientation="-0.75"><Coords points="610,1048 605,1053 605,1087 603,1089 602,1089 600,1091 581,1091 579,1089 578,1089 576,1087 395,1087 393,1089 392,1089 390,1091 381,1091 381,1149 383,1151 384,1151 386,1153 386,1206 543,1206 548,1211 958,1211 960,1213 961,1213 963,1215 1101,1215 1106,1220 1592,1220 1597,1225 1597,1263 1735,1263 1749,1249 1749,1244 1754,1239 1754,1230 1759,1225 1912,1225 1913,1226 1912,1227 1911,1227 1904,1234 1903,1234 1897,1240 1896,1240 1889,1247 1888,1247 1882,1253 1881,1253 1874,1260 1873,1260 1867,1266 1866,1266 1860,1272 1859,1272 1852,1279 1851,1279 1845,1285 1844,1285 1837,1292 1735,1292 1735,1330 1730,1335 1716,1335 1711,1330 1711,1296 1706,1296 1697,1287 1559,1287 1554,1292 1435,1292 1433,1294 1432,1294 1430,1296 1430,1325 1425,1330 1344,1330 1339,1325 1339,1296 1335,1292 1335,1287 1182,1287 1182,1325 1177,1330 1172,1330 1172,1363 1170,1365 1170,1366 1168,1368 1163,1368 1158,1363 1158,1349 1153,1344 1153,1335 1149,1335 1144,1330 1001,1330 996,1325 739,1325 734,1320 734,1311 729,1306 581,1306 581,1316 579,1318 578,1318 576,1320 567,1320 565,1318 564,1318 562,1316 405,1316 403,1318 402,1318 400,1320 395,1320 390,1325 390,1430 395,1430 400,1435 591,1435 593,1437 594,1437 596,1439 886,1439 891,1444 891,1487 1058,1487 1063,1482 1063,1449 1068,1444 1072,1444 1077,1449 1077,1482 1168,1482 1170,1484 1170,1485 1172,1487 1316,1487 1318,1485 1318,1484 1320,1482 1320,1478 1325,1473 1325,1468 1330,1463 1335,1463 1335,1449 1337,1447 1337,1446 1339,1444 1344,1449 1701,1449 1702,1450 1702,1451 1701,1452 1701,1453 1700,1454 1700,1455 1699,1456 1699,1457 1698,1458 1698,1459 1697,1460 1697,1461 1696,1462 1696,1463 1695,1464 1695,1465 1694,1466 1694,1467 1693,1468 1693,1469 1692,1470 1692,1471 1691,1472 1691,1473 1690,1474 1690,1475 1689,1476 1689,1477 1688,1478 1688,1479 1687,1480 1687,1481 1686,1482 1686,1483 1685,1484 1685,1485 1684,1486 1684,1487 1683,1488 1683,1489 1682,1490 1682,1491 1681,1492 1681,1493 1680,1494 1680,1495 1679,1496 1679,1497 1678,1498 1678,1499 1677,1500 1677,1501 1676,1502 1676,1503 1675,1504 1675,1505 1674,1506 1674,1507 1673,1508 1673,1509 1672,1510 1672,1511 1671,1512 1671,1513 1670,1514 1670,1515 1669,1516 1669,1517 1668,1518 1668,1519 1667,1520 1667,1521 1666,1522 1666,1523 1665,1524 1665,1525 1664,1526 1664,1527 1663,1528 1663,1529 1662,1530 1662,1531 1661,1532 1661,1533 1660,1534 1660,1535 1659,1536 1659,1537 1658,1538 1658,1539 1657,1540 1657,1541 1656,1542 1656,1543 1655,1544 1655,1545 1654,1546 1654,1547 1653,1548 1653,1549 1652,1550 1652,1551 1651,1552 1651,1553 1650,1554 1478,1554 1473,1549 1473,1511 1230,1511 1230,1568 1225,1573 1158,1573 1153,1568 1015,1568 1010,1573 1006,1573 1001,1578 1001,1583 999,1585 998,1585 996,1587 994,1585 993,1585 991,1583 867,1583 865,1581 865,1580 863,1578 863,1549 858,1544 719,1544 715,1540 390,1540 390,1602 395,1602 397,1604 398,1604 400,1606 400,1635 395,1640 390,1640 390,1692 395,1697 567,1697 567,1664 572,1659 848,1659 853,1664 1048,1664 1053,1659 1053,1645 1058,1640 1268,1640 1273,1645 1273,1649 1275,1651 1275,1652 1277,1654 1277,1668 1282,1673 1420,1673 1425,1668 1668,1668 1673,1673 1686,1673 1688,1675 1689,1675 1696,1682 1697,1682 1705,1690 1706,1690 1713,1697 1714,1697 1721,1704 1722,1704 1730,1712 1731,1712 1738,1719 1739,1719 1746,1726 1747,1726 1755,1734 1756,1734 1763,1741 1764,1741 1771,1748 1772,1748 1780,1756 1781,1756 1783,1758 1782,1759 1678,1759 1673,1764 1673,1768 1668,1773 1501,1773 1499,1771 1499,1770 1497,1768 1211,1768 1209,1766 1208,1766 1206,1764 1058,1764 1056,1766 1055,1766 1053,1768 953,1768 953,1797 948,1802 944,1802 939,1797 939,1768 937,1766 936,1766 934,1764 638,1764 636,1762 636,1761 634,1759 576,1759 574,1757 574,1756 572,1754 410,1754 403,1761 402,1761 395,1768 395,1859 400,1864 400,1869 402,1871 403,1871 405,1873 543,1873 548,1878 863,1878 865,1880 865,1881 867,1883 867,1921 1006,1921 1015,1912 1015,1907 1020,1902 1020,1892 1029,1883 1120,1883 1125,1888 1673,1888 1675,1890 1676,1890 1678,1892 1876,1892 1877,1893 1877,1894 1878,1895 1878,1897 1879,1898 1879,1900 1880,1901 1880,1903 1881,1904 1881,1906 1882,1907 1882,1909 1883,1910 1883,1912 1884,1913 1884,1915 1885,1916 1885,1918 1886,1919 1886,1921 1887,1922 1887,1924 1888,1925 1888,1927 1889,1928 1889,1930 1890,1931 1890,1933 1891,1934 1891,1936 1892,1937 1892,1940 1893,1941 1893,1943 1894,1944 1894,1946 1895,1947 1895,1949 1896,1950 1896,1952 1897,1953 1897,1955 1898,1956 1898,1958 1899,1959 1899,1961 1900,1962 1900,1964 1901,1965 1901,1967 1902,1968 1902,1970 1903,1971 1903,1973 1904,1974 1904,1976 1905,1977 1905,1979 1906,1980 1906,1982 1907,1983 1907,1986 1908,1987 1908,1989 1909,1990 1909,1992 1910,1993 1910,1995 1911,1996 1911,1998 1912,1999 1912,2001 1911,2002 1773,2002 1768,1997 1649,1997 1645,1993 1645,1954 1487,1954 1487,1997 1482,2002 1468,2002 1463,2007 1463,2008 1459,2012 1459,2016 1454,2021 1454,2026 1449,2031 1387,2031 1382,2026 1382,1997 1373,1997 1371,1995 1370,1995 1368,1993 1368,1983 1363,1978 1296,1978 1292,1974 1292,1954 1290,1952 1289,1952 1287,1950 1072,1950 1063,1959 1063,1969 1058,1974 1058,1988 1053,1993 1052,1993 1048,1997 1015,1997 1013,1995 1012,1995 1010,1993 934,1993 929,1988 929,1950 705,1950 705,1983 700,1988 553,1988 548,1993 548,2088 553,2093 696,2093 700,2097 991,2097 996,2102 1206,2102 1211,2107 1292,2107 1294,2109 1294,2110 1296,2112 1296,2150 1439,2150 1446,2143 1447,2143 1454,2136 1459,2136 1459,2121 1463,2117 1463,2112 1468,2107 1735,2107 1740,2112 1740,2150 1745,2155 1745,2159 1797,2159 1798,2160 1796,2162 1795,2162 1787,2170 1786,2170 1779,2177 1778,2177 1776,2179 1544,2179 1544,2241 1554,2241 1556,2243 1557,2243 1559,2245 1559,2260 1557,2262 1556,2262 1554,2264 1535,2264 1533,2262 1532,2262 1530,2260 1530,2241 1523,2234 1523,2233 1516,2226 1463,2226 1461,2224 1461,2223 1459,2221 1459,2188 1452,2181 1451,2181 1444,2174 1301,2174 1296,2179 1282,2179 1277,2174 1277,2173 1273,2169 1134,2169 1132,2171 1132,2172 1130,2174 1115,2174 1106,2183 1106,2188 1101,2193 1101,2202 1096,2207 1096,2217 1094,2219 1093,2219 1091,2221 1082,2221 1080,2219 1079,2219 1077,2217 929,2217 925,2221 848,2221 846,2219 845,2219 843,2217 829,2217 824,2212 824,2198 681,2198 677,2202 677,2212 672,2217 643,2217 638,2212 567,2212 562,2207 562,2198 557,2193 405,2193 405,2202 395,2212 395,2269 400,2269 405,2274 405,2317 410,2322 524,2322 526,2324 527,2324 529,2326 834,2326 839,2331 996,2331 1001,2326 1072,2326 1077,2331 1149,2331 1151,2333 1151,2334 1153,2336 1153,2341 1563,2341 1563,2336 1568,2331 1578,2331 1583,2336 1583,2341 1668,2341 1670,2343 1671,2343 1673,2345 1746,2345 1748,2347 1748,2348 1750,2350 1750,2351 1753,2354 1753,2355 1755,2357 1755,2358 1757,2360 1757,2361 1760,2364 1760,2365 1762,2367 1762,2368 1764,2370 1764,2371 1766,2373 1766,2374 1769,2377 1769,2378 1771,2380 1771,2381 1773,2383 1773,2384 1776,2387 1776,2388 1778,2390 1778,2391 1780,2393 1780,2394 1782,2396 1782,2397 1785,2400 1785,2401 1787,2403 1787,2404 1789,2406 1789,2407 1791,2409 1791,2410 1794,2413 1794,2414 1796,2416 1796,2417 1798,2419 1798,2420 1801,2423 1801,2424 1803,2426 1803,2427 1805,2429 1805,2430 1807,2432 1807,2433 1810,2436 1810,2437 1812,2439 1812,2440 1814,2442 1814,2443 1816,2445 1816,2446 1814,2448 1813,2448 1811,2450 1735,2450 1733,2448 1732,2448 1730,2446 1730,2417 1728,2415 1728,2414 1726,2412 1726,2407 1724,2405 1723,2405 1721,2403 1516,2403 1511,2398 1354,2398 1349,2403 1349,2441 1344,2446 1263,2446 1258,2441 1258,2403 1256,2401 1256,2400 1254,2398 1087,2398 1087,2436 1082,2441 1053,2441 1048,2436 1048,2398 1046,2396 1046,2395 1044,2393 796,2393 791,2388 648,2388 643,2393 619,2393 617,2391 617,2390 615,2388 600,2388 596,2384 443,2384 441,2386 440,2386 438,2388 433,2388 431,2390 431,2391 429,2393 424,2393 410,2407 410,2417 405,2422 405,2426 400,2431 400,2498 405,2503 405,2527 419,2541 424,2541 429,2546 572,2546 576,2550 748,2550 753,2555 1106,2555 1108,2557 1108,2558 1110,2560 1516,2560 1521,2565 1733,2565 1734,2566 1731,2569 1730,2569 1725,2574 1724,2574 1719,2579 1718,2579 1713,2584 1712,2584 1707,2589 1706,2589 1701,2594 1700,2594 1696,2598 1695,2598 1690,2603 1689,2603 1684,2608 1683,2608 1678,2613 1677,2613 1672,2618 1671,2618 1666,2623 1665,2623 1660,2628 1659,2628 1655,2632 1654,2632 1649,2637 1648,2637 1643,2642 1642,2642 1637,2647 1636,2647 1631,2652 1630,2652 1625,2657 1624,2657 1620,2661 1619,2661 1614,2666 1613,2666 1608,2671 1607,2671 1604,2674 1597,2674 1595,2672 1594,2672 1592,2670 1544,2670 1542,2668 1542,2667 1540,2665 1540,2627 1535,2622 1392,2622 1387,2627 1387,2670 1385,2672 1384,2672 1382,2674 1368,2674 1366,2672 1365,2672 1363,2670 1363,2632 1358,2627 1211,2627 1211,2665 1206,2670 1120,2670 1115,2665 996,2665 991,2660 991,2622 989,2620 989,2619 987,2617 824,2617 824,2674 829,2679 829,2693 824,2698 762,2698 760,2696 760,2695 758,2693 758,2665 748,2655 696,2655 694,2653 693,2653 691,2651 691,2617 686,2612 543,2612 538,2617 538,2651 534,2655 424,2655 424,2660 419,2665 414,2665 412,2667 412,2668 410,2670 410,2674 405,2679 405,2765 410,2770 414,2770 419,2775 572,2775 574,2773 574,2772 576,2770 581,2770 586,2775 672,2775 674,2777 675,2777 677,2779 677,2813 820,2813 822,2811 822,2810 824,2808 824,2803 828,2799 829,2799 834,2794 834,2784 843,2775 886,2775 888,2777 889,2777 891,2779 1048,2779 1050,2777 1051,2777 1053,2775 1096,2775 1098,2777 1099,2777 1101,2779 1101,2817 1106,2822 1110,2822 1115,2827 1282,2827 1287,2822 1292,2822 1301,2813 1301,2808 1306,2803 1306,2789 1311,2784 1316,2789 1459,2789 1461,2787 1461,2786 1463,2784 1492,2784 1497,2789 1575,2789 1576,2790 1576,2791 1577,2792 1577,2794 1578,2795 1578,2797 1579,2798 1579,2800 1580,2801 1580,2804 1581,2805 1581,2807 1582,2808 1582,2810 1583,2811 1583,2813 1584,2814 1584,2816 1585,2817 1585,2819 1586,2820 1586,2823 1587,2824 1587,2826 1588,2827 1588,2829 1589,2830 1589,2832 1590,2833 1590,2835 1591,2836 1591,2838 1592,2839 1592,2842 1593,2843 1593,2845 1594,2846 1594,2848 1595,2849 1595,2850 1594,2851 1468,2851 1463,2856 1463,2870 1461,2872 1461,2873 1459,2875 1344,2875 1344,2889 1339,2894 1139,2894 1134,2889 1134,2846 1087,2846 1082,2841 939,2841 934,2846 934,2889 929,2894 925,2894 925,2918 923,2920 922,2920 920,2922 891,2922 889,2920 888,2920 886,2918 886,2903 872,2889 815,2889 810,2884 810,2846 805,2841 667,2841 662,2846 662,2856 658,2860 658,2875 656,2877 655,2877 653,2879 567,2879 565,2877 564,2877 562,2875 562,2865 557,2865 555,2863 555,2862 553,2860 414,2860 412,2862 412,2863 410,2865 410,2875 408,2877 407,2877 405,2879 405,2946 410,2951 410,2994 467,2994 472,2999 786,2999 788,3001 789,3001 791,3003 791,3022 939,3022 958,3003 1034,3003 1039,3008 1344,3008 1349,3013 1492,3013 1497,3008 1511,3008 1516,3013 1678,3013 1683,3018 1775,3018 1776,3019 1777,3019 1779,3021 1780,3021 1781,3022 1782,3022 1784,3024 1785,3024 1787,3026 1788,3026 1789,3027 1790,3027 1792,3029 1793,3029 1795,3031 1796,3031 1797,3032 1798,3032 1800,3034 1801,3034 1802,3035 1803,3035 1805,3037 1806,3037 1808,3039 1809,3039 1810,3040 1811,3040 1813,3042 1814,3042 1815,3043 1816,3043 1818,3045 1819,3045 1821,3047 1822,3047 1823,3048 1824,3048 1826,3050 1827,3050 1828,3051 1829,3051 1831,3053 1832,3053 1834,3055 1835,3055 1836,3056 1837,3056 1839,3058 1840,3058 1841,3059 1842,3059 1844,3061 1845,3061 1847,3063 1848,3063 1849,3064 1850,3064 1852,3066 1853,3066 1854,3067 1855,3067 1857,3069 1858,3069 1860,3071 1861,3071 1862,3072 1863,3072 1865,3074 1866,3074 1867,3075 1868,3075 1870,3077 1871,3077 1873,3079 1874,3079 1875,3080 1876,3080 1878,3082 1879,3082 1880,3083 1881,3083 1883,3085 1884,3085 1886,3087 1887,3087 1888,3088 1889,3088 1891,3090 1892,3090 1893,3091 1894,3091 1896,3093 1897,3093 1899,3095 1900,3095 1901,3096 1902,3096 1904,3098 1905,3098 1906,3099 1907,3099 1909,3101 1910,3101 1912,3103 1913,3103 1914,3104 1915,3104 1917,3106 1918,3106 1920,3108 1921,3108 1922,3109 1923,3109 1925,3111 1926,3111 1927,3112 1928,3112 1930,3114 1931,3114 1933,3116 1934,3116 1935,3117 1936,3117 1938,3119 1939,3119 1940,3120 1941,3120 1943,3122 1942,3123 1859,3123 1854,3118 1854,3108 1807,3108 1805,3106 1804,3106 1802,3104 1802,3099 1797,3094 1797,3089 1792,3084 1697,3084 1695,3082 1694,3082 1692,3080 1678,3080 1673,3075 1535,3075 1530,3080 1530,3113 1525,3118 1201,3118 1196,3113 1196,3070 1039,3070 1039,3104 1037,3106 1036,3106 1034,3108 824,3108 820,3104 820,3070 805,3070 803,3068 803,3067 801,3065 662,3065 660,3067 660,3068 658,3070 658,3104 656,3106 655,3106 653,3108 605,3108 603,3106 602,3106 600,3104 600,3070 598,3068 598,3067 596,3065 596,3061 433,3061 433,3108 431,3110 431,3111 429,3113 419,3113 414,3118 414,3119 410,3123 410,3132 405,3137 405,3213 410,3218 414,3218 419,3223 667,3223 672,3228 1020,3228 1022,3230 1023,3230 1025,3232 1296,3232 1301,3237 1702,3237 1704,3239 1704,3240 1706,3242 1938,3242 1939,3243 1939,3244 1938,3245 1938,3247 1937,3248 1937,3249 1936,3250 1936,3252 1935,3253 1935,3254 1934,3255 1934,3257 1933,3258 1933,3259 1932,3260 1932,3262 1931,3263 1931,3264 1930,3265 1930,3267 1929,3268 1929,3269 1928,3270 1928,3272 1927,3273 1927,3274 1926,3275 1926,3277 1925,3278 1925,3280 1924,3281 1924,3282 1923,3283 1923,3285 1922,3286 1922,3287 1921,3288 1921,3290 1920,3291 1920,3292 1919,3293 1919,3295 1918,3296 1918,3297 1917,3298 1917,3300 1916,3301 1916,3302 1915,3303 1915,3305 1914,3306 1914,3307 1913,3308 1913,3310 1912,3311 1912,3312 1911,3313 1911,3315 1910,3316 1910,3317 1909,3318 1909,3320 1908,3321 1908,3322 1907,3323 1907,3325 1906,3326 1906,3327 1905,3328 1905,3330 1904,3331 1904,3332 1903,3333 1903,3335 1902,3336 1902,3337 1901,3338 1901,3340 1900,3341 1900,3342 1899,3343 1899,3345 1898,3346 1898,3347 1897,3348 1897,3350 1896,3351 1802,3351 1800,3349 1799,3349 1797,3347 1797,3337 1792,3332 1759,3332 1757,3330 1756,3330 1754,3328 1754,3309 1602,3309 1602,3347 1600,3349 1599,3349 1597,3351 1473,3351 1471,3349 1470,3349 1468,3347 1397,3347 1392,3342 1172,3342 1170,3344 1170,3345 1168,3347 1163,3347 1153,3337 939,3337 934,3332 934,3294 772,3294 772,3328 770,3330 769,3330 767,3332 765,3330 764,3330 762,3328 762,3318 615,3318 615,3323 610,3328 605,3323 467,3323 462,3328 452,3328 448,3332 410,3332 405,3337 405,3447 410,3452 548,3452 553,3447 555,3449 555,3450 557,3452 824,3452 826,3454 827,3454 829,3456 1125,3456 1130,3461 1473,3461 1478,3466 1854,3466 1856,3468 1856,3469 1855,3470 1855,3472 1854,3473 1854,3475 1853,3476 1853,3478 1852,3479 1852,3481 1851,3482 1851,3484 1850,3485 1850,3487 1849,3488 1849,3490 1848,3491 1848,3493 1847,3494 1847,3496 1846,3497 1846,3499 1845,3500 1845,3502 1844,3503 1844,3505 1843,3506 1843,3508 1842,3509 1842,3511 1841,3512 1841,3514 1840,3515 1840,3517 1839,3518 1839,3520 1838,3521 1838,3523 1837,3524 1837,3526 1836,3527 1836,3530 1835,3531 1835,3533 1834,3534 1834,3536 1833,3537 1833,3539 1832,3540 1832,3541 1831,3542 1783,3542 1778,3547 1778,3576 1776,3578 1775,3578 1773,3580 1664,3580 1662,3578 1661,3578 1659,3576 1659,3537 1506,3537 1506,3571 1501,3576 1397,3576 1392,3571 1068,3571 1063,3566 910,3566 905,3571 882,3571 877,3566 653,3566 648,3561 510,3561 505,3566 405,3566 400,3571 400,3623 405,3628 410,3628 412,3630 412,3631 414,3633 414,3642 419,3647 419,3657 421,3659 422,3659 424,3661 424,3671 438,3685 548,3685 553,3690 553,3728 700,3728 705,3723 715,3723 717,3725 717,3726 719,3728 891,3728 896,3723 901,3723 905,3719 905,3714 910,3709 910,3690 915,3685 1120,3685 1125,3690 1130,3690 1132,3692 1132,3693 1134,3695 1273,3695 1275,3693 1275,3692 1277,3690 1287,3690 1292,3695 1711,3695 1716,3700 1770,3700 1771,3701 1770,3702 1770,3703 1769,3704 1769,3705 1768,3706 1768,3707 1767,3708 1767,3710 1766,3711 1766,3712 1765,3713 1765,3714 1764,3715 1764,3716 1763,3717 1763,3718 1762,3719 1762,3720 1761,3721 1761,3723 1760,3724 1760,3725 1759,3726 1759,3727 1758,3728 1758,3729 1757,3730 1757,3731 1756,3732 1756,3734 1755,3735 1755,3736 1754,3737 1754,3738 1753,3739 1753,3740 1752,3741 1752,3742 1751,3743 1751,3745 1750,3746 1750,3747 1749,3748 1749,3749 1748,3750 1748,3751 1747,3752 1747,3753 1746,3754 1746,3756 1745,3757 1745,3758 1744,3759 1744,3760 1743,3761 1743,3762 1742,3763 1742,3764 1741,3765 1741,3767 1740,3768 1740,3769 1739,3770 1739,3771 1738,3772 1738,3773 1737,3774 1737,3775 1736,3776 1736,3777 1735,3778 1735,3780 1734,3781 1734,3782 1733,3783 1733,3784 1732,3785 1732,3786 1731,3787 1731,3788 1730,3789 1730,3791 1729,3792 1729,3793 1728,3794 1728,3795 1727,3796 1727,3797 1726,3798 1726,3799 1725,3800 1725,3802 1723,3804 1544,3804 1540,3800 1492,3800 1487,3795 1487,3762 1482,3762 1480,3760 1480,3759 1478,3757 1339,3757 1337,3759 1337,3760 1335,3762 1335,3795 1330,3800 1244,3800 1239,3795 1225,3795 1220,3790 1220,3785 1218,3783 1217,3783 1215,3781 1072,3781 1068,3785 1068,3790 1063,3795 1020,3795 1015,3790 877,3790 872,3795 839,3795 834,3790 834,3747 686,3747 686,3781 684,3783 683,3783 681,3785 648,3785 646,3783 645,3783 643,3781 643,3742 495,3742 495,3781 491,3785 419,3785 414,3790 414,3795 412,3797 412,3798 410,3800 410,3824 408,3826 407,3826 405,3828 405,3895 410,3900 410,3905 839,3905 843,3909 853,3909 858,3914 858,3952 1029,3952 1029,3919 1034,3914 1311,3914 1316,3919 1316,3957 1473,3957 1473,3952 1475,3950 1476,3950 1478,3948 1478,3943 1480,3941 1480,3940 1482,3938 1482,3933 1487,3928 1487,3924 1492,3919 1616,3919 1621,3924 1622,3924 1623,3925 1600,3948 1599,3948 1573,3974 1572,3974 1546,4000 1545,4000 1518,4027 1517,4027 1515,4029 1325,4029 1323,4031 1322,4031 1320,4033 1311,4033 1309,4031 1308,4031 1306,4029 1301,4029 1296,4024 1082,4024 1077,4019 925,4019 920,4024 915,4024 915,4029 913,4031 912,4031 910,4033 910,4052 905,4057 872,4057 867,4052 867,4029 862,4024 862,4023 858,4019 791,4019 786,4014 786,4000 638,4000 638,4009 636,4011 636,4012 634,4014 405,4014 405,4067 403,4069 402,4069 400,4071 400,4129 402,4131 403,4131 405,4133 495,4133 500,4138 781,4138 786,4143 786,4176 929,4176 933,4172 934,4172 939,4167 939,4162 944,4157 944,4153 948,4149 948,4148 953,4143 1277,4143 1282,4148 1282,4186 1287,4191 1285,4193 1284,4193 1282,4195 1196,4195 1191,4200 1191,4201 1187,4205 1187,4238 1182,4243 1058,4243 1053,4238 877,4238 875,4236 874,4236 872,4234 872,4191 867,4191 865,4189 865,4188 863,4186 724,4186 719,4191 705,4191 705,4234 703,4236 702,4236 700,4238 605,4238 603,4236 602,4236 600,4234 438,4234 436,4236 435,4236 433,4238 424,4238 414,4248 414,4253 410,4257 410,4334 419,4343 424,4343 429,4348 438,4348 443,4353 443,4396 615,4396 617,4394 617,4393 619,4391 624,4391 624,4353 629,4348 877,4348 882,4353 882,4381 884,4383 884,4384 886,4386 886,4400 1044,4400 1048,4396 1048,4358 1053,4353 1182,4353 1187,4358 1335,4358 1339,4362 1478,4362 1482,4358 1654,4358 1656,4360 1657,4360 1659,4362 1840,4362 1845,4367 1845,4405 1850,4410 1854,4410 1859,4415 2019,4415 2020,4416 2020,4417 2021,4418 2021,4419 2022,4420 2022,4421 2024,4423 2024,4424 2025,4425 2025,4426 2026,4427 2026,4428 2025,4429 1935,4429 1935,4472 1933,4474 1933,4475 1931,4477 1759,4477 1754,4472 1501,4472 1499,4470 1499,4469 1497,4467 1497,4458 1492,4453 1492,4429 1487,4424 1339,4424 1339,4467 1337,4469 1337,4470 1335,4472 1311,4472 1306,4467 1044,4467 1039,4462 734,4462 732,4460 731,4460 729,4458 729,4415 724,4415 719,4410 519,4410 505,4424 505,4429 500,4434 500,4453 495,4458 438,4458 436,4460 435,4460 433,4462 424,4462 419,4467 414,4467 414,4482 410,4486 410,4558 424,4572 801,4572 803,4574 803,4575 805,4577 1335,4577 1337,4579 1337,4580 1339,4582 1482,4582 1484,4584 1485,4584 1487,4586 1625,4586 1627,4584 1628,4584 1630,4582 1659,4582 1661,4584 1662,4584 1664,4586 2007,4586 2012,4591 2041,4591 2042,4592 2042,4593 2041,4594 2041,4595 2040,4596 2040,4597 2039,4598 2039,4599 2038,4600 2038,4601 2037,4602 2037,4603 2036,4604 2036,4606 2035,4607 2035,4608 2034,4609 2034,4610 2033,4611 2033,4612 2032,4613 2032,4614 2031,4615 2031,4616 2030,4617 2030,4618 2029,4619 2029,4620 2028,4621 2028,4622 2027,4623 2027,4624 2026,4625 2026,4626 2025,4627 2025,4629 2024,4630 2024,4631 2023,4632 2023,4633 2022,4634 2022,4635 2021,4636 2021,4637 2020,4638 2020,4639 2019,4640 2019,4641 2018,4642 2018,4643 2017,4644 2017,4645 2016,4646 2016,4647 2015,4648 2015,4650 2014,4651 2014,4652 2013,4653 1811,4653 1811,4696 1809,4698 1809,4699 1807,4701 1783,4701 1778,4696 1721,4696 1716,4691 1716,4648 1714,4646 1713,4646 1711,4644 1568,4644 1566,4646 1565,4646 1563,4648 1549,4648 1549,4687 1547,4689 1546,4689 1544,4691 1401,4691 1397,4687 1397,4644 1234,4644 1234,4687 1230,4691 1158,4691 1156,4689 1155,4689 1153,4687 1153,4644 1151,4642 1151,4641 1149,4639 987,4639 982,4644 977,4644 972,4649 971,4649 967,4653 963,4653 963,4658 958,4663 958,4682 953,4687 791,4687 786,4682 786,4644 781,4639 643,4639 638,4634 495,4634 495,4677 493,4679 493,4680 491,4682 433,4682 431,4684 431,4685 429,4687 414,4687 414,4744 419,4749 419,4796 1034,4796 1039,4801 1363,4801 1368,4806 1640,4806 1645,4811 1909,4811 1910,4812 1907,4815 1907,4816 1903,4820 1903,4821 1900,4824 1900,4825 1897,4828 1897,4829 1893,4833 1893,4834 1890,4837 1890,4838 1886,4842 1886,4843 1883,4846 1883,4847 1879,4851 1879,4852 1876,4855 1876,4856 1872,4860 1872,4861 1869,4864 1869,4865 1866,4868 1866,4869 1862,4873 1862,4874 1859,4877 1811,4877 1811,4896 1809,4898 1809,4899 1807,4901 1807,4911 1805,4913 1804,4913 1802,4915 1521,4915 1519,4913 1518,4913 1516,4911 1511,4911 1506,4906 1296,4906 1294,4904 1294,4903 1292,4901 1292,4868 1287,4868 1282,4863 1130,4863 1130,4901 1125,4906 910,4906 905,4901 843,4901 841,4899 841,4898 839,4896 839,4863 834,4858 696,4858 691,4863 677,4863 677,4896 672,4901 658,4901 653,4896 586,4896 584,4894 583,4894 581,4892 581,4858 576,4853 419,4853 414,4858 414,4915 424,4915 429,4920 429,4954 427,4956 426,4956 424,4958 419,4958 419,5016 596,5016 600,5020 600,5058 605,5063 753,5063 758,5058 772,5058 772,5025 777,5020 882,5020 884,5022 884,5023 886,5025 886,5054 890,5058 891,5058 896,5063 905,5063 910,5068 1077,5068 1082,5063 1087,5063 1089,5061 1089,5060 1091,5058 1091,5054 1096,5049 1096,5025 1101,5020 1182,5020 1187,5025 1463,5025 1468,5030 1540,5030 1542,5032 1542,5033 1544,5035 1778,5035 1779,5036 1779,5040 1778,5041 1778,5045 1777,5046 1777,5050 1776,5051 1776,5055 1775,5056 1775,5060 1774,5061 1774,5065 1773,5066 1773,5070 1772,5071 1772,5075 1771,5076 1771,5080 1770,5081 1770,5085 1769,5086 1769,5090 1768,5091 1768,5095 1767,5096 1767,5100 1766,5101 1766,5105 1765,5106 1765,5110 1764,5111 1764,5115 1763,5116 1763,5121 1762,5122 1762,5126 1761,5127 1761,5131 1760,5132 1760,5134 1759,5135 1745,5135 1740,5130 1740,5106 1745,5101 1749,5101 1749,5049 1611,5049 1611,5087 1606,5092 1592,5092 1587,5087 1444,5087 1439,5092 1439,5125 1437,5127 1437,5128 1435,5130 1316,5130 1311,5125 1196,5125 1194,5123 1194,5122 1192,5120 1192,5092 1187,5087 1025,5087 1025,5120 1020,5125 1006,5125 1001,5120 934,5120 932,5118 931,5118 929,5116 929,5082 886,5082 882,5078 424,5078 422,5080 421,5080 419,5082 419,5135 424,5140 429,5140 433,5144 433,5173 431,5175 431,5176 429,5178 424,5178 424,5235 438,5235 443,5240 638,5240 643,5235 705,5235 710,5240 796,5240 798,5242 799,5242 801,5244 801,5259 939,5259 939,5244 941,5242 942,5242 944,5240 1020,5240 1022,5242 1023,5242 1025,5244 1163,5244 1168,5249 1287,5249 1292,5254 1292,5287 1294,5289 1294,5290 1296,5292 1482,5292 1487,5287 1492,5287 1494,5285 1495,5285 1497,5283 1497,5273 1499,5271 1499,5270 1501,5268 1501,5254 1506,5249 1597,5249 1602,5254 1763,5254 1764,5255 1764,5258 1765,5259 1765,5263 1766,5264 1766,5269 1767,5270 1767,5274 1768,5275 1768,5297 1771,5297 1772,5298 1772,5300 1773,5301 1773,5305 1774,5306 1774,5310 1775,5311 1775,5315 1776,5316 1776,5320 1775,5321 1654,5321 1652,5323 1651,5323 1649,5325 1649,5340 1647,5342 1647,5343 1645,5345 1563,5345 1559,5349 1559,5359 1554,5364 1549,5364 1544,5359 1320,5359 1318,5357 1318,5356 1316,5354 1077,5354 1072,5349 1072,5340 948,5340 946,5338 946,5337 944,5335 944,5311 939,5306 796,5306 791,5311 691,5311 691,5345 689,5347 688,5347 686,5349 677,5349 670,5342 669,5342 662,5335 662,5325 648,5311 643,5311 638,5306 634,5306 632,5304 631,5304 629,5302 472,5302 470,5304 469,5304 467,5306 462,5306 438,5330 438,5335 433,5340 433,5349 431,5351 431,5352 429,5354 429,5416 431,5418 431,5419 433,5421 433,5430 438,5435 438,5445 442,5449 443,5449 448,5454 452,5454 457,5459 457,5464 705,5464 710,5469 1091,5469 1093,5471 1094,5471 1096,5473 1211,5473 1213,5475 1213,5476 1215,5478 1215,5502 1220,5502 1225,5507 1225,5516 1249,5516 1254,5521 1406,5521 1411,5516 1544,5516 1549,5511 1549,5507 1554,5502 1554,5492 1556,5490 1557,5490 1559,5488 1559,5483 1561,5481 1561,5480 1563,5478 1830,5478 1835,5483 1845,5483 1850,5488 1858,5488 1860,5490 1860,5491 1864,5495 1864,5496 1867,5499 1867,5500 1870,5503 1870,5504 1874,5508 1874,5509 1877,5512 1877,5513 1880,5516 1880,5517 1883,5520 1883,5521 1887,5525 1887,5526 1890,5529 1890,5530 1893,5533 1893,5534 1897,5538 1897,5539 1900,5542 1900,5543 1903,5546 1903,5547 1906,5550 1906,5551 1910,5555 1910,5556 1913,5559 1913,5560 1916,5563 1916,5564 1920,5568 1920,5569 1923,5572 1923,5573 1926,5576 1926,5577 1929,5580 1929,5581 1933,5585 1933,5586 1934,5587 1933,5588 1931,5588 1926,5583 1687,5583 1685,5581 1685,5580 1683,5578 1683,5564 1678,5559 1678,5550 1673,5545 1606,5545 1604,5543 1604,5542 1602,5540 1435,5540 1430,5545 1425,5545 1425,5550 1423,5552 1422,5552 1420,5554 1420,5564 1418,5566 1418,5567 1416,5569 1416,5578 1411,5583 1368,5583 1363,5578 1239,5578 1234,5573 1234,5540 1232,5538 1232,5537 1230,5535 1082,5535 1077,5540 1077,5569 1075,5571 1074,5571 1072,5573 1058,5573 1056,5571 1055,5571 1053,5569 1053,5559 905,5559 905,5569 901,5573 824,5573 820,5569 452,5569 438,5583 438,5588 433,5593 433,5664 438,5669 438,5674 442,5678 443,5678 448,5683 910,5683 915,5688 915,5693 1273,5693 1277,5697 1640,5697 1645,5702 1768,5702 1773,5707 1864,5707 1869,5712 1869,5745 1871,5747 1871,5748 1873,5750 1926,5750 1927,5751 1927,5752 1926,5753 1926,5755 1925,5756 1925,5757 1924,5758 1924,5760 1923,5761 1923,5762 1922,5763 1922,5765 1921,5766 1921,5767 1919,5769 1792,5769 1792,5802 1790,5804 1790,5805 1788,5807 1754,5807 1749,5802 1702,5802 1700,5800 1699,5800 1697,5798 1697,5764 1692,5764 1687,5759 1387,5759 1387,5793 1382,5798 1263,5798 1258,5793 1258,5792 1254,5788 1254,5783 1106,5783 1106,5793 1101,5798 1044,5798 1039,5793 867,5793 865,5791 865,5790 863,5788 801,5788 796,5783 796,5740 510,5740 510,5783 505,5788 457,5788 452,5793 448,5793 443,5798 443,5807 438,5812 438,5888 448,5898 452,5898 454,5900 455,5900 457,5902 634,5902 636,5904 636,5905 638,5907 920,5907 925,5912 1244,5912 1249,5917 1249,5960 1251,5962 1252,5962 1254,5964 1425,5964 1425,5926 1427,5924 1428,5924 1430,5922 1563,5922 1565,5924 1566,5924 1568,5926 1687,5926 1692,5931 1697,5931 1702,5936 1845,5936 1850,5931 1854,5931 1859,5936 2069,5936 2074,5941 2074,5974 2076,5976 2076,5977 2078,5979 2112,5979 2114,5981 2115,5981 2117,5983 2260,5983 2260,5941 2262,5939 2262,5938 2264,5936 2288,5936 2293,5941 2431,5941 2436,5936 2479,5936 2484,5941 2765,5941 2767,5943 2768,5943 2770,5945 2899,5945 2901,5947 2901,5948 2903,5950 2903,5983 2907,5987 3089,5987 3089,5950 3094,5945 3208,5945 3210,5943 3211,5943 3213,5941 3228,5941 3230,5939 3230,5938 3232,5936 3232,5840 3218,5826 2879,5826 2877,5824 2877,5823 2875,5821 2803,5821 2801,5819 2800,5819 2798,5817 2798,5807 2794,5807 2789,5802 2789,5788 2784,5783 2741,5783 2736,5778 2593,5778 2591,5780 2591,5781 2589,5783 2589,5812 2584,5817 2431,5817 2426,5812 2384,5812 2379,5807 2379,5774 2374,5769 2236,5769 2231,5774 2231,5807 2226,5812 2202,5812 2200,5814 2200,5815 2198,5817 2136,5817 2131,5812 2121,5812 2119,5810 2119,5809 2117,5807 2117,5802 2115,5800 2114,5800 2112,5798 1964,5798 1964,5802 1959,5807 1954,5802 1954,5788 1952,5786 1952,5785 1950,5783 1950,5774 1945,5769 1923,5769 1922,5768 1923,5767 1923,5765 1924,5764 1924,5763 1925,5762 1925,5760 1926,5759 1926,5758 1927,5757 1927,5755 1928,5754 1928,5753 1929,5752 1929,5751 1930,5750 2016,5750 2021,5745 2026,5745 2031,5740 2031,5736 2033,5734 2033,5733 2035,5731 2035,5721 2040,5716 2040,5712 2045,5707 2207,5707 2212,5712 2212,5740 2217,5745 2217,5750 2355,5750 2369,5736 2369,5731 2374,5726 2379,5731 2379,5755 2384,5755 2388,5759 2531,5759 2533,5757 2534,5757 2536,5755 2555,5755 2555,5716 2557,5714 2558,5714 2560,5712 2612,5712 2614,5714 2615,5714 2617,5716 2884,5716 2889,5721 3218,5721 3223,5716 3232,5716 3232,5712 3236,5708 3236,5607 3223,5607 3218,5602 3218,5588 3180,5588 3175,5583 3175,5569 3170,5569 3165,5564 3165,5563 3161,5559 3022,5559 3020,5561 3020,5562 3018,5564 3018,5597 3013,5602 2837,5602 2832,5597 2832,5559 2765,5559 2760,5554 2517,5554 2512,5559 2512,5593 2508,5597 2364,5597 2362,5599 2362,5600 2360,5602 2355,5602 2350,5607 2350,5626 2345,5631 2298,5631 2293,5626 2293,5593 2007,5593 2002,5588 1938,5588 1936,5586 1936,5585 1933,5582 1933,5581 1930,5578 1930,5577 1926,5573 1926,5572 1923,5569 1923,5568 1920,5565 1920,5564 1917,5561 1917,5560 1913,5556 1913,5555 1910,5552 1910,5551 1907,5548 1907,5547 1903,5543 1903,5542 1900,5539 1900,5538 1897,5535 1897,5534 1893,5530 1893,5529 1890,5526 1890,5525 1887,5522 1887,5521 1884,5518 1884,5517 1880,5513 1880,5512 1877,5509 1877,5508 1874,5505 1874,5504 1870,5500 1870,5499 1867,5496 1867,5495 1864,5492 1864,5491 1862,5489 1863,5488 1988,5488 1993,5483 2398,5483 2403,5488 2484,5488 2488,5492 2488,5497 2627,5497 2632,5492 2918,5492 2920,5494 2920,5495 2922,5497 3003,5497 3008,5502 3151,5502 3161,5492 3166,5492 3170,5488 3175,5488 3175,5483 3180,5478 3232,5478 3232,5411 3228,5407 3180,5407 3175,5402 3175,5383 3166,5383 3161,5378 3032,5378 3027,5373 3027,5340 3022,5335 2827,5335 2822,5340 2817,5340 2817,5373 2815,5375 2815,5376 2813,5378 2779,5378 2777,5376 2777,5375 2775,5373 2660,5373 2655,5368 2655,5359 2653,5357 2653,5356 2651,5354 2508,5354 2503,5359 2503,5364 2501,5366 2500,5366 2498,5368 2455,5368 2453,5366 2452,5366 2450,5364 2450,5325 2283,5325 2283,5364 2279,5368 2241,5368 2239,5366 2238,5366 2236,5364 2155,5364 2150,5359 2150,5340 2145,5335 2112,5335 2107,5330 2107,5325 1959,5325 1959,5359 1954,5364 1821,5364 1816,5359 1816,5321 1779,5321 1778,5320 1778,5316 1777,5315 1777,5311 1776,5310 1776,5306 1775,5305 1775,5301 1774,5300 1774,5298 1775,5297 1778,5297 1783,5302 1921,5302 1926,5297 1945,5297 1945,5259 1950,5254 1969,5254 1974,5259 2155,5259 2157,5257 2157,5256 2159,5254 2198,5254 2200,5256 2200,5257 2202,5259 2484,5259 2486,5261 2486,5262 2488,5264 2608,5264 2612,5268 2612,5306 2784,5306 2784,5273 2789,5268 3061,5268 3063,5270 3063,5271 3065,5273 3218,5273 3223,5268 3223,5202 3218,5197 3180,5197 3175,5192 3175,5168 3170,5168 3161,5159 3065,5159 3063,5157 3063,5156 3061,5154 3061,5111 3056,5106 2894,5106 2894,5149 2889,5154 2679,5154 2674,5149 2674,5148 2670,5144 2531,5144 2526,5149 2526,5150 2522,5154 2508,5154 2503,5149 2503,5106 2498,5101 2202,5101 2202,5140 2198,5144 2121,5144 2117,5140 2069,5140 2064,5135 2064,5106 2059,5106 2050,5097 1912,5097 1907,5102 1906,5102 1902,5106 1902,5130 1897,5135 1788,5135 1783,5140 1768,5140 1766,5138 1766,5137 1764,5135 1763,5135 1762,5134 1762,5131 1763,5130 1763,5126 1764,5125 1764,5121 1765,5120 1765,5116 1766,5115 1766,5111 1767,5110 1767,5106 1768,5105 1768,5101 1769,5100 1769,5096 1770,5095 1770,5091 1771,5090 1771,5086 1772,5085 1772,5081 1773,5080 1773,5076 1774,5075 1774,5071 1775,5070 1775,5066 1776,5065 1776,5061 1777,5060 1777,5056 1778,5055 1778,5051 1779,5050 1779,5046 1780,5045 1780,5041 1781,5040 1781,5036 1782,5035 2083,5035 2085,5037 2086,5037 2088,5039 2236,5039 2238,5037 2239,5037 2241,5035 2255,5035 2257,5037 2258,5037 2260,5039 2260,5082 2441,5082 2441,5044 2446,5039 2722,5039 2727,5044 2727,5082 2870,5082 2872,5080 2873,5080 2875,5078 2875,5073 2877,5071 2877,5070 2879,5068 2879,5063 2884,5058 2884,5054 2894,5044 3061,5044 3063,5046 3063,5047 3065,5049 3208,5049 3213,5044 3218,5044 3222,5040 3223,5040 3228,5035 3228,4939 3226,4937 3225,4937 3223,4935 3213,4935 3208,4930 3065,4930 3063,4932 3063,4933 3061,4935 2989,4935 2984,4930 2841,4930 2839,4932 2839,4933 2837,4935 2832,4935 2827,4940 2826,4940 2822,4944 2822,4963 2817,4968 2803,4968 2798,4963 2798,4939 2794,4939 2792,4937 2791,4937 2789,4935 2784,4935 2779,4930 2579,4930 2574,4925 2574,4887 2572,4885 2572,4884 2570,4882 2417,4882 2417,4925 2412,4930 2303,4930 2298,4925 2241,4925 2236,4920 2236,4906 2198,4906 2193,4901 2193,4882 2188,4882 2183,4877 2035,4877 2035,4911 2031,4915 2007,4915 2005,4913 2004,4913 2002,4911 2002,4906 1997,4901 1959,4901 1954,4896 1954,4877 1864,4877 1863,4876 1866,4873 1866,4872 1869,4869 1869,4868 1873,4864 1873,4863 1876,4860 1876,4859 1879,4856 1879,4855 1883,4851 1883,4850 1886,4847 1886,4846 1890,4842 1890,4841 1893,4838 1893,4837 1897,4833 1897,4832 1900,4829 1900,4828 1904,4824 1904,4823 1907,4820 1907,4819 1910,4816 1910,4815 1914,4811 2088,4811 2090,4813 2091,4813 2093,4815 2465,4815 2467,4817 2467,4818 2469,4820 2732,4820 2734,4822 2734,4823 2736,4825 2803,4825 2808,4830 2808,4863 2813,4868 2951,4868 2956,4863 2956,4858 2965,4849 2965,4839 2970,4834 2970,4830 2975,4825 3075,4825 3080,4830 3223,4830 3228,4825 3228,4768 3218,4768 3213,4763 3213,4720 3208,4715 3108,4715 3106,4713 3106,4712 3104,4710 2961,4710 2956,4715 2946,4715 2941,4720 2941,4725 2932,4734 2932,4744 2927,4749 2899,4749 2894,4744 2894,4715 2889,4710 2670,4710 2668,4708 2667,4708 2665,4706 2512,4706 2510,4704 2510,4703 2508,4701 2508,4677 2503,4672 2503,4663 2460,4663 2455,4658 2288,4658 2288,4701 2283,4706 2274,4706 2269,4701 2269,4658 2102,4658 2102,4696 2097,4701 2059,4701 2057,4699 2057,4698 2055,4696 2055,4653 2016,4653 2015,4652 2016,4651 2016,4650 2017,4649 2017,4648 2018,4647 2018,4646 2019,4645 2019,4644 2020,4643 2020,4642 2021,4641 2021,4640 2022,4639 2022,4638 2023,4637 2023,4635 2024,4634 2024,4633 2025,4632 2025,4631 2026,4630 2026,4629 2027,4628 2027,4627 2028,4626 2028,4625 2029,4624 2029,4623 2030,4622 2030,4621 2031,4620 2031,4619 2032,4618 2032,4617 2033,4616 2033,4615 2034,4614 2034,4612 2035,4611 2035,4610 2036,4609 2036,4608 2037,4607 2037,4606 2038,4605 2038,4604 2039,4603 2039,4602 2040,4601 2040,4600 2041,4599 2041,4598 2042,4597 2042,4596 2043,4595 2043,4594 2044,4593 2044,4592 2045,4591 2303,4591 2305,4593 2305,4594 2307,4596 2508,4596 2510,4598 2510,4599 2512,4601 2512,4644 2660,4644 2660,4639 2665,4634 2665,4629 2674,4620 2674,4615 2679,4610 2679,4601 2684,4596 2713,4596 2715,4598 2715,4599 2717,4601 2717,4606 2794,4606 2798,4610 2798,4644 2941,4644 2951,4634 2951,4629 2953,4627 2954,4627 2956,4625 2956,4620 2961,4615 2961,4610 2965,4606 3151,4606 3151,4591 3156,4586 3213,4586 3213,4582 3218,4577 3218,4515 3170,4515 3168,4513 3168,4512 3166,4510 3166,4491 3161,4486 2932,4486 2922,4496 2918,4496 2918,4501 2916,4503 2915,4503 2913,4505 2903,4505 2903,4520 2899,4524 2879,4524 2875,4520 2875,4491 2865,4491 2856,4482 2856,4472 2708,4472 2708,4486 2703,4491 2670,4491 2665,4486 2517,4486 2515,4484 2514,4484 2512,4482 2512,4439 2455,4439 2450,4434 2307,4434 2305,4436 2305,4437 2303,4439 2298,4439 2298,4477 2293,4482 2264,4482 2262,4480 2262,4479 2260,4477 2260,4434 2112,4434 2112,4472 2107,4477 2088,4477 2083,4472 2083,4429 2029,4429 2028,4428 2028,4427 2026,4425 2026,4424 2025,4423 2025,4422 2024,4421 2024,4420 2022,4418 2022,4417 2021,4416 2021,4415 2026,4410 2040,4410 2045,4405 2045,4400 2047,4398 2048,4398 2050,4396 2050,4372 2055,4367 2126,4367 2131,4372 2131,4377 2498,4377 2500,4379 2501,4379 2503,4381 2503,4420 2505,4422 2506,4422 2508,4424 2679,4424 2681,4422 2682,4422 2684,4420 2684,4386 2689,4381 2903,4381 2908,4386 3218,4386 3218,4319 3213,4319 3211,4317 3210,4317 3208,4315 3208,4229 3206,4227 3206,4226 3204,4224 2908,4224 2903,4229 2903,4262 2901,4264 2901,4265 2899,4267 2808,4267 2803,4262 2803,4229 2798,4224 2641,4224 2641,4257 2636,4262 2517,4262 2512,4257 2336,4257 2334,4255 2333,4255 2331,4253 2331,4215 2183,4215 2179,4219 2174,4219 2174,4248 2169,4253 1931,4253 1929,4251 1929,4250 1928,4249 1928,4248 1926,4246 1926,4245 1925,4244 1925,4243 1924,4242 1924,4241 1923,4240 1923,4239 1921,4237 1921,4236 1920,4235 1920,4234 1919,4233 1919,4232 1918,4231 1918,4230 1916,4228 1916,4227 1915,4226 1915,4225 1914,4224 1914,4223 1913,4222 1913,4221 1911,4219 1911,4218 1910,4217 1910,4216 1909,4215 1909,4214 1908,4213 1908,4212 1906,4210 1906,4209 1905,4208 1905,4207 1904,4206 1904,4205 1902,4203 1902,4202 1901,4201 1901,4200 1900,4199 1900,4198 1899,4197 1899,4196 1897,4194 1897,4193 1896,4192 1896,4191 1895,4190 1895,4189 1894,4188 1894,4187 1892,4185 1892,4184 1891,4183 1891,4182 1890,4181 1890,4180 1889,4179 1889,4178 1887,4176 1887,4175 1886,4174 1886,4173 1885,4172 1885,4171 1884,4170 1884,4169 1882,4167 1882,4166 1881,4165 1881,4164 1880,4163 1880,4162 1878,4160 1878,4159 1877,4158 1877,4157 1876,4156 1876,4155 1875,4154 1875,4153 1873,4151 1873,4150 1874,4149 1878,4153 2064,4153 2066,4155 2067,4155 2069,4157 2512,4157 2517,4162 2894,4162 2899,4167 3204,4167 3208,4163 3208,4162 3213,4157 3213,4138 3218,4133 3218,4067 3211,4060 3211,4059 3204,4052 3194,4052 3192,4050 3191,4050 3189,4048 2994,4048 2989,4043 2989,4033 2946,4033 2944,4031 2943,4031 2941,4029 2941,4000 2798,4000 2796,4002 2796,4003 2794,4005 2794,4038 2789,4043 2369,4043 2364,4038 2298,4038 2293,4033 2293,4024 2145,4024 2145,4033 2140,4038 2102,4038 2097,4033 2097,4000 2095,3998 2095,3997 2093,3995 2050,3995 2045,3990 1897,3990 1892,3995 1888,3995 1888,4029 1886,4031 1885,4031 1883,4033 1808,4033 1806,4031 1806,4030 1805,4029 1805,4028 1804,4027 1804,4026 1803,4025 1803,4024 1801,4022 1801,4021 1800,4020 1800,4019 1799,4018 1799,4017 1798,4016 1798,4015 1796,4013 1796,4012 1795,4011 1795,4010 1794,4009 1794,4008 1793,4007 1793,4006 1791,4004 1791,4003 1790,4002 1790,4001 1789,4000 1789,3999 1787,3997 1787,3996 1786,3995 1786,3994 1785,3993 1785,3992 1784,3991 1784,3990 1782,3988 1782,3987 1781,3986 1781,3985 1780,3984 1780,3983 1779,3982 1779,3981 1777,3979 1777,3978 1776,3977 1776,3976 1775,3975 1775,3974 1774,3973 1774,3972 1772,3970 1772,3969 1771,3968 1771,3967 1770,3966 1770,3965 1769,3964 1769,3963 1767,3961 1767,3960 1766,3959 1766,3958 1765,3957 1765,3956 1763,3954 1763,3953 1762,3952 1762,3951 1761,3950 1761,3949 1760,3948 1760,3947 1758,3945 1758,3944 1757,3943 1757,3942 1756,3941 1756,3940 1755,3939 1755,3938 1753,3936 1753,3935 1752,3934 1752,3933 1751,3932 1751,3931 1750,3930 1750,3929 1748,3927 1748,3926 1747,3925 1748,3924 1759,3924 1764,3919 1768,3919 1773,3924 1993,3924 2002,3933 2002,3967 2004,3969 2005,3969 2007,3971 2179,3971 2183,3967 2183,3933 2188,3928 2350,3928 2355,3933 2498,3933 2503,3928 2512,3928 2517,3933 2746,3933 2751,3938 2941,3938 2946,3933 2951,3938 3151,3938 3151,3895 3155,3891 3156,3891 3161,3886 3194,3886 3199,3881 3199,3824 2965,3824 2963,3822 2963,3821 2961,3819 2899,3819 2894,3814 2894,3800 2856,3800 2851,3795 2851,3776 2846,3771 2703,3771 2698,3776 2698,3809 2693,3814 2512,3814 2510,3816 2510,3817 2508,3819 2503,3814 2384,3814 2379,3809 2379,3795 2231,3795 2226,3800 2226,3804 2221,3809 1983,3809 1978,3804 1978,3790 1830,3790 1830,3804 1828,3806 1828,3807 1826,3809 1773,3809 1768,3804 1727,3804 1726,3803 1726,3802 1727,3801 1727,3800 1728,3799 1728,3798 1729,3797 1729,3796 1730,3795 1730,3793 1731,3792 1731,3791 1732,3790 1732,3789 1733,3788 1733,3787 1734,3786 1734,3785 1735,3784 1735,3782 1736,3781 1736,3780 1737,3779 1737,3778 1738,3777 1738,3776 1739,3775 1739,3774 1740,3773 1740,3771 1741,3770 1741,3769 1742,3768 1742,3767 1743,3766 1743,3765 1744,3764 1744,3763 1745,3762 1745,3761 1746,3760 1746,3758 1747,3757 1747,3756 1748,3755 1748,3754 1749,3753 1749,3752 1750,3751 1750,3750 1751,3749 1751,3747 1752,3746 1752,3745 1753,3744 1753,3743 1754,3742 1754,3741 1755,3740 1755,3739 1756,3738 1756,3736 1757,3735 1757,3734 1758,3733 1758,3732 1759,3731 1759,3730 1760,3729 1760,3728 1761,3727 1761,3725 1762,3724 1762,3723 1763,3722 1763,3721 1764,3720 1764,3719 1765,3718 1765,3717 1766,3716 1766,3715 1767,3714 1767,3712 1768,3711 1768,3710 1769,3709 1769,3708 1770,3707 1770,3706 1771,3705 1771,3704 1772,3703 1772,3701 1773,3700 2078,3700 2080,3702 2081,3702 2083,3704 2202,3704 2207,3709 2345,3709 2350,3704 2651,3704 2653,3706 2653,3707 2655,3709 2746,3709 2751,3714 2751,3752 2755,3752 2760,3757 2927,3757 2927,3714 2932,3709 2975,3709 2980,3714 3194,3714 3204,3704 3204,3685 3206,3683 3206,3682 3208,3680 3213,3680 3213,3619 3208,3614 3208,3613 3204,3609 3204,3599 3194,3599 3192,3597 3191,3597 3189,3595 3008,3595 3003,3590 2865,3590 2860,3595 2813,3595 2808,3590 2755,3590 2753,3588 2753,3587 2751,3585 2753,3583 2753,3582 2755,3580 2841,3580 2841,3523 2703,3523 2703,3542 2698,3547 2426,3547 2426,3585 2424,3587 2424,3588 2422,3590 2417,3585 2269,3585 2264,3590 2174,3590 2169,3585 2169,3547 2164,3547 2159,3542 1954,3542 1954,3580 1952,3582 1952,3583 1950,3585 1935,3585 1933,3583 1933,3582 1931,3580 1931,3557 1926,3552 1926,3547 1921,3542 1835,3542 1834,3541 1834,3539 1835,3538 1835,3536 1836,3535 1836,3533 1837,3532 1837,3530 1838,3529 1838,3527 1839,3526 1839,3524 1840,3523 1840,3521 1841,3520 1841,3518 1842,3517 1842,3515 1843,3514 1843,3512 1844,3511 1844,3509 1845,3508 1845,3506 1846,3505 1846,3503 1847,3502 1847,3500 1848,3499 1848,3497 1849,3496 1849,3494 1850,3493 1850,3491 1851,3490 1851,3488 1852,3487 1852,3485 1853,3484 1853,3481 1854,3480 1854,3478 1855,3477 1855,3475 1856,3474 1856,3472 1858,3470 1859,3471 1945,3471 1947,3473 1948,3473 1950,3475 1950,3509 2093,3509 2095,3507 2095,3506 2097,3504 2097,3499 2101,3495 2102,3495 2107,3490 2107,3480 2111,3476 2112,3476 2117,3471 2364,3471 2366,3473 2367,3473 2369,3475 2889,3475 2899,3485 2899,3523 3075,3523 3075,3485 3080,3480 3208,3480 3208,3418 3199,3409 3199,3323 3194,3318 3042,3318 3042,3361 3037,3366 2908,3366 2903,3361 2903,3342 2901,3340 2901,3339 2899,3337 2899,3328 2894,3323 2846,3323 2841,3318 2794,3318 2789,3313 2646,3313 2646,3356 2641,3361 2589,3361 2584,3366 2508,3366 2503,3361 2436,3361 2431,3356 2431,3313 2269,3313 2269,3332 2264,3337 2159,3337 2157,3339 2157,3340 2155,3342 2155,3356 2150,3361 2097,3361 2095,3363 2095,3364 2093,3366 2088,3366 2088,3371 2086,3373 2085,3373 2083,3375 2083,3390 2081,3392 2080,3392 2078,3394 2031,3394 2029,3392 2028,3392 2026,3390 2026,3371 2021,3366 2016,3366 2011,3361 2011,3360 2007,3356 2007,3351 1899,3351 1898,3350 1899,3349 1899,3348 1900,3347 1900,3345 1901,3344 1901,3343 1902,3342 1902,3340 1903,3339 1903,3338 1904,3337 1904,3335 1905,3334 1905,3333 1906,3332 1906,3330 1907,3329 1907,3328 1908,3327 1908,3325 1909,3324 1909,3323 1910,3322 1910,3320 1911,3319 1911,3318 1912,3317 1912,3315 1913,3314 1913,3313 1914,3312 1914,3310 1915,3309 1915,3308 1916,3307 1916,3305 1917,3304 1917,3303 1918,3302 1918,3300 1919,3299 1919,3298 1920,3297 1920,3295 1921,3294 1921,3293 1922,3292 1922,3290 1923,3289 1923,3288 1924,3287 1924,3285 1925,3284 1925,3283 1926,3282 1926,3280 1927,3279 1927,3278 1928,3277 1928,3275 1929,3274 1929,3273 1930,3272 1930,3270 1931,3269 1931,3268 1932,3267 1932,3265 1933,3264 1933,3263 1934,3262 1934,3260 1935,3259 1935,3258 1936,3257 1936,3255 1937,3254 1937,3253 1938,3252 1938,3250 1939,3249 1939,3248 1940,3247 1940,3245 1941,3244 1941,3243 1942,3242 2064,3242 2069,3247 2341,3247 2345,3251 2345,3290 2347,3292 2348,3292 2350,3294 2498,3294 2512,3280 2512,3270 2514,3268 2515,3268 2517,3266 2517,3256 2522,3251 2736,3251 2741,3256 3051,3256 3056,3261 3199,3261 3203,3257 3203,3256 3208,3251 3208,3199 3206,3197 3206,3196 3204,3194 3199,3194 3194,3189 3194,3151 3185,3142 3123,3142 3118,3137 3118,3094 2956,3094 2951,3099 2951,3137 2946,3142 2932,3142 2922,3132 2922,3118 2918,3118 2899,3099 2894,3099 2889,3094 2722,3094 2717,3099 2713,3099 2706,3106 2705,3106 2698,3113 2698,3118 2693,3123 2693,3132 2691,3134 2691,3135 2689,3137 2689,3175 2684,3180 2679,3175 2679,3146 2677,3144 2676,3144 2674,3142 2665,3142 2660,3137 2608,3137 2603,3132 2603,3094 2460,3094 2460,3099 2455,3104 2455,3118 2450,3123 2450,3132 2448,3134 2448,3135 2446,3137 2360,3137 2355,3132 2355,3089 2350,3084 2145,3084 2140,3089 2136,3089 2136,3094 2131,3099 2131,3108 2126,3113 2126,3132 2121,3137 2097,3137 2095,3135 2095,3134 2093,3132 2093,3127 2031,3127 2029,3125 2028,3125 2026,3123 1950,3123 1949,3122 1948,3122 1947,3121 1946,3121 1944,3119 1943,3119 1942,3118 1941,3118 1939,3116 1938,3116 1936,3114 1935,3114 1934,3113 1933,3113 1931,3111 1930,3111 1928,3109 1927,3109 1926,3108 1925,3108 1923,3106 1922,3106 1921,3105 1920,3105 1918,3103 1917,3103 1915,3101 1914,3101 1913,3100 1912,3100 1910,3098 1909,3098 1908,3097 1907,3097 1905,3095 1904,3095 1902,3093 1901,3093 1900,3092 1899,3092 1897,3090 1896,3090 1895,3089 1894,3089 1892,3087 1891,3087 1889,3085 1888,3085 1887,3084 1886,3084 1884,3082 1883,3082 1882,3081 1881,3081 1879,3079 1878,3079 1876,3077 1875,3077 1874,3076 1873,3076 1871,3074 1870,3074 1869,3073 1868,3073 1866,3071 1865,3071 1863,3069 1862,3069 1861,3068 1860,3068 1858,3066 1857,3066 1856,3065 1855,3065 1853,3063 1852,3063 1850,3061 1849,3061 1848,3060 1847,3060 1845,3058 1844,3058 1843,3057 1842,3057 1840,3055 1839,3055 1837,3053 1836,3053 1835,3052 1834,3052 1832,3050 1831,3050 1830,3049 1829,3049 1827,3047 1826,3047 1824,3045 1823,3045 1822,3044 1821,3044 1819,3042 1818,3042 1817,3041 1816,3041 1814,3039 1813,3039 1811,3037 1810,3037 1809,3036 1808,3036 1806,3034 1805,3034 1803,3032 1802,3032 1801,3031 1800,3031 1798,3029 1797,3029 1796,3028 1795,3028 1793,3026 1792,3026 1790,3024 1789,3024 1788,3023 1787,3023 1785,3021 1784,3021 1783,3020 1782,3020 1781,3019 1782,3018 2045,3018 2047,3020 2048,3020 2050,3022 2198,3022 2202,3018 2312,3018 2314,3020 2315,3020 2317,3022 2536,3022 2541,3027 2727,3027 2732,3032 3166,3032 3168,3030 3168,3029 3170,3027 3194,3027 3194,2994 3204,2984 3204,2922 3202,2920 3201,2920 3199,2918 3027,2918 3022,2913 3022,2870 2860,2870 2860,2908 2858,2910 2858,2911 2856,2913 2651,2913 2646,2908 2646,2870 2641,2870 2636,2865 2441,2865 2436,2870 2436,2908 2431,2913 2422,2913 2417,2908 2417,2865 2412,2860 2126,2860 2121,2865 2121,2884 2119,2886 2119,2887 2117,2889 2059,2889 2057,2891 2057,2892 2055,2894 2050,2894 2050,2899 2048,2901 2047,2901 2045,2903 1749,2903 1747,2905 1747,2906 1745,2908 1692,2908 1687,2903 1630,2903 1628,2901 1627,2901 1625,2899 1625,2860 1621,2856 1621,2851 1598,2851 1597,2850 1597,2849 1596,2848 1596,2846 1595,2845 1595,2843 1594,2842 1594,2840 1593,2839 1593,2837 1592,2836 1592,2833 1591,2832 1591,2830 1590,2829 1590,2827 1589,2826 1589,2824 1588,2823 1588,2821 1587,2820 1587,2818 1586,2817 1586,2814 1585,2813 1585,2811 1584,2810 1584,2808 1583,2807 1583,2805 1582,2804 1582,2802 1581,2801 1581,2799 1580,2798 1580,2795 1579,2794 1579,2792 1578,2791 1578,2790 1579,2789 1816,2789 1821,2794 2045,2794 2050,2789 2059,2789 2064,2794 2288,2794 2293,2789 2303,2789 2305,2791 2305,2792 2307,2794 2312,2794 2314,2796 2315,2796 2317,2798 2894,2798 2899,2803 3123,2803 3125,2801 3125,2800 3127,2798 3127,2784 3132,2779 3199,2779 3199,2713 3146,2713 3144,2711 3144,2710 3142,2708 3142,2693 3140,2691 3139,2691 3137,2689 3032,2689 3027,2684 3027,2646 3022,2641 2708,2641 2703,2646 2703,2684 2698,2689 2641,2689 2636,2684 2636,2674 2632,2670 2441,2670 2441,2679 2436,2684 2317,2684 2303,2698 2296,2691 2295,2691 2288,2684 2236,2684 2231,2679 2231,2636 2229,2634 2228,2634 2226,2632 2078,2632 2074,2636 2069,2636 2069,2674 2064,2679 1706,2679 1704,2677 1704,2676 1702,2674 1610,2674 1609,2673 1611,2671 1612,2671 1617,2666 1618,2666 1623,2661 1624,2661 1629,2656 1630,2656 1635,2651 1636,2651 1641,2646 1642,2646 1647,2641 1648,2641 1652,2637 1653,2637 1658,2632 1659,2632 1664,2627 1665,2627 1670,2622 1671,2622 1676,2617 1677,2617 1682,2612 1683,2612 1688,2607 1689,2607 1693,2603 1694,2603 1699,2598 1700,2598 1705,2593 1706,2593 1711,2588 1712,2588 1717,2583 1718,2583 1723,2578 1724,2578 1729,2573 1730,2573 1734,2569 1735,2569 1739,2565 1983,2565 1988,2570 2088,2570 2090,2572 2091,2572 2093,2574 2093,2612 2241,2612 2241,2608 2243,2606 2243,2605 2245,2603 2245,2598 2250,2593 2250,2584 2255,2579 2255,2574 2257,2572 2258,2572 2260,2570 2517,2570 2519,2572 2520,2572 2522,2574 2627,2574 2632,2579 2632,2617 2634,2619 2634,2620 2636,2622 2651,2622 2653,2624 2653,2625 2655,2627 2822,2627 2832,2617 2837,2617 2837,2612 2841,2608 2841,2579 2846,2574 2913,2574 2918,2579 3194,2579 3198,2575 3199,2575 3204,2570 3204,2469 3202,2467 3201,2467 3199,2465 3189,2465 3187,2463 3187,2462 3185,2460 3070,2460 3065,2455 3065,2426 3061,2422 2808,2422 2806,2424 2805,2424 2803,2426 2803,2455 2798,2460 2751,2460 2746,2455 2746,2422 2732,2422 2727,2417 2584,2417 2579,2422 2579,2455 2574,2460 2426,2460 2424,2458 2424,2457 2422,2455 2422,2446 2417,2441 2269,2441 2269,2455 2264,2460 2245,2460 2243,2458 2243,2457 2241,2455 2031,2455 2026,2450 2026,2436 1983,2436 1978,2431 1978,2426 1974,2422 1974,2417 1969,2412 1969,2407 1826,2407 1821,2412 1821,2417 1816,2422 1816,2438 1815,2439 1813,2437 1813,2436 1811,2434 1811,2433 1808,2430 1808,2429 1806,2427 1806,2426 1804,2424 1804,2423 1801,2420 1801,2419 1799,2417 1799,2416 1797,2414 1797,2413 1795,2411 1795,2410 1792,2407 1792,2406 1790,2404 1790,2403 1788,2401 1788,2400 1785,2397 1785,2396 1783,2394 1783,2393 1781,2391 1781,2390 1779,2388 1779,2387 1776,2384 1776,2383 1774,2381 1774,2380 1772,2378 1772,2377 1769,2374 1769,2373 1767,2371 1767,2370 1765,2368 1765,2367 1763,2365 1763,2364 1760,2361 1760,2360 1758,2358 1758,2357 1756,2355 1756,2354 1753,2351 1753,2350 1751,2348 1751,2347 1750,2346 1751,2345 1826,2345 1830,2341 1864,2341 1866,2343 1867,2343 1869,2345 2007,2345 2012,2350 2179,2350 2181,2352 2181,2353 2183,2355 2183,2393 2360,2393 2360,2360 2362,2358 2362,2357 2364,2355 2417,2355 2422,2350 2424,2352 2424,2353 2426,2355 2851,2355 2856,2360 3199,2360 3204,2355 3204,2303 3194,2303 3189,2298 3189,2250 3187,2248 3187,2247 3185,2245 3170,2245 3166,2241 3166,2212 3156,2202 3018,2202 3018,2236 3013,2241 2894,2241 2889,2236 2889,2226 2884,2221 2746,2221 2741,2226 2741,2236 2736,2241 2450,2241 2448,2239 2448,2238 2446,2236 2431,2236 2426,2231 2426,2221 2422,2217 2274,2217 2274,2231 2269,2236 2159,2236 2157,2234 2157,2233 2155,2231 1878,2231 1873,2226 1802,2226 1797,2221 1797,2179 1782,2179 1781,2178 1784,2175 1785,2175 1793,2167 1794,2167 1802,2159 1926,2159 1928,2157 1929,2157 1931,2155 1940,2155 1950,2145 1950,2121 1954,2117 1988,2117 1990,2119 1991,2119 1993,2121 2331,2121 2336,2126 2336,2169 2479,2169 2483,2165 2483,2164 2488,2159 2488,2155 2493,2150 2493,2145 2498,2140 2498,2131 2503,2126 2646,2126 2651,2131 2789,2131 2794,2126 2875,2126 2877,2128 2877,2129 2879,2131 3142,2131 3142,2112 3144,2110 3144,2109 3146,2107 3189,2107 3194,2102 3194,2040 3132,2040 3127,2035 3127,2016 3032,2016 3030,2014 3029,2014 3027,2012 2884,2012 2882,2014 2881,2014 2879,2016 2865,2016 2863,2014 2862,2014 2860,2012 2746,2012 2741,2007 2741,1974 2736,1969 2589,1969 2589,1988 2584,1993 2541,1993 2539,1995 2538,1995 2536,1997 2531,1997 2531,2002 2529,2004 2529,2005 2527,2007 2508,2007 2503,2002 2503,1969 2498,1964 2355,1964 2345,1974 2345,2002 2343,2004 2343,2005 2341,2007 2307,2007 2305,2005 2305,2004 2303,2002 2303,1969 2293,1959 2150,1959 2145,1964 2136,1964 2136,1997 2131,2002 1915,2002 1914,2001 1914,1999 1913,1998 1913,1996 1912,1995 1912,1993 1911,1992 1911,1990 1910,1989 1910,1987 1909,1986 1909,1984 1908,1983 1908,1981 1907,1980 1907,1978 1906,1977 1906,1975 1905,1974 1905,1971 1904,1970 1904,1968 1903,1967 1903,1965 1902,1964 1902,1962 1901,1961 1901,1959 1900,1958 1900,1956 1899,1955 1899,1953 1898,1952 1898,1950 1897,1949 1897,1947 1896,1946 1896,1944 1895,1943 1895,1941 1894,1940 1894,1938 1893,1937 1893,1935 1892,1934 1892,1932 1891,1931 1891,1929 1890,1928 1890,1925 1889,1924 1889,1922 1888,1921 1888,1919 1887,1918 1887,1916 1886,1915 1886,1913 1885,1912 1885,1910 1884,1909 1884,1907 1883,1906 1883,1904 1882,1903 1882,1901 1881,1900 1881,1898 1880,1897 1880,1895 1879,1894 1879,1893 1880,1892 1931,1892 1933,1894 1933,1895 1935,1897 1935,1931 2078,1931 2088,1921 2088,1916 2090,1914 2091,1914 2093,1912 2093,1902 2095,1900 2095,1899 2097,1897 2117,1897 2119,1899 2119,1900 2121,1902 2260,1902 2262,1900 2262,1899 2264,1897 2584,1897 2589,1902 3046,1902 3046,1897 3051,1892 3051,1835 3042,1835 3037,1830 2999,1830 2997,1828 2996,1828 2994,1826 2994,1802 2989,1797 2989,1788 2980,1788 2975,1783 2975,1764 2970,1759 2970,1754 2965,1749 2899,1749 2897,1747 2896,1747 2894,1745 2722,1745 2720,1747 2719,1747 2717,1749 2717,1783 2715,1785 2715,1786 2713,1788 2622,1788 2617,1783 2493,1783 2488,1778 2488,1740 2326,1740 2326,1778 2324,1780 2324,1781 2322,1783 2279,1783 2274,1778 2136,1778 2131,1783 2093,1783 2088,1778 2016,1778 2014,1776 2014,1775 2012,1773 2012,1768 2010,1766 2009,1766 2007,1764 1859,1764 1859,1773 1854,1778 1830,1778 1828,1776 1828,1775 1826,1773 1826,1759 1788,1759 1787,1758 1786,1758 1779,1751 1778,1751 1770,1743 1769,1743 1762,1736 1761,1736 1754,1729 1753,1729 1745,1721 1744,1721 1737,1714 1736,1714 1729,1707 1728,1707 1720,1699 1719,1699 1712,1692 1711,1692 1704,1685 1703,1685 1695,1677 1694,1677 1691,1674 1692,1673 1940,1673 1945,1668 1950,1673 1950,1678 2460,1678 2465,1683 2465,1726 2636,1726 2636,1692 2641,1687 2784,1687 2786,1685 2787,1685 2789,1683 2798,1683 2803,1678 2808,1683 2808,1687 3189,1687 3193,1683 3194,1683 3199,1678 3199,1573 3194,1568 2822,1568 2817,1573 2803,1573 2798,1568 2460,1568 2455,1563 2322,1563 2320,1561 2319,1561 2317,1559 2317,1521 2155,1521 2155,1559 2153,1561 2152,1561 2150,1563 2126,1563 2124,1561 2123,1561 2121,1559 1873,1559 1871,1557 1871,1556 1869,1554 1687,1554 1685,1556 1685,1557 1683,1559 1678,1559 1673,1554 1653,1554 1652,1553 1653,1552 1653,1551 1654,1550 1654,1549 1655,1548 1655,1547 1656,1546 1656,1545 1657,1544 1657,1543 1658,1542 1658,1541 1659,1540 1659,1539 1660,1538 1660,1537 1661,1536 1661,1535 1662,1534 1662,1533 1663,1532 1663,1531 1664,1530 1664,1529 1665,1528 1665,1527 1666,1526 1666,1525 1667,1524 1667,1523 1668,1522 1668,1521 1669,1520 1669,1519 1670,1518 1670,1517 1671,1516 1671,1515 1672,1514 1672,1513 1673,1512 1673,1511 1674,1510 1674,1509 1675,1508 1675,1507 1676,1506 1676,1505 1677,1504 1677,1503 1678,1502 1678,1501 1679,1500 1679,1499 1680,1498 1680,1497 1681,1496 1681,1495 1682,1494 1682,1493 1683,1492 1683,1491 1684,1490 1684,1489 1685,1488 1685,1487 1686,1486 1686,1485 1687,1484 1687,1483 1688,1482 1688,1481 1689,1480 1689,1479 1690,1478 1690,1477 1691,1476 1691,1475 1692,1474 1692,1473 1693,1472 1693,1471 1694,1470 1694,1469 1695,1468 1695,1467 1696,1466 1696,1465 1697,1464 1697,1463 1698,1462 1698,1461 1699,1460 1699,1459 1700,1458 1700,1457 1701,1456 1701,1455 1702,1454 1702,1453 1703,1452 1703,1451 1705,1449 1726,1449 1728,1451 1728,1452 1730,1454 2002,1454 2007,1459 2007,1497 2009,1499 2010,1499 2012,1501 2179,1501 2183,1497 2183,1459 2188,1454 2241,1454 2243,1456 2243,1457 2245,1459 2245,1497 2255,1497 2257,1499 2258,1499 2260,1501 2417,1501 2417,1463 2419,1461 2420,1461 2422,1459 2541,1459 2543,1461 2544,1461 2546,1463 3137,1463 3137,1449 3142,1444 3185,1444 3187,1442 3187,1441 3189,1439 3189,1377 3137,1377 3135,1375 3134,1375 3132,1373 3132,1354 2994,1354 2989,1349 2989,1311 2984,1306 2984,1305 2980,1301 2841,1301 2839,1303 2839,1304 2837,1306 2832,1306 2827,1311 2827,1349 2822,1354 2698,1354 2693,1349 2693,1348 2689,1344 2689,1339 2579,1339 2577,1337 2576,1337 2574,1335 2574,1301 2422,1301 2422,1344 2417,1349 2407,1349 2405,1347 2405,1346 2403,1344 2403,1339 2307,1339 2303,1335 2303,1301 2298,1296 2150,1296 2150,1335 2148,1337 2147,1337 2145,1339 1892,1339 1888,1335 1888,1296 1886,1294 1885,1294 1883,1292 1842,1292 1841,1291 1842,1290 1843,1290 1849,1284 1850,1284 1857,1277 1858,1277 1864,1271 1865,1271 1872,1264 1873,1264 1879,1258 1880,1258 1887,1251 1888,1251 1894,1245 1895,1245 1901,1239 1902,1239 1909,1232 1910,1232 1916,1226 1917,1226 1918,1225 1988,1225 1993,1230 2322,1230 2326,1234 2770,1234 2772,1232 2773,1232 2775,1230 2775,1215 2779,1211 2813,1211 2817,1215 2856,1215 2858,1217 2858,1218 2860,1220 2860,1225 2865,1230 2870,1230 2872,1232 2873,1232 2875,1234 2884,1234 2889,1239 3180,1239 3185,1234 3185,1177 3170,1177 3168,1175 3168,1174 3166,1172 3166,1125 3094,1125 3089,1120 3089,1110 3087,1108 3086,1108 3084,1106 3080,1106 3070,1096 3070,1091 3068,1089 3067,1089 3065,1087 3065,1082 3061,1082 3056,1077 2884,1077 2879,1082 2875,1082 2870,1087 2869,1087 2865,1091 2865,1101 2856,1110 2856,1120 2851,1125 2851,1139 2846,1144 2789,1144 2784,1139 2784,1077 2779,1072 2612,1072 2610,1074 2610,1075 2608,1077 2608,1106 2606,1108 2605,1108 2603,1110 2369,1110 2367,1108 2366,1108 2364,1106 2226,1106 2221,1101 2221,1068 2219,1066 2219,1065 2217,1063 2074,1063 2069,1068 1974,1068 1974,1087 1972,1089 1971,1089 1969,1091 1902,1091 1902,1096 1897,1101 1892,1096 1892,1082 1890,1080 1890,1079 1888,1077 1888,1072 1886,1070 1885,1070 1883,1068 1735,1068 1733,1070 1732,1070 1730,1072 1730,1101 1728,1103 1728,1104 1726,1106 1673,1106 1668,1101 1668,1091 1664,1087 1521,1087 1519,1089 1518,1089 1516,1091 1516,1101 1511,1106 1392,1106 1387,1101 1335,1101 1325,1091 1215,1091 1206,1082 1206,1077 1201,1072 1200,1072 1196,1068 1196,1063 1194,1061 1194,1060 1192,1058 1187,1058 1182,1053 762,1053 760,1051 760,1050 758,1048"/><TextEquiv><Unicode/></TextEquiv><TextLine id="r3_l001"><Coords points="447,1065 3120,1100 3118,1260 445,1225"/><TextEquiv index="1"><Unicode>moiselle Dascourt; c'est bien vous? -- On</Unicode></TextEquiv></TextLine><TextLine id="r3_l002"><Coords points="457,1294 3124,1329 3122,1494 455,1459"/><TextEquiv index="1"><Unicode>se trompe, je n'ai rien qui puisse m'ex-</Unicode></TextEquiv></TextLine><TextLine id="r3_l003"><Coords points="458,1521 3135,1556 3133,1712 455,1677"/><TextEquiv index="1"><Unicode>poser.... -- Vous ne voulez pas vous</Unicode></TextEquiv></TextLine><TextLine id="r3_l004"><Coords points="463,1737 2985,1770 2983,1924 461,1891"/><TextEquiv index="1"><Unicode>sauver, vous avez tort; car les voil.</Unicode></TextEquiv></TextLine><TextLine id="r3_l005"><Coords points="616,1961 3130,1994 3127,2155 614,2122"/><TextEquiv index="1"><Unicode>En effet, des gens de justice en-</Unicode></TextEquiv></TextLine><TextLine id="r3_l006"><Coords points="462,2185 3140,2220 3137,2380 460,2345"/><TextEquiv index="1"><Unicode>trent en foule. Un exempt montre </Unicode></TextEquiv></TextLine><TextLine id="r3_l007"><Coords points="467,2408 3140,2443 3138,2608 465,2573"/><TextEquiv index="1"><Unicode>Ccile l'ordre de l'arrter; et malgr les</Unicode></TextEquiv></TextLine><TextLine id="r3_l008"><Coords points="472,2634 3135,2669 3133,2831 470,2796"/><TextEquiv index="1"><Unicode>cris, les gmissemens de cette inor-</Unicode></TextEquiv></TextLine><TextLine id="r3_l009"><Coords points="472,2858 3140,2893 3138,3029 470,2994"/><TextEquiv index="1"><Unicode>tune, ils ont la crnaut de l'arracher</Unicode></TextEquiv></TextLine><TextLine id="r3_l010"><Coords points="472,3084 3145,3119 3143,3282 470,3247"/><TextEquiv index="1"><Unicode>des bras de son htesse effraye. On la</Unicode></TextEquiv></TextLine><TextLine id="r3_l011"><Coords points="472,3308 3145,3343 3143,3504 470,3469"/><TextEquiv index="1"><Unicode>met dans une voiture, et la voil qui</Unicode></TextEquiv></TextLine><TextLine id="r3_l012"><Coords points="467,3542 3150,3577 3148,3739 465,3704"/><TextEquiv index="1"><Unicode>voyage sans savoir o elle va. Elle passe</Unicode></TextEquiv></TextLine><TextLine id="r3_l013"><Coords points="473,3763 3140,3798 3138,3962 471,3927"/><TextEquiv index="1"><Unicode>ainsi quatre jours et quatre nuits er</Unicode></TextEquiv></TextLine><TextLine id="r3_l014"><Coords points="468,3991 3155,4026 3153,4190 466,4155"/><TextEquiv index="1"><Unicode>route, sans prendre d'autre nourriture</Unicode></TextEquiv></TextLine><TextLine id="r3_l015"><Coords points="477,4207 3155,4242 3153,4408 475,4373"/><TextEquiv index="1"><Unicode>que le peu d'alimens grossiers qu'on lui</Unicode></TextEquiv></TextLine><TextLine id="r3_l016"><Coords points="477,4433 3154,4468 3152,4626 475,4591"/><TextEquiv index="1"><Unicode>offre comme  une criminelle; et, ar-</Unicode></TextEquiv></TextLine><TextLine id="r3_l017"><Coords points="483,4653 3165,4688 3163,4846 480,4811"/><TextEquiv index="1"><Unicode>rive enfin dans la ville de Rennes, on</Unicode></TextEquiv></TextLine><TextLine id="r3_l018"><Coords points="482,4877 3164,4912 3162,5091 479,5056"/><TextEquiv index="1"><Unicode>la plonge dans une troite prison, sans</Unicode></TextEquiv></TextLine><TextLine id="r3_l019"><Coords points="487,5096 3160,5131 3158,5296 485,5261"/><TextEquiv index="1"><Unicode>lui dire les griefs qu'on lui reproche.</Unicode></TextEquiv></TextLine><TextLine id="r3_l020"><Coords points="497,5323 3170,5358 3167,5521 495,5486"/><TextEquiv index="1"><Unicode>On l'interroge; et le crime dont on l'ac-</Unicode></TextEquiv></TextLine><TextLine id="r3_l021"><Coords points="503,5549 3175,5584 3172,5746 501,5711"/><TextEquiv index="1"><Unicode>cuse est si neuf  ses yeux, qu'elle voit</Unicode></TextEquiv></TextLine><TextLine id="r3_l022"><Coords points="507,5764 3170,5799 3167,5973 505,5938"/><TextEquiv index="1"><Unicode>clairement qu'elle n'est prisonnire que</Unicode></TextEquiv></TextLine></TextRegion></Page></PcGts>