4266 7901
1588 833 2077 1008 te.
446 1037 3335 1265 que ce fût. Je vous passe les détails de
450 1286 3333 1507 ses souffrances dans sa triste prison,
451 1521 3331 1717 pour en venir à sa sortie de ce lieu ſu-
456 1733 3331 1964 neste. J'étais, moi, dans les environs
451 1973 3329 2197 de Rennes, occupé de mes affaires per-
457 2213 3327 2420 sonnelles, lorsque le hasard me condui-
462 2435 3326 2657 sit dans le lieu où gémissait votre amie.
462 2672 3324 2876 J'y allais voir un de mes amis, qui de-
462 2907 3322 3114 nuis a été reconnu innocent. J'entends
462 3145 3321 3354 parler de mademoiselle d'Eranville; je
467 3364 3320 3577 m'informe: j'apprends que cette estima-
466 3601 3318 3808 ble demoiselle est détenue: je cours, j'in-
467 3814 3317 4037 tercède, et je parviens à lui faire rendre
467 4039 3315 4271 sa liberté. Vous me permettrez d'abréger
467 4275 3314 4504 le récit des faibles services que je fus
467 4526 3312 4739 assez heureux pour lui rendre alors ....
467 4738 3311 4966 Eh quoi! lui dis-je quand elle fut chez
467 4970 3309 5193 ma sœur, chez madame Dolmont que
467 5214 3308 5422 vous voyez ici, est-il possible, made-
467 5438 3306 5661 moiselle, que vous ayez été la victime
471 5674 3305 5901 d'une ressemblance de nom? J'ai bien
467 5910 3303 6116 entendu parler du procès d'une femme
