<PcGts xmlns="http://schema.primaresearch.org/PAGE/gts/pagecontent/2017-07-15" xmlns:xsi="http://www.w3.org/2001/XMLSchema-instance" xsi:schemaLocation="http://schema.primaresearch.org/PAGE/gts/pagecontent/2017-07-15 http://schema.primaresearch.org/PAGE/gts/pagecontent/2017-07-15/pagecontent.xsd"><Metadata><Creator/><Created>2020-09-23T12:41:42</Created><LastChange>1970-01-01T00:00:00</LastChange><Comments/></Metadata><Page imageFilename="0172.png" imageHeight="7801" imageWidth="4266"><ReadingOrder><OrderedGroup id="g1"><RegionRefIndexed index="0" regionRef="r1"/><RegionRefIndexed index="1" regionRef="r2"/></OrderedGroup></ReadingOrder><TextRegion id="r1" type="page-number" orientation="-0.0"><Coords points="2130,780 2125,784 2120,784 2116,789 2116,794 2106,804 2106,809 2101,814 2101,819 2096,823 2096,843 2091,848 2091,936 2096,940 2096,960 2101,965 2101,970 2111,980 2111,984 2116,989 2272,989 2272,955 2276,950 2530,950 2535,955 2535,984 2686,984 2696,975 2696,970 2701,965 2701,960 2705,955 2705,940 2710,936 2710,828 2705,823 2705,814 2701,809 2701,804 2696,799 2696,794 2691,789 2686,789 2681,784 2535,784 2530,789 2335,789 2320,804 2320,809 2306,823 2276,823 2272,819 2272,780"/><TextEquiv><Unicode/></TextEquiv><TextLine id="r1_l001"><Coords points="2164,803 2646,803 2646,965 2164,965"/><TextEquiv index="1"><Unicode>i.</Unicode></TextEquiv></TextLine></TextRegion><TextRegion id="r2" type="paragraph" orientation="0.625"><Coords points="2954,999 2954,1043 2949,1048 2837,1048 2832,1053 2627,1053 2625,1055 2625,1056 2623,1058 2530,1058 2528,1060 2527,1060 2525,1062 2496,1062 2494,1060 2493,1060 2491,1058 2481,1058 2476,1053 2476,1043 2437,1043 2432,1038 2432,1009 2281,1009 2281,1038 2276,1043 2257,1043 2252,1038 2252,1019 2194,1019 2189,1014 2189,1009 2028,1009 2028,1053 2023,1058 1999,1058 1994,1053 1994,1038 1842,1038 1840,1040 1840,1041 1838,1043 1838,1053 1833,1058 1794,1058 1789,1053 1701,1053 1696,1048 1696,1043 1540,1043 1540,1053 1535,1058 1223,1058 1216,1051 1216,1050 1209,1043 1209,1033 1204,1033 1199,1028 1194,1028 1189,1023 965,1023 960,1028 960,1087 984,1087 989,1092 989,1116 984,1121 965,1121 965,1189 1155,1189 1160,1184 1545,1184 1545,1179 1547,1177 1548,1177 1550,1175 1628,1175 1630,1177 1631,1177 1633,1179 1633,1218 1784,1218 1788,1214 1789,1214 1794,1209 1794,1199 1799,1194 1799,1179 1803,1175 2140,1175 2145,1170 2150,1170 2155,1175 2423,1175 2424,1176 2424,1177 2426,1179 2426,1180 2427,1181 2427,1182 2428,1183 2428,1184 2429,1185 2429,1186 2431,1188 2431,1189 2432,1190 2432,1191 2433,1192 2433,1193 2434,1194 2434,1195 2436,1197 2436,1198 2437,1199 2437,1200 2438,1201 2438,1202 2439,1203 2439,1204 2441,1206 2441,1207 2442,1208 2442,1209 2443,1210 2443,1211 2444,1212 2444,1213 2446,1215 2446,1216 2447,1217 2447,1218 2448,1219 2448,1220 2449,1221 2449,1222 2450,1223 2450,1224 2452,1226 2452,1227 2453,1228 2453,1229 2454,1230 2454,1231 2455,1232 2455,1233 2457,1235 2457,1236 2458,1237 2458,1238 2459,1239 2459,1240 2460,1241 2460,1242 2459,1243 2052,1243 2052,1248 2047,1253 2046,1253 2042,1257 2042,1287 2040,1289 2040,1290 2038,1292 2013,1292 2008,1287 2008,1272 1857,1272 1857,1282 1852,1287 1579,1287 1574,1292 1248,1292 1246,1294 1245,1294 1243,1296 1223,1296 1221,1294 1220,1294 1218,1292 1077,1292 1075,1294 1074,1294 1072,1296 955,1296 955,1365 960,1365 965,1370 965,1399 960,1404 955,1404 955,1462 1140,1462 1140,1413 1142,1411 1143,1411 1145,1409 1555,1409 1560,1404 2184,1404 2189,1409 2189,1423 2330,1423 2330,1409 2335,1404 2497,1404 2498,1405 2497,1406 2497,1409 2496,1410 2496,1413 2495,1414 2495,1417 2494,1418 2494,1421 2493,1422 2493,1425 2492,1426 2492,1429 2491,1430 2491,1433 2490,1434 2490,1437 2489,1438 2489,1441 2488,1442 2488,1445 2487,1446 2487,1449 2486,1450 2486,1453 2485,1454 2485,1457 2484,1458 2484,1461 2483,1462 2483,1465 2482,1466 2482,1469 2481,1470 2481,1473 2480,1474 2480,1477 2479,1478 2479,1481 2478,1482 2478,1485 2477,1486 2477,1489 2476,1490 2476,1493 2475,1494 2475,1497 2474,1498 2474,1501 2473,1502 2473,1505 2472,1506 2472,1509 2471,1510 2471,1513 2470,1514 2470,1515 2469,1516 2242,1516 2237,1521 2213,1521 2208,1516 1828,1516 1823,1521 1813,1521 1808,1516 1725,1516 1723,1514 1723,1513 1721,1511 1721,1477 1716,1472 1545,1472 1540,1477 1535,1477 1530,1482 1530,1496 1528,1498 1528,1499 1526,1501 1526,1516 1521,1521 1433,1521 1428,1526 1404,1526 1399,1521 1345,1521 1340,1516 1340,1477 1335,1472 1189,1472 1184,1477 1184,1516 1179,1521 960,1521 955,1526 955,1633 960,1638 1530,1638 1535,1633 1740,1633 1745,1628 1779,1628 1784,1633 2208,1633 2213,1628 2218,1633 2371,1633 2372,1634 2364,1642 2363,1642 2350,1655 2349,1655 2335,1669 2334,1669 2321,1682 2320,1682 2307,1695 2306,1695 2292,1709 2291,1709 2278,1722 2277,1722 2263,1736 2262,1736 2249,1749 2248,1749 2247,1750 2179,1750 2174,1755 2159,1755 2157,1753 2157,1752 2155,1750 2081,1750 2079,1748 2079,1747 2077,1745 2077,1740 2072,1735 2072,1721 2067,1716 2067,1711 2062,1706 1920,1706 1918,1708 1918,1709 1916,1711 1916,1745 1911,1750 1823,1750 1818,1745 1818,1716 1813,1711 1774,1711 1769,1706 1618,1706 1613,1711 1613,1735 1608,1740 1511,1740 1511,1755 1506,1760 1452,1760 1448,1764 1443,1764 1443,1769 1438,1774 1438,1789 1433,1794 1409,1794 1404,1789 1404,1760 1399,1760 1389,1750 1389,1730 1384,1725 1384,1716 1379,1716 1374,1711 1282,1711 1277,1706 1126,1706 1121,1711 1121,1750 1116,1755 960,1755 955,1760 955,1813 960,1818 965,1818 970,1823 970,1833 975,1838 975,1847 980,1852 980,1857 984,1857 989,1862 989,1867 994,1872 1331,1872 1333,1874 1333,1875 1335,1877 1335,1916 1482,1916 1482,1911 1487,1906 1487,1901 1489,1899 1489,1898 1491,1896 1491,1891 1496,1886 1496,1881 1500,1877 1501,1877 1506,1872 1604,1872 1606,1874 1606,1875 1608,1877 1608,1916 1764,1916 1764,1911 1769,1906 1769,1896 1774,1891 1774,1881 1778,1877 1779,1877 1784,1872 1813,1872 1818,1877 1818,1916 1820,1918 1821,1918 1823,1920 1994,1920 1994,1872 1999,1867 2116,1867 2118,1865 2118,1864 2120,1862 2179,1862 2184,1867 2184,1906 2321,1906 2324,1909 2325,1909 2341,1925 2342,1925 2358,1941 2359,1941 2375,1957 2376,1957 2392,1973 2393,1973 2398,1978 2397,1979 2335,1979 2330,1974 2330,1935 2174,1935 2169,1940 1920,1940 1920,2003 1930,2003 1935,2008 1930,2013 1886,2013 1881,2008 1808,2008 1803,2003 1803,1950 1801,1948 1801,1947 1799,1945 1643,1945 1643,1979 1638,1984 1569,1984 1567,1982 1567,1981 1565,1979 1565,1945 1560,1940 1413,1940 1411,1942 1411,1943 1409,1945 1404,1945 1404,1989 1399,1994 1136,1994 1131,1989 1131,1969 965,1969 965,1989 960,1994 955,1994 955,2052 965,2062 965,2101 970,2106 1311,2106 1316,2111 1316,2150 1496,2150 1496,2111 1501,2106 1799,2106 1801,2104 1801,2103 1803,2101 1803,2086 1808,2081 1901,2081 1903,2079 1904,2079 1906,2077 1911,2077 1913,2079 1914,2079 1916,2081 1916,2101 2296,2101 2301,2096 2406,2096 2407,2097 2407,2099 2406,2100 2406,2101 2405,2102 2405,2104 2404,2105 2404,2107 2403,2108 2403,2109 2402,2110 2402,2112 2401,2113 2401,2114 2400,2115 2400,2117 2399,2118 2399,2119 2398,2120 2398,2122 2397,2123 2397,2125 2396,2126 2396,2127 2395,2128 2395,2130 2394,2131 2394,2132 2393,2133 2393,2135 2392,2136 2392,2137 2391,2138 2391,2140 2390,2141 2390,2142 2389,2143 2389,2145 2388,2146 2388,2148 2387,2149 2387,2150 2386,2151 2386,2153 2385,2154 2385,2155 2384,2156 2384,2158 2383,2159 2383,2160 2382,2161 2382,2163 2381,2164 2381,2166 2380,2167 2380,2168 2379,2169 2379,2171 2378,2172 2378,2173 2377,2174 2377,2176 2376,2177 2376,2178 2375,2179 2375,2181 2374,2182 2374,2183 2373,2184 2373,2186 2372,2187 2372,2189 2371,2190 2371,2191 2370,2192 2370,2194 2369,2195 2369,2196 2368,2197 2368,2199 2367,2200 2367,2201 2366,2202 2366,2204 2365,2205 2365,2207 2364,2208 2252,2208 2247,2203 2247,2169 2101,2169 2086,2184 2086,2189 2081,2194 2081,2198 2079,2200 2079,2201 2077,2203 2077,2208 2072,2213 2067,2208 2067,2155 1925,2155 1923,2157 1922,2157 1920,2159 1920,2164 1918,2166 1918,2167 1916,2169 1764,2169 1762,2171 1762,2172 1760,2174 1760,2208 1755,2213 1706,2213 1701,2218 1652,2218 1647,2213 1501,2213 1496,2218 1170,2218 1165,2213 1165,2179 1160,2174 994,2174 984,2184 980,2184 975,2189 975,2194 973,2196 972,2196 970,2198 970,2218 965,2223 960,2223 960,2276 955,2281 955,2340 1521,2340 1526,2335 1974,2335 1979,2330 2072,2330 2077,2335 2077,2340 2079,2342 2079,2343 2081,2345 2081,2350 2083,2352 2084,2352 2086,2354 2086,2359 2101,2374 2247,2374 2247,2335 2252,2330 2353,2330 2354,2331 2354,2341 2355,2342 2355,2363 2356,2364 2356,2385 2357,2386 2357,2406 2358,2407 2358,2422 2357,2423 2174,2423 2169,2428 2169,2437 2164,2442 1960,2442 1955,2447 1901,2447 1896,2442 1896,2403 1745,2403 1740,2408 1696,2408 1696,2428 1694,2430 1693,2430 1691,2432 1584,2432 1584,2447 1579,2452 1526,2452 1516,2462 1516,2467 1514,2469 1513,2469 1511,2471 1511,2486 1506,2491 1467,2491 1462,2486 1462,2471 1460,2469 1459,2469 1457,2467 1457,2442 1452,2437 1452,2432 1448,2428 1448,2423 1443,2418 1443,2413 1438,2413 1433,2408 1282,2408 1282,2432 1277,2437 1184,2437 1184,2447 1179,2452 960,2452 955,2457 955,2574 1277,2574 1282,2579 1282,2603 1287,2608 1535,2608 1545,2598 1545,2593 1550,2588 1550,2584 1555,2579 1555,2574 1560,2569 1862,2569 1867,2564 2150,2564 2155,2559 2348,2559 2349,2560 2349,2561 2348,2562 2348,2568 2347,2569 2347,2574 2346,2575 2346,2580 2345,2581 2345,2586 2344,2587 2344,2593 2343,2594 2343,2599 2342,2600 2342,2605 2341,2606 2341,2612 2340,2613 2340,2618 2339,2619 2339,2624 2338,2625 2338,2626 2337,2627 2145,2627 2140,2632 2135,2632 2130,2637 2120,2637 2120,2666 2118,2668 2118,2669 2116,2671 2081,2671 2079,2669 2079,2668 2077,2666 2077,2637 2072,2632 1857,2632 1857,2671 1852,2676 1774,2676 1769,2681 1204,2681 1199,2686 1170,2686 1165,2681 1165,2647 1160,2642 994,2642 994,2686 989,2691 980,2691 975,2696 970,2696 970,2701 968,2703 967,2703 965,2705 965,2710 960,2715 960,2720 955,2725 955,2779 957,2781 958,2781 960,2783 960,2793 970,2803 989,2803 994,2808 1136,2808 1138,2806 1138,2805 1140,2803 1735,2803 1740,2798 1745,2798 1750,2803 1896,2803 1901,2798 1969,2798 1974,2793 2340,2793 2342,2795 2342,2801 2343,2802 2343,2808 2344,2809 2344,2814 2345,2815 2345,2821 2346,2822 2346,2828 2347,2829 2347,2835 2348,2836 2348,2841 2349,2842 2349,2848 2350,2849 2350,2855 2351,2856 2351,2861 2352,2862 2352,2868 2353,2869 2353,2875 2354,2876 2354,2882 2355,2883 2355,2888 2356,2889 2356,2895 2357,2896 2357,2899 2356,2900 2072,2900 2067,2905 1911,2905 1906,2910 1901,2910 1896,2905 1896,2866 1638,2866 1638,2886 1633,2891 1530,2891 1528,2893 1528,2894 1526,2896 1526,2905 1521,2910 1472,2910 1467,2915 1462,2915 1455,2922 1455,2923 1448,2930 1438,2930 1438,2949 1433,2954 1428,2954 1423,2949 1423,2930 1416,2923 1416,2922 1409,2915 1345,2915 1340,2910 1340,2871 1189,2871 1184,2876 1184,2910 1179,2915 1145,2915 1140,2910 994,2910 984,2920 980,2920 965,2935 965,2964 960,2969 960,3027 970,3037 1199,3037 1204,3032 1321,3032 1326,3037 1326,3076 1472,3076 1482,3066 1482,3061 1491,3052 1491,3042 1501,3032 1686,3032 1691,3027 1779,3027 1784,3032 1784,3066 1789,3071 1794,3071 1799,3076 1960,3076 1962,3074 1962,3073 1964,3071 1979,3071 1984,3066 1984,3061 1986,3059 1987,3059 1989,3057 1989,3032 1994,3027 2120,3027 2125,3022 2405,3022 2407,3024 2407,3025 2408,3026 2408,3027 2410,3029 2410,3030 2411,3031 2411,3032 2413,3034 2413,3035 2414,3036 2414,3037 2415,3038 2415,3039 2417,3041 2417,3042 2418,3043 2418,3044 2420,3046 2420,3047 2421,3048 2421,3049 2423,3051 2423,3052 2424,3053 2424,3054 2426,3056 2426,3057 2427,3058 2427,3059 2429,3061 2429,3062 2430,3063 2430,3064 2431,3065 2431,3066 2433,3068 2433,3069 2434,3070 2434,3071 2436,3073 2436,3074 2437,3075 2437,3076 2439,3078 2439,3079 2440,3080 2440,3081 2442,3083 2442,3084 2443,3085 2443,3086 2445,3088 2445,3089 2446,3090 2446,3091 2447,3092 2447,3093 2449,3095 2449,3096 2450,3097 2450,3098 2452,3100 2452,3101 2453,3102 2453,3103 2455,3105 2455,3106 2456,3107 2456,3108 2458,3110 2458,3111 2459,3112 2459,3113 2461,3115 2461,3116 2462,3117 2462,3118 2463,3119 2463,3120 2465,3122 2465,3123 2466,3124 2466,3125 2468,3127 2468,3128 2469,3129 2468,3130 2369,3130 2364,3125 2184,3125 2179,3120 2179,3091 2062,3091 2057,3086 1901,3086 1896,3091 1896,3125 1891,3130 1867,3130 1862,3125 1862,3091 1696,3091 1691,3096 1691,3130 1686,3135 1501,3135 1499,3137 1498,3137 1496,3139 1277,3139 1275,3137 1274,3137 1272,3135 1272,3105 1267,3100 1121,3100 1116,3105 999,3105 999,3115 994,3120 994,3139 989,3144 980,3144 965,3159 965,3164 960,3169 960,3237 965,3242 965,3247 969,3251 970,3251 975,3256 975,3261 1428,3261 1428,3256 1430,3254 1431,3254 1433,3252 1779,3252 1784,3247 2364,3247 2369,3242 2482,3242 2483,3243 2483,3254 2482,3255 2482,3266 2481,3267 2481,3278 2480,3279 2480,3290 2479,3291 2479,3302 2478,3303 2478,3314 2477,3315 2477,3326 2476,3327 2476,3338 2475,3339 2475,3350 2474,3351 2474,3358 2473,3359 1979,3359 1974,3364 1930,3364 1925,3359 1925,3315 1920,3310 1774,3310 1769,3315 1755,3315 1750,3320 1750,3359 1745,3364 1540,3364 1535,3369 1443,3369 1438,3364 1438,3325 1433,3320 1218,3320 1216,3322 1216,3323 1214,3325 1209,3325 1209,3330 1207,3332 1206,3332 1204,3334 1204,3339 1199,3344 1199,3354 1194,3359 1194,3369 1192,3371 1191,3371 1189,3373 1140,3373 1136,3369 994,3369 992,3371 991,3371 989,3373 975,3373 965,3383 965,3422 960,3427 960,3481 965,3486 965,3495 1267,3495 1267,3490 1269,3488 1270,3488 1272,3486 1511,3486 1516,3481 1530,3481 1535,3486 1691,3486 1696,3481 2125,3481 2126,3482 2127,3482 2128,3483 2129,3483 2130,3484 2131,3484 2132,3485 2133,3485 2134,3486 2135,3486 2136,3487 2137,3487 2138,3488 2140,3488 2141,3489 2142,3489 2143,3490 2144,3490 2145,3491 2146,3491 2147,3492 2148,3492 2149,3493 2150,3493 2151,3494 2152,3494 2153,3495 2154,3495 2155,3496 2157,3496 2158,3497 2159,3497 2160,3498 2161,3498 2162,3499 2163,3499 2164,3500 2165,3500 2166,3501 2167,3501 2168,3502 2169,3502 2170,3503 2172,3503 2173,3504 2174,3504 2175,3505 2176,3505 2177,3506 2178,3506 2179,3507 2180,3507 2181,3508 2182,3508 2183,3509 2184,3509 2185,3510 2186,3510 2187,3511 2189,3511 2190,3512 2191,3512 2192,3513 2193,3513 2194,3514 2195,3514 2196,3515 2197,3515 2198,3516 2199,3516 2200,3517 2201,3517 2202,3518 2203,3518 2204,3519 2206,3519 2207,3520 2208,3520 2209,3521 2210,3521 2211,3522 2212,3522 2213,3523 2214,3523 2215,3524 2216,3524 2217,3525 2218,3525 2219,3526 2221,3526 2222,3527 2223,3527 2224,3528 2225,3528 2226,3529 2227,3529 2228,3530 2229,3530 2230,3531 2231,3531 2232,3532 2233,3532 2234,3533 2235,3533 2236,3534 2238,3534 2239,3535 2240,3535 2241,3536 2242,3536 2243,3537 2244,3537 2245,3538 2244,3539 2233,3539 2228,3544 2228,3588 2223,3593 2077,3593 2072,3588 2072,3549 2067,3544 1920,3544 1918,3546 1918,3547 1916,3549 1916,3573 1911,3578 1911,3588 1906,3593 1857,3593 1852,3598 1833,3598 1828,3593 1828,3549 1823,3544 1677,3544 1672,3549 1530,3549 1528,3551 1528,3552 1526,3554 1526,3598 1521,3603 1501,3603 1496,3598 1496,3554 1301,3554 1296,3559 1296,3598 1294,3600 1294,3601 1292,3603 1170,3603 1168,3605 1167,3605 1165,3607 1126,3607 1126,3627 1121,3632 999,3632 999,3685 1121,3685 1126,3690 1126,3710 1131,3715 1282,3715 1287,3710 1292,3715 1296,3715 1301,3720 1457,3720 1462,3715 1784,3715 1789,3710 1945,3710 1950,3715 1950,3759 2125,3759 2125,3710 2130,3705 2428,3705 2430,3707 2430,3708 2432,3710 2432,3744 2435,3744 2436,3745 2436,3747 2435,3748 2435,3754 2434,3755 2434,3762 2433,3763 2433,3769 2432,3770 2432,3776 2431,3777 2431,3783 2430,3784 2430,3791 2429,3792 2429,3798 2428,3799 2428,3805 2427,3806 2427,3813 2426,3814 2426,3820 2425,3821 2425,3825 2423,3827 2413,3827 2408,3822 2354,3822 2352,3820 2352,3819 2350,3817 2350,3778 2184,3778 2179,3783 2174,3778 2023,3778 2018,3783 1877,3783 1872,3788 1872,3827 1867,3832 1779,3832 1774,3827 1774,3788 1604,3788 1599,3783 1448,3783 1443,3788 1438,3788 1438,3832 1433,3837 1296,3837 1294,3835 1294,3834 1292,3832 1292,3827 1287,3822 1287,3817 1282,3812 1282,3807 1277,3802 1277,3793 1131,3793 1131,3802 1126,3807 1126,3817 1121,3822 1121,3832 1116,3837 999,3837 997,3839 996,3839 994,3841 975,3841 970,3846 965,3846 965,3890 960,3895 960,3959 1160,3959 1165,3954 1433,3954 1438,3949 1857,3949 1862,3944 1920,3944 1925,3949 1925,3993 2106,3993 2111,3988 2111,3944 2116,3939 2330,3939 2335,3944 2335,3983 2439,3983 2440,3984 2440,3987 2441,3988 2441,3995 2442,3996 2442,4003 2443,4004 2443,4010 2444,4011 2444,4018 2445,4019 2445,4026 2446,4027 2446,4033 2447,4034 2447,4041 2448,4042 2448,4049 2449,4050 2448,4051 2384,4051 2379,4056 2374,4056 2369,4051 2369,4007 2203,4007 2203,4051 2198,4056 2120,4056 2118,4054 2118,4053 2116,4051 2116,4007 1964,4007 1962,4009 1962,4010 1960,4012 1960,4032 1955,4037 1911,4037 1911,4051 1906,4056 1901,4051 1901,4027 1896,4022 1896,4012 1730,4012 1725,4017 1725,4061 1723,4063 1723,4064 1721,4066 1633,4066 1628,4061 1628,4017 1457,4017 1457,4066 1452,4071 1331,4071 1326,4066 1326,4022 1170,4022 1170,4066 1165,4071 1136,4071 1131,4066 1131,4056 970,4056 970,4066 965,4071 960,4071 955,4076 955,4129 960,4134 965,4134 970,4139 970,4183 975,4188 1238,4188 1243,4183 1457,4183 1462,4178 1725,4178 1730,4173 1794,4173 1799,4178 1945,4178 1950,4173 2164,4173 2169,4168 2394,4168 2395,4169 2394,4170 2394,4171 2392,4173 2392,4174 2390,4176 2390,4177 2389,4178 2389,4179 2387,4181 2387,4182 2386,4183 2386,4184 2384,4186 2384,4187 2383,4188 2383,4189 2381,4191 2381,4192 2379,4194 2379,4195 2378,4196 2378,4197 2376,4199 2376,4200 2375,4201 2375,4202 2373,4204 2373,4205 2372,4206 2372,4207 2370,4209 2370,4210 2368,4212 2368,4213 2367,4214 2367,4215 2365,4217 2365,4218 2364,4219 2364,4220 2362,4222 2362,4223 2361,4224 2361,4225 2359,4227 2359,4228 2357,4230 2357,4231 2356,4232 2356,4233 2354,4235 2354,4236 2353,4237 2353,4238 2351,4240 2351,4241 2350,4242 2350,4243 2348,4245 2348,4246 2347,4247 2347,4248 2345,4250 2345,4251 2343,4253 2343,4254 2342,4255 2342,4256 2340,4258 2340,4259 2339,4260 2339,4261 2337,4263 2337,4264 2336,4265 2336,4266 2334,4268 2334,4269 2332,4271 2332,4272 2331,4273 2331,4274 2330,4275 2213,4275 2208,4280 2198,4280 2196,4278 2196,4277 2194,4275 2194,4241 2189,4236 1930,4236 1930,4275 1925,4280 1911,4280 1906,4275 1906,4241 1901,4236 1750,4236 1745,4241 1745,4275 1740,4280 1691,4280 1686,4285 1413,4285 1411,4287 1411,4288 1409,4290 1175,4290 1170,4285 1170,4261 1165,4256 1165,4251 1155,4251 1150,4246 999,4246 999,4295 994,4300 989,4300 984,4305 975,4305 970,4310 969,4310 965,4314 965,4319 960,4324 960,4397 965,4402 965,4407 970,4407 975,4412 1267,4412 1272,4407 1321,4407 1326,4412 1467,4412 1472,4407 1487,4407 1489,4405 1489,4404 1491,4402 1521,4402 1526,4407 1740,4407 1745,4402 2023,4402 2028,4407 2028,4441 2179,4441 2179,4436 2184,4431 2184,4427 2189,4422 2189,4417 2194,4412 2194,4402 2196,4400 2196,4399 2198,4397 2307,4397 2309,4399 2309,4412 2310,4413 2310,4426 2311,4427 2311,4440 2312,4441 2312,4454 2313,4455 2313,4468 2314,4469 2314,4483 2315,4484 2315,4497 2316,4498 2316,4499 2315,4500 2311,4500 2306,4505 2252,4505 2247,4500 2247,4461 2091,4461 2086,4466 1935,4466 1935,4500 1930,4505 1857,4505 1855,4507 1854,4507 1852,4509 1847,4509 1842,4514 1842,4519 1840,4521 1840,4522 1838,4524 1838,4529 1833,4534 1833,4544 1831,4546 1830,4546 1828,4548 1779,4548 1777,4546 1776,4546 1774,4544 1774,4514 1769,4509 1604,4509 1602,4507 1601,4507 1599,4505 1599,4470 1597,4468 1596,4468 1594,4466 1452,4466 1448,4470 1448,4505 1446,4507 1445,4507 1443,4509 1340,4509 1335,4514 1199,4514 1194,4519 980,4519 970,4529 970,4544 968,4546 967,4546 965,4548 965,4617 970,4622 970,4626 980,4636 1101,4636 1106,4641 1106,4680 1292,4680 1292,4636 1294,4634 1294,4633 1296,4631 1662,4631 1667,4626 1696,4626 1701,4631 1701,4665 1847,4665 1851,4661 1852,4661 1857,4656 1857,4651 1862,4646 1862,4631 1867,4626 2018,4626 2020,4624 2021,4624 2023,4622 2077,4622 2081,4626 2081,4665 2228,4665 2230,4663 2231,4663 2233,4661 2237,4661 2237,4656 2242,4651 2242,4646 2247,4641 2247,4636 2252,4631 2252,4626 2254,4624 2255,4624 2257,4622 2364,4622 2366,4624 2366,4625 2368,4627 2368,4628 2369,4629 2369,4630 2371,4632 2371,4633 2373,4635 2373,4636 2374,4637 2374,4638 2376,4640 2376,4641 2377,4642 2377,4643 2379,4645 2379,4646 2381,4648 2381,4649 2382,4650 2382,4651 2384,4653 2384,4654 2385,4655 2385,4656 2387,4658 2387,4659 2389,4661 2389,4662 2390,4663 2390,4664 2392,4666 2392,4667 2393,4668 2393,4669 2395,4671 2395,4672 2396,4673 2396,4674 2398,4676 2398,4677 2400,4679 2400,4680 2401,4681 2401,4682 2403,4684 2403,4685 2404,4686 2404,4687 2406,4689 2406,4690 2408,4692 2408,4693 2409,4694 2409,4695 2411,4697 2411,4698 2412,4699 2412,4700 2414,4702 2414,4703 2416,4705 2416,4706 2417,4707 2417,4708 2419,4710 2419,4711 2420,4712 2420,4713 2422,4715 2422,4716 2423,4717 2423,4718 2425,4720 2425,4721 2427,4723 2427,4724 2428,4725 2428,4726 2430,4728 2429,4729 2301,4729 2296,4734 2252,4734 2247,4739 2189,4739 2184,4734 2042,4734 2040,4736 2040,4737 2038,4739 1964,4739 1962,4737 1962,4736 1960,4734 1960,4695 1945,4695 1940,4690 1799,4690 1794,4695 1784,4695 1779,4700 1550,4700 1550,4758 1565,4758 1567,4760 1567,4761 1569,4763 1569,4787 1567,4789 1567,4790 1565,4792 1560,4787 1526,4787 1521,4782 1521,4758 1511,4748 1511,4704 1189,4704 1189,4743 1184,4748 989,4748 984,4753 975,4753 965,4763 965,4797 960,4802 960,4856 962,4858 963,4858 965,4860 965,4865 970,4870 1243,4870 1248,4865 1560,4865 1565,4860 1969,4860 1971,4858 1972,4858 1974,4856 2067,4856 2069,4858 2070,4858 2072,4860 2213,4860 2215,4858 2216,4858 2218,4856 2442,4856 2447,4851 2458,4851 2459,4852 2458,4853 2458,4857 2457,4858 2457,4863 2456,4864 2456,4868 2455,4869 2455,4873 2454,4874 2454,4878 2453,4879 2453,4883 2452,4884 2452,4888 2451,4889 2451,4894 2450,4895 2450,4899 2449,4900 2449,4904 2448,4905 2448,4909 2447,4910 2447,4914 2446,4915 2446,4920 2445,4921 2445,4925 2444,4926 2444,4930 2443,4931 2443,4935 2442,4936 2442,4940 2441,4941 2441,4945 2440,4946 2440,4951 2439,4952 2439,4956 2438,4957 2438,4961 2436,4963 2389,4963 2384,4968 2296,4968 2291,4973 2208,4973 2203,4968 2077,4968 2072,4963 2072,4953 2067,4948 2067,4934 2062,4929 2013,4929 2008,4924 1862,4924 1857,4929 1857,4968 1852,4973 1672,4973 1667,4978 1462,4978 1457,4973 1457,4939 1452,4934 1292,4934 1292,4978 1290,4980 1289,4980 1287,4982 1101,4982 1099,4984 1099,4985 1097,4987 980,4987 965,5002 965,5017 963,5019 962,5019 960,5021 960,5090 967,5097 968,5097 975,5104 989,5104 994,5109 994,5153 1116,5153 1121,5158 1121,5187 1267,5187 1267,5134 1184,5134 1179,5129 1179,5109 1184,5104 1223,5104 1228,5099 1316,5099 1318,5097 1319,5097 1321,5095 1350,5095 1352,5097 1353,5097 1355,5099 1496,5099 1498,5097 1499,5097 1501,5095 1503,5097 1504,5097 1506,5099 1506,5138 1511,5138 1516,5143 1657,5143 1662,5138 1686,5138 1686,5099 1688,5097 1689,5097 1691,5095 1823,5095 1828,5090 2077,5090 2079,5088 2079,5087 2081,5085 2189,5085 2194,5090 2194,5134 2367,5134 2368,5135 2367,5136 2367,5137 2366,5138 2366,5139 2365,5140 2365,5141 2364,5142 2364,5143 2363,5144 2363,5145 2362,5146 2362,5147 2361,5148 2361,5149 2360,5150 2360,5151 2359,5152 2359,5153 2358,5154 2358,5155 2357,5156 2357,5157 2356,5158 2356,5159 2355,5160 2355,5161 2354,5162 2354,5163 2353,5164 2353,5165 2352,5166 2352,5167 2351,5168 2351,5169 2350,5170 2350,5171 2349,5172 2349,5173 2348,5174 2348,5175 2347,5176 2347,5177 2345,5179 2345,5180 2344,5181 2344,5182 2343,5183 2343,5184 2342,5185 2342,5186 2341,5187 2341,5188 2340,5189 2340,5190 2339,5191 2339,5192 2338,5193 2338,5194 2337,5195 2337,5196 2336,5197 2281,5197 2276,5202 2272,5202 2267,5207 2267,5212 2265,5214 2264,5214 2262,5216 2262,5231 2257,5236 2228,5236 2223,5231 2223,5202 2218,5202 2213,5197 2072,5197 2067,5202 1984,5202 1979,5197 1979,5158 1828,5158 1823,5163 1823,5197 1813,5207 1799,5207 1794,5202 1794,5163 1789,5158 1638,5158 1633,5163 1628,5163 1628,5187 1623,5192 1511,5192 1511,5202 1506,5207 1350,5207 1345,5212 1121,5212 1119,5214 1118,5214 1116,5216 965,5216 960,5221 960,5333 1253,5333 1255,5335 1255,5336 1257,5338 1257,5372 1262,5377 1409,5377 1411,5375 1411,5374 1413,5372 1418,5372 1420,5370 1421,5370 1423,5368 1423,5363 1428,5358 1428,5348 1433,5343 1433,5333 1435,5331 1436,5331 1438,5329 1496,5329 1501,5324 1808,5324 1813,5329 1813,5363 1964,5363 1969,5358 1969,5353 1974,5348 1974,5343 1979,5338 1979,5329 1984,5324 2101,5324 2106,5319 2150,5319 2155,5324 2155,5358 2258,5358 2259,5359 2259,5360 2258,5361 2258,5362 2257,5363 2257,5364 2256,5365 2256,5366 2255,5367 2255,5369 2254,5370 2254,5371 2253,5372 2253,5373 2252,5374 2252,5375 2250,5377 2116,5377 2116,5382 2111,5387 2111,5426 2106,5431 1818,5431 1813,5436 1769,5436 1764,5431 1604,5431 1599,5436 1579,5436 1574,5431 1574,5397 1301,5397 1296,5402 1296,5436 1294,5438 1294,5439 1292,5441 1175,5441 1170,5446 1136,5446 1136,5548 1292,5548 1294,5550 1294,5551 1296,5553 1608,5553 1613,5548 1935,5548 1940,5543 1960,5543 1962,5545 1962,5546 1964,5548 1964,5592 1969,5597 2120,5597 2125,5592 2130,5592 2130,5548 2135,5543 2174,5543 2175,5544 2175,5545 2174,5546 2174,5547 2173,5548 2173,5550 2172,5551 2172,5552 2171,5553 2171,5554 2170,5555 2170,5556 2169,5557 2169,5558 2168,5559 2168,5561 2167,5562 2167,5563 2166,5564 2166,5565 2165,5566 2165,5567 2164,5568 2164,5569 2163,5570 2163,5572 2162,5573 2162,5574 2161,5575 2161,5576 2160,5577 2160,5578 2159,5579 2159,5580 2158,5581 2158,5583 2157,5584 2157,5585 2156,5586 2156,5587 2155,5588 2155,5589 2154,5590 2154,5591 2153,5592 2153,5594 2152,5595 2152,5596 2151,5597 2151,5598 2150,5599 2150,5600 2149,5601 2149,5602 2148,5603 2148,5605 2147,5606 2147,5607 2146,5608 2146,5609 2145,5610 2145,5611 2144,5612 2144,5614 2143,5615 2143,5616 2142,5617 2142,5618 2141,5619 2141,5620 2140,5621 2140,5622 2139,5623 2139,5625 2138,5626 2138,5627 2137,5628 2137,5629 2136,5630 2136,5631 2135,5632 2135,5633 2134,5634 2134,5636 2133,5637 2133,5638 2132,5639 2132,5640 2131,5641 2130,5640 2130,5616 2125,5611 1964,5611 1964,5660 1962,5662 1962,5663 1960,5665 1891,5665 1886,5660 1886,5650 1881,5645 1740,5645 1735,5650 1682,5650 1682,5660 1677,5665 1413,5665 1411,5667 1411,5668 1409,5670 1360,5670 1355,5675 1355,5680 1353,5682 1352,5682 1350,5684 1350,5689 1345,5694 1345,5699 1340,5704 1331,5704 1326,5699 1326,5684 1321,5679 1320,5679 1316,5675 1311,5675 1306,5670 1248,5670 1243,5665 1243,5626 1028,5626 1028,5670 1023,5675 980,5675 975,5680 974,5680 970,5684 970,5689 965,5694 965,5772 970,5777 970,5782 975,5787 994,5787 999,5792 1140,5792 1145,5787 1228,5787 1233,5782 1248,5782 1253,5787 1253,5826 1399,5826 1404,5821 1404,5816 1409,5811 1409,5801 1413,5797 1413,5787 1418,5782 1560,5782 1565,5777 2101,5777 2106,5772 2320,5772 2325,5777 2325,5821 2496,5821 2501,5816 2501,5777 2506,5772 2554,5772 2555,5773 2555,5774 2556,5775 2556,5783 2557,5784 2557,5793 2558,5794 2558,5803 2559,5804 2559,5813 2560,5814 2560,5822 2561,5823 2561,5832 2562,5833 2562,5842 2563,5843 2563,5852 2564,5853 2564,5862 2565,5863 2565,5871 2566,5872 2566,5882 2564,5884 2520,5884 2518,5882 2517,5882 2515,5880 2515,5870 2510,5865 2364,5865 2359,5870 2359,5880 2350,5889 2164,5889 2159,5884 2159,5840 2008,5840 2003,5845 2003,5884 2001,5886 2001,5887 1999,5889 1852,5889 1847,5894 1530,5894 1528,5892 1528,5891 1526,5889 1526,5850 1365,5850 1365,5894 1360,5899 1355,5899 1350,5894 1350,5870 1335,5855 994,5855 989,5860 989,5904 984,5909 980,5909 970,5919 970,6011 975,6016 1223,6016 1228,6021 1374,6021 1379,6016 1496,6016 1501,6021 1501,6055 1647,6055 1657,6045 1657,6036 1662,6031 1662,6021 1667,6016 1799,6016 1803,6012 1803,6011 1808,6006 1847,6006 1852,6011 1852,6050 1857,6055 2042,6055 2042,6011 2047,6006 2286,6006 2291,6001 2408,6001 2413,6006 2769,6006 2774,6011 2774,6050 2954,6050 2954,6024 2955,6023 2959,6023 2960,6024 2964,6024 2965,6025 2969,6025 2970,6026 2974,6026 2975,6027 2979,6027 2980,6028 2984,6028 2985,6029 2989,6029 2990,6030 2994,6030 2995,6031 2999,6031 3000,6032 3004,6032 3005,6033 3009,6033 3010,6034 3014,6034 3015,6035 3019,6035 3020,6036 3024,6036 3025,6037 3029,6037 3030,6038 3034,6038 3035,6039 3036,6039 3037,6040 3037,6045 3069,6045 3070,6046 3074,6046 3075,6047 3079,6047 3080,6048 3084,6048 3085,6049 3089,6049 3090,6050 3094,6050 3095,6051 3099,6051 3100,6052 3104,6052 3105,6053 3109,6053 3110,6054 3114,6054 3115,6055 3119,6055 3120,6056 3124,6056 3125,6057 3129,6057 3130,6058 3134,6058 3135,6059 3139,6059 3140,6060 3143,6060 3144,6061 3148,6061 3149,6062 3153,6062 3154,6063 3158,6063 3159,6064 3163,6064 3164,6065 3168,6065 3169,6066 3173,6066 3174,6067 3178,6067 3179,6068 3183,6068 3184,6069 3188,6069 3189,6070 3193,6070 3194,6071 3198,6071 3199,6072 3203,6072 3204,6073 3208,6073 3209,6074 3213,6074 3214,6075 3218,6075 3219,6076 3223,6076 3224,6077 3228,6077 3229,6078 3233,6078 3234,6079 3238,6079 3239,6080 3243,6080 3244,6081 3248,6081 3249,6082 3253,6082 3254,6083 3258,6083 3259,6084 3263,6084 3264,6085 3268,6085 3269,6086 3273,6086 3274,6087 3278,6087 3279,6088 3283,6088 3284,6089 3288,6089 3289,6090 3293,6090 3294,6091 3298,6091 3299,6092 3303,6092 3304,6093 3308,6093 3309,6094 3313,6094 3314,6095 3318,6095 3319,6096 3323,6096 3324,6097 3328,6097 3329,6098 3333,6098 3334,6099 3338,6099 3339,6100 3343,6100 3344,6101 3348,6101 3349,6102 3353,6102 3354,6103 3358,6103 3359,6104 3362,6104 3363,6105 3367,6105 3368,6106 3372,6106 3373,6107 3377,6107 3378,6108 3382,6108 3383,6109 3387,6109 3388,6110 3392,6110 3393,6111 3397,6111 3398,6112 3402,6112 3403,6113 3407,6113 3408,6114 3412,6114 3413,6115 3417,6115 3418,6116 3422,6116 3423,6117 3427,6117 3428,6118 3432,6118 3433,6119 3437,6119 3438,6120 3442,6120 3443,6121 3446,6121 3447,6122 3447,6177 3451,6177 3461,6187 3461,6201 3466,6206 3466,6211 3471,6216 3471,6226 3476,6231 3476,6235 3651,6235 3655,6239 3828,6239 3832,6235 3833,6235 3837,6231 3837,6221 3839,6219 3839,6218 3841,6216 3841,6162 3839,6160 3839,6159 3837,6157 3837,6133 3832,6128 3832,6118 3827,6118 3825,6116 3824,6116 3822,6114 3773,6114 3768,6109 3768,6070 3763,6065 3617,6065 3612,6070 3612,6109 3607,6114 3447,6114 3447,6118 3446,6119 3443,6119 3442,6118 3438,6118 3437,6117 3433,6117 3432,6116 3428,6116 3427,6115 3423,6115 3422,6114 3418,6114 3417,6113 3413,6113 3412,6112 3408,6112 3407,6111 3403,6111 3402,6110 3398,6110 3397,6109 3393,6109 3392,6108 3388,6108 3387,6107 3383,6107 3382,6106 3378,6106 3377,6105 3373,6105 3372,6104 3368,6104 3367,6103 3363,6103 3362,6102 3358,6102 3357,6101 3353,6101 3352,6100 3348,6100 3347,6099 3343,6099 3342,6098 3338,6098 3337,6097 3333,6097 3332,6096 3328,6096 3327,6095 3323,6095 3322,6094 3319,6094 3318,6093 3314,6093 3313,6092 3309,6092 3308,6091 3304,6091 3303,6090 3299,6090 3298,6089 3294,6089 3293,6088 3289,6088 3288,6087 3284,6087 3283,6086 3279,6086 3278,6085 3274,6085 3273,6084 3269,6084 3268,6083 3264,6083 3263,6082 3259,6082 3258,6081 3254,6081 3253,6080 3249,6080 3248,6079 3244,6079 3243,6078 3239,6078 3238,6077 3234,6077 3233,6076 3229,6076 3228,6075 3224,6075 3223,6074 3219,6074 3218,6073 3214,6073 3213,6072 3209,6072 3208,6071 3204,6071 3203,6070 3199,6070 3198,6069 3194,6069 3193,6068 3189,6068 3188,6067 3184,6067 3183,6066 3179,6066 3178,6065 3174,6065 3173,6064 3169,6064 3168,6063 3164,6063 3163,6062 3159,6062 3158,6061 3154,6061 3153,6060 3149,6060 3148,6059 3144,6059 3143,6058 3139,6058 3138,6057 3134,6057 3133,6056 3129,6056 3128,6055 3124,6055 3123,6054 3119,6054 3118,6053 3114,6053 3113,6052 3109,6052 3108,6051 3104,6051 3103,6050 3100,6050 3099,6049 3095,6049 3094,6048 3090,6048 3089,6047 3085,6047 3084,6046 3085,6045 3183,6045 3183,6040 3190,6033 3191,6033 3198,6026 3198,6011 3208,6001 3437,6001 3439,5999 3440,5999 3442,5997 3466,5997 3468,5999 3469,5999 3471,6001 3471,6036 3622,6036 3627,6031 3632,6031 3637,6026 3637,6016 3642,6011 3642,6006 3651,5997 3720,5997 3722,5995 3722,5994 3724,5992 3768,5992 3768,5977 3773,5972 3783,5972 3788,5967 3822,5967 3822,5904 3763,5904 3761,5902 3761,5901 3759,5899 3759,5884 3754,5884 3752,5882 3751,5882 3749,5880 3690,5880 3685,5875 3685,5840 3681,5836 3637,5836 3632,5831 3490,5831 3488,5833 3488,5834 3486,5836 3486,5880 3484,5882 3483,5882 3481,5884 3422,5884 3420,5882 3419,5882 3417,5880 3198,5880 3196,5882 3195,5882 3193,5884 3100,5884 3096,5880 2954,5880 2952,5882 2951,5882 2949,5884 2740,5884 2738,5882 2737,5882 2735,5880 2735,5836 2569,5836 2569,5871 2568,5872 2567,5871 2567,5863 2566,5862 2566,5853 2565,5852 2565,5843 2564,5842 2564,5833 2563,5832 2563,5824 2562,5823 2562,5814 2561,5813 2561,5804 2560,5803 2560,5794 2559,5793 2559,5784 2558,5783 2558,5775 2557,5774 2557,5773 2558,5772 2632,5772 2637,5767 3120,5767 3125,5772 3266,5772 3271,5767 3812,5767 3816,5763 3817,5763 3822,5758 3822,5689 3817,5684 3817,5655 3812,5655 3807,5650 3588,5650 3583,5645 3583,5606 3581,5604 3580,5604 3578,5602 3432,5602 3430,5604 3429,5604 3427,5606 3427,5645 3422,5650 3334,5650 3332,5648 3332,5647 3330,5645 3330,5606 3328,5604 3327,5604 3325,5602 3178,5602 3178,5645 3176,5647 3176,5648 3174,5650 3057,5650 3052,5655 3027,5655 3022,5650 2798,5650 2793,5655 2546,5655 2545,5654 2545,5648 2544,5647 2544,5638 2543,5637 2543,5628 2542,5627 2542,5619 2541,5618 2541,5609 2540,5608 2540,5599 2539,5598 2539,5589 2538,5588 2538,5580 2537,5579 2537,5570 2536,5569 2536,5560 2535,5559 2535,5550 2534,5549 2534,5544 2535,5543 2618,5543 2623,5538 2788,5538 2793,5533 3359,5533 3364,5528 3408,5528 3410,5530 3410,5531 3412,5533 3564,5533 3566,5531 3566,5530 3568,5528 3573,5533 3724,5533 3729,5528 3812,5528 3812,5519 3817,5514 3817,5455 3812,5450 3812,5416 3627,5416 3622,5411 3622,5368 3456,5368 3456,5411 3451,5416 3422,5416 3417,5421 3300,5421 3295,5416 3295,5407 3144,5407 3144,5411 3139,5416 3100,5416 3098,5418 3098,5419 3096,5421 2944,5421 2942,5419 2942,5418 2940,5416 2940,5377 2774,5377 2774,5421 2769,5426 2730,5426 2725,5421 2725,5377 2434,5377 2429,5372 2428,5372 2421,5365 2420,5365 2413,5358 2412,5358 2405,5351 2404,5351 2397,5344 2396,5344 2389,5337 2388,5337 2381,5330 2380,5330 2374,5324 2373,5324 2369,5320 2370,5319 2462,5319 2467,5314 2686,5314 2691,5319 2691,5358 2871,5358 2871,5319 2876,5314 3022,5314 3027,5309 3105,5309 3110,5314 3252,5314 3254,5312 3254,5311 3256,5309 3295,5309 3300,5314 3300,5324 3442,5324 3447,5319 3447,5304 3449,5302 3449,5301 3451,5299 3554,5299 3559,5294 3720,5294 3720,5290 3722,5288 3722,5287 3724,5285 3724,5231 3719,5226 3719,5225 3715,5221 3564,5221 3559,5216 3559,5148 3554,5143 3408,5143 3403,5148 3403,5182 3398,5187 3286,5187 3281,5192 2798,5192 2793,5197 2725,5197 2720,5192 2720,5153 2447,5153 2447,5168 2442,5173 2442,5192 2437,5197 2340,5197 2339,5196 2339,5195 2340,5194 2340,5193 2341,5192 2341,5191 2342,5190 2342,5189 2343,5188 2343,5187 2344,5186 2344,5185 2345,5184 2345,5183 2346,5182 2346,5181 2347,5180 2347,5179 2348,5178 2348,5177 2349,5176 2349,5175 2350,5174 2350,5173 2351,5172 2351,5171 2352,5170 2352,5169 2353,5168 2353,5167 2354,5166 2354,5165 2355,5164 2355,5163 2356,5162 2356,5161 2357,5160 2357,5159 2358,5158 2358,5157 2360,5155 2360,5154 2361,5153 2361,5152 2362,5151 2362,5150 2363,5149 2363,5148 2364,5147 2364,5146 2365,5145 2365,5144 2366,5143 2366,5142 2367,5141 2367,5140 2368,5139 2368,5138 2369,5137 2369,5136 2370,5135 2370,5134 2371,5133 2371,5132 2372,5131 2372,5130 2373,5129 2373,5128 2374,5127 2374,5126 2375,5125 2375,5124 2376,5123 2376,5122 2377,5121 2377,5120 2378,5119 2378,5118 2379,5117 2379,5116 2380,5115 2380,5114 2381,5113 2381,5112 2382,5111 2382,5110 2383,5109 2383,5108 2385,5106 2385,5105 2386,5104 2386,5103 2387,5102 2387,5101 2388,5100 2388,5099 2389,5098 2389,5097 2390,5096 2390,5095 2391,5094 2391,5093 2392,5092 2392,5091 2393,5090 2393,5089 2394,5088 2394,5087 2396,5085 2740,5085 2742,5083 2742,5082 2744,5080 2774,5080 2779,5085 2959,5085 2964,5080 2974,5080 2979,5075 2993,5075 2998,5080 3174,5080 3176,5078 3176,5077 3178,5075 3393,5075 3398,5080 3398,5114 3544,5114 3549,5109 3549,5104 3554,5099 3554,5095 3559,5090 3559,5085 3564,5080 3564,5075 3566,5073 3566,5072 3568,5070 3822,5070 3822,5007 3812,5007 3807,5002 3807,4958 3802,4958 3800,4956 3800,4955 3798,4953 3554,4953 3549,4958 3544,4958 3529,4973 3529,4987 3527,4989 3527,4990 3525,4992 3500,4992 3495,4987 3495,4973 3490,4973 3485,4968 3485,4967 3481,4963 3476,4963 3471,4958 3422,4958 3417,4953 3417,4924 3412,4919 3412,4914 3100,4914 3098,4916 3098,4917 3096,4919 2998,4919 2993,4924 2988,4924 2983,4929 2979,4929 2969,4939 2969,4943 2964,4948 2964,4958 2959,4963 2925,4963 2920,4958 2920,4924 2915,4919 2749,4919 2749,4963 2744,4968 2735,4968 2730,4963 2681,4963 2676,4958 2676,4924 2525,4924 2525,4929 2520,4934 2520,4958 2515,4963 2440,4963 2439,4962 2440,4961 2440,4957 2441,4956 2441,4951 2442,4950 2442,4946 2443,4945 2443,4941 2444,4940 2444,4936 2445,4935 2445,4931 2446,4930 2446,4926 2447,4925 2447,4920 2448,4919 2448,4915 2449,4914 2449,4910 2450,4909 2450,4905 2451,4904 2451,4900 2452,4899 2452,4894 2453,4893 2453,4889 2454,4888 2454,4884 2455,4883 2455,4879 2456,4878 2456,4874 2457,4873 2457,4869 2458,4868 2458,4863 2459,4862 2459,4858 2460,4857 2460,4853 2462,4851 2467,4856 2584,4856 2588,4860 2588,4900 2744,4900 2749,4895 2754,4895 2759,4890 2759,4885 2764,4880 2764,4865 2769,4860 2769,4856 2774,4851 2842,4851 2847,4856 2847,4890 2993,4890 2998,4885 3003,4885 3008,4880 3008,4875 3013,4870 3013,4865 3018,4860 3018,4851 3020,4849 3020,4848 3022,4846 3393,4846 3398,4841 3642,4841 3644,4843 3644,4844 3646,4846 3646,4880 3793,4880 3800,4873 3800,4872 3807,4865 3807,4860 3809,4858 3810,4858 3812,4856 3812,4768 3807,4763 3807,4758 3710,4758 3705,4753 3705,4743 3700,4743 3698,4741 3697,4741 3695,4739 3695,4734 3685,4724 3422,4724 3417,4719 3417,4714 3412,4709 3412,4680 3247,4680 3247,4724 3242,4729 3003,4729 3003,4763 2998,4768 2940,4768 2930,4758 2930,4729 2735,4729 2730,4734 2691,4734 2686,4729 2540,4729 2535,4734 2447,4734 2442,4729 2434,4729 2431,4726 2431,4725 2429,4723 2429,4722 2428,4721 2428,4720 2426,4718 2426,4717 2425,4716 2425,4715 2423,4713 2423,4712 2422,4711 2422,4710 2420,4708 2420,4707 2418,4705 2418,4704 2417,4703 2417,4702 2415,4700 2415,4699 2414,4698 2414,4697 2412,4695 2412,4694 2410,4692 2410,4691 2409,4690 2409,4689 2407,4687 2407,4686 2406,4685 2406,4684 2404,4682 2404,4681 2402,4679 2402,4678 2401,4677 2401,4676 2399,4674 2399,4673 2398,4672 2398,4671 2396,4669 2396,4668 2395,4667 2395,4666 2393,4664 2393,4663 2391,4661 2391,4660 2390,4659 2390,4658 2388,4656 2388,4655 2387,4654 2387,4653 2385,4651 2385,4650 2383,4648 2383,4647 2382,4646 2382,4645 2380,4643 2380,4642 2379,4641 2379,4640 2377,4638 2377,4637 2375,4635 2375,4634 2374,4633 2374,4632 2372,4630 2372,4629 2371,4628 2371,4627 2369,4625 2369,4624 2368,4623 2369,4622 2437,4622 2442,4617 3061,4617 3066,4612 3169,4612 3174,4607 3802,4607 3807,4602 3812,4602 3817,4597 3817,4568 3822,4563 3822,4509 3820,4507 3819,4507 3817,4505 3817,4500 3812,4495 3812,4490 3807,4490 3802,4485 3681,4485 3676,4480 3676,4475 3671,4470 3525,4470 3525,4485 3520,4490 3339,4490 3334,4485 3334,4451 3332,4449 3332,4448 3330,4446 3169,4446 3169,4485 3164,4490 3110,4490 3105,4485 3105,4451 2949,4451 2949,4490 2944,4495 2642,4495 2637,4490 2637,4456 2618,4456 2613,4451 2471,4451 2469,4453 2469,4454 2467,4456 2432,4456 2430,4458 2430,4459 2428,4461 2428,4495 2423,4500 2319,4500 2318,4499 2318,4498 2317,4497 2317,4484 2316,4483 2316,4470 2315,4469 2315,4455 2314,4454 2314,4441 2313,4440 2313,4427 2312,4426 2312,4413 2311,4412 2311,4399 2310,4398 2311,4397 2350,4397 2352,4395 2352,4394 2354,4392 2359,4392 2364,4397 2510,4397 2515,4392 2954,4392 2956,4390 2957,4390 2959,4388 3144,4388 3149,4383 3564,4383 3566,4381 3566,4380 3568,4378 3583,4378 3588,4383 3729,4383 3734,4378 3807,4378 3822,4363 3822,4310 3817,4305 3817,4275 3810,4268 3809,4268 3802,4261 3739,4261 3734,4256 3734,4246 3729,4241 3534,4241 3529,4246 3529,4256 3527,4258 3527,4259 3525,4261 3412,4261 3410,4263 3410,4264 3408,4266 3359,4266 3354,4261 3354,4232 3349,4227 3349,4222 3052,4222 3047,4227 3047,4261 3042,4266 3022,4266 3020,4268 3020,4269 3018,4271 2964,4271 2959,4266 2774,4266 2769,4261 2769,4227 2613,4227 2613,4266 2608,4271 2476,4271 2474,4273 2473,4273 2471,4275 2335,4275 2334,4274 2334,4273 2335,4272 2335,4271 2337,4269 2337,4268 2338,4267 2338,4266 2340,4264 2340,4263 2341,4262 2341,4261 2343,4259 2343,4258 2345,4256 2345,4255 2346,4254 2346,4253 2348,4251 2348,4250 2349,4249 2349,4248 2351,4246 2351,4245 2352,4244 2352,4243 2354,4241 2354,4240 2356,4238 2356,4237 2357,4236 2357,4235 2359,4233 2359,4232 2360,4231 2360,4230 2362,4228 2362,4227 2363,4226 2363,4225 2365,4223 2365,4222 2367,4220 2367,4219 2368,4218 2368,4217 2370,4215 2370,4214 2371,4213 2371,4212 2373,4210 2373,4209 2374,4208 2374,4207 2376,4205 2376,4204 2378,4202 2378,4201 2379,4200 2379,4199 2381,4197 2381,4196 2382,4195 2382,4194 2384,4192 2384,4191 2385,4190 2385,4189 2387,4187 2387,4186 2389,4184 2389,4183 2390,4182 2390,4181 2392,4179 2392,4178 2393,4177 2393,4176 2395,4174 2395,4173 2396,4172 2396,4171 2399,4168 2418,4168 2423,4163 2842,4163 2847,4158 3100,4158 3102,4156 3103,4156 3105,4154 3403,4154 3408,4149 3417,4149 3422,4154 3568,4154 3573,4149 3734,4149 3739,4144 3763,4144 3763,4129 3768,4124 3817,4124 3822,4119 3822,4061 3817,4056 3788,4056 3783,4051 3783,4037 3778,4032 3642,4032 3637,4027 3637,4007 3632,4002 3632,3998 3627,3998 3622,3993 3412,3993 3412,4051 3417,4051 3422,4056 3427,4056 3432,4061 3432,4071 3427,4076 3271,4076 3266,4071 3266,4061 3261,4056 3261,4051 3256,4046 3193,4046 3188,4041 3188,3998 3183,3993 3037,3993 3032,3998 3032,4041 3027,4046 2720,4046 2715,4041 2715,4027 2564,4027 2564,4046 2559,4051 2452,4051 2450,4049 2450,4042 2449,4041 2449,4034 2448,4033 2448,4027 2447,4026 2447,4019 2446,4018 2446,4011 2445,4010 2445,4004 2444,4003 2444,3996 2443,3995 2443,3988 2442,3987 2442,3984 2443,3983 2569,3983 2579,3973 2579,3963 2581,3961 2582,3961 2584,3959 2584,3949 2586,3947 2586,3946 2588,3944 2588,3939 2593,3934 2954,3934 2959,3929 3066,3929 3071,3934 3071,3978 3256,3978 3256,3929 3261,3924 3427,3924 3429,3922 3430,3922 3432,3920 3607,3920 3612,3915 3773,3915 3778,3910 3778,3900 3783,3895 3802,3895 3807,3890 3822,3890 3822,3827 3783,3827 3778,3822 3778,3802 3627,3802 3625,3800 3624,3800 3622,3798 3622,3759 3617,3759 3612,3754 3466,3754 3466,3759 3464,3761 3463,3761 3461,3763 3417,3763 3412,3768 3412,3802 3410,3804 3410,3805 3408,3807 3286,3807 3281,3812 3100,3812 3098,3810 3098,3809 3096,3807 3096,3768 3091,3768 3086,3763 2944,3763 2942,3765 2942,3766 2940,3768 2940,3807 2935,3812 2886,3812 2881,3817 2832,3817 2827,3812 2827,3783 2822,3778 2822,3773 2820,3771 2820,3770 2818,3768 2666,3768 2664,3770 2664,3771 2662,3773 2662,3812 2657,3817 2623,3817 2618,3822 2593,3822 2588,3817 2588,3778 2586,3776 2586,3775 2584,3773 2584,3768 2437,3768 2436,3769 2435,3768 2435,3762 2436,3761 2436,3755 2437,3754 2437,3748 2438,3747 2438,3745 2439,3744 2579,3744 2584,3739 2584,3729 2586,3727 2586,3726 2588,3724 2588,3720 2593,3715 2593,3705 2598,3700 2618,3700 2623,3705 2623,3749 2798,3749 2798,3705 2803,3700 2832,3700 2837,3695 3032,3695 3037,3700 3037,3739 3042,3739 3047,3744 3222,3744 3227,3739 3232,3739 3247,3724 3247,3715 3252,3710 3252,3695 3254,3693 3254,3692 3256,3690 3378,3690 3383,3685 3681,3685 3685,3681 3768,3681 3768,3666 3773,3661 3802,3661 3807,3656 3817,3656 3817,3593 3759,3593 3754,3588 3754,3520 3593,3520 3593,3564 3591,3566 3590,3566 3588,3568 3539,3568 3534,3573 3393,3573 3388,3568 3388,3529 3242,3529 3237,3534 3237,3568 3232,3573 3159,3573 3154,3578 3149,3573 3149,3529 2998,3529 2993,3534 2759,3534 2754,3539 2754,3578 2749,3583 2637,3583 2632,3588 2603,3588 2598,3593 2593,3593 2588,3598 2588,3603 2584,3607 2584,3622 2579,3627 2515,3627 2510,3622 2510,3588 2458,3588 2457,3587 2457,3580 2458,3579 2458,3568 2459,3567 2459,3556 2460,3555 2460,3544 2461,3543 2461,3532 2462,3531 2462,3520 2463,3519 2463,3508 2464,3507 2464,3496 2465,3495 2465,3484 2466,3483 2466,3477 2467,3476 2540,3476 2545,3481 2545,3520 2547,3522 2547,3523 2549,3525 2720,3525 2725,3520 2725,3476 2730,3471 2900,3471 2905,3466 3135,3466 3139,3462 3139,3461 3144,3456 3144,3398 3139,3393 3139,3392 3135,3388 3100,3388 3098,3386 3098,3385 3096,3383 3096,3369 3091,3364 3091,3359 3086,3359 3081,3354 3081,3305 2691,3305 2691,3334 2686,3339 2642,3339 2637,3344 2637,3354 2632,3359 2477,3359 2476,3358 2476,3351 2477,3350 2477,3339 2478,3338 2478,3327 2479,3326 2479,3315 2480,3314 2480,3303 2481,3302 2481,3291 2482,3290 2482,3279 2483,3278 2483,3267 2484,3266 2484,3255 2485,3254 2485,3243 2486,3242 2579,3242 2584,3237 2627,3237 2632,3242 2783,3242 2788,3237 2940,3237 2942,3235 2942,3234 2944,3232 3032,3232 3037,3237 3193,3237 3198,3232 3403,3232 3408,3227 3486,3227 3488,3229 3488,3230 3490,3232 3490,3276 3671,3276 3671,3232 3676,3227 3802,3227 3807,3222 3812,3222 3816,3218 3817,3218 3822,3213 3822,3208 3827,3203 3884,3203 3884,3144 3827,3144 3822,3139 3822,3130 3817,3125 3817,3120 3812,3115 3807,3115 3802,3110 3578,3110 3573,3105 3573,3066 3422,3066 3417,3071 3417,3110 3412,3115 3276,3115 3271,3120 2940,3120 2935,3115 2935,3105 2783,3105 2783,3115 2781,3117 2781,3118 2779,3120 2637,3120 2632,3125 2481,3125 2476,3130 2473,3130 2471,3128 2471,3127 2469,3125 2469,3124 2468,3123 2468,3122 2466,3120 2466,3119 2465,3118 2465,3117 2463,3115 2463,3114 2462,3113 2462,3112 2460,3110 2460,3109 2459,3108 2459,3107 2458,3106 2458,3105 2456,3103 2456,3102 2455,3101 2455,3100 2453,3098 2453,3097 2452,3096 2452,3095 2450,3093 2450,3092 2449,3091 2449,3090 2447,3088 2447,3087 2446,3086 2446,3085 2444,3083 2444,3082 2443,3081 2443,3080 2442,3079 2442,3078 2440,3076 2440,3075 2439,3074 2439,3073 2437,3071 2437,3070 2436,3069 2436,3068 2434,3066 2434,3065 2433,3064 2433,3063 2431,3061 2431,3060 2430,3059 2430,3058 2428,3056 2428,3055 2427,3054 2427,3053 2426,3052 2426,3051 2424,3049 2424,3048 2423,3047 2423,3046 2421,3044 2421,3043 2420,3042 2420,3041 2418,3039 2418,3038 2417,3037 2417,3036 2415,3034 2415,3033 2414,3032 2414,3031 2412,3029 2412,3028 2411,3027 2411,3026 2410,3025 2410,3024 2409,3023 2410,3022 2501,3022 2503,3020 2504,3020 2506,3018 2959,3018 2964,3013 3271,3013 3276,3008 3320,3008 3325,3013 3325,3047 3471,3047 3476,3042 3476,3037 3481,3032 3481,3027 3486,3022 3486,3013 3488,3011 3488,3010 3490,3008 3495,3008 3500,3003 3812,3003 3812,2998 3827,2983 3827,2886 3812,2886 3807,2881 3807,2866 3646,2866 3646,2871 3641,2876 3641,2877 3637,2881 3632,2881 3627,2886 3500,2886 3495,2891 3490,2891 3488,2893 3488,2894 3486,2896 3486,2900 3481,2905 3476,2905 3471,2910 3471,2920 3466,2925 3412,2925 3410,2923 3410,2922 3408,2920 3408,2891 3398,2891 3393,2886 3393,2881 3388,2876 3237,2876 3237,2886 3232,2891 3047,2891 3042,2896 2735,2896 2733,2898 2732,2898 2730,2900 2686,2900 2684,2898 2683,2898 2681,2896 2681,2857 2671,2857 2666,2852 2525,2852 2520,2857 2510,2857 2510,2896 2506,2900 2360,2900 2359,2899 2359,2896 2358,2895 2358,2890 2357,2889 2357,2883 2356,2882 2356,2876 2355,2875 2355,2869 2354,2868 2354,2863 2353,2862 2353,2856 2352,2855 2352,2849 2351,2848 2351,2842 2350,2841 2350,2836 2349,2835 2349,2829 2348,2828 2348,2822 2347,2821 2347,2815 2346,2814 2346,2809 2345,2808 2345,2802 2344,2801 2344,2795 2343,2794 2344,2793 2423,2793 2428,2788 2905,2788 2910,2783 3125,2783 3127,2781 3128,2781 3130,2779 3573,2779 3578,2774 3817,2774 3822,2769 3822,2740 3827,2735 3827,2671 3820,2664 3819,2664 3812,2657 3744,2657 3739,2652 3739,2637 3593,2637 3588,2642 3539,2642 3539,2652 3534,2657 3422,2657 3417,2662 3373,2662 3371,2660 3371,2659 3369,2657 3369,2618 3364,2618 3359,2613 3198,2613 3198,2657 3193,2662 3135,2662 3130,2657 3130,2623 3125,2618 2979,2618 2974,2623 2973,2623 2969,2627 2969,2657 2964,2662 2920,2662 2918,2664 2917,2664 2915,2666 2530,2666 2525,2671 2471,2671 2469,2669 2469,2668 2467,2666 2467,2627 2341,2627 2340,2626 2340,2625 2341,2624 2341,2619 2342,2618 2342,2612 2343,2611 2343,2606 2344,2605 2344,2600 2345,2599 2345,2594 2346,2593 2346,2587 2347,2586 2347,2581 2348,2580 2348,2575 2349,2574 2349,2568 2350,2567 2350,2562 2351,2561 2351,2560 2352,2559 2374,2559 2379,2564 2379,2598 2525,2598 2535,2588 2535,2584 2540,2579 2540,2574 2545,2569 2545,2559 2547,2557 2547,2556 2549,2554 2969,2554 2974,2549 3149,2549 3154,2554 3154,2588 3300,2588 3304,2584 3305,2584 3310,2579 3310,2574 3315,2569 3315,2564 3320,2559 3320,2549 3322,2547 3323,2547 3325,2545 3754,2545 3759,2540 3822,2540 3822,2481 3817,2481 3812,2476 3812,2428 3807,2423 3573,2423 3568,2418 3568,2408 3422,2408 3417,2413 3417,2418 3412,2423 3412,2424 3408,2428 3305,2428 3303,2430 3302,2430 3300,2432 3291,2432 3276,2447 3276,2467 3274,2469 3273,2469 3271,2471 3261,2471 3259,2469 3258,2469 3256,2467 3256,2442 3254,2440 3254,2439 3252,2437 3252,2432 3027,2432 3025,2430 3024,2430 3022,2428 3022,2393 3018,2389 2871,2389 2869,2391 2868,2391 2866,2393 2866,2428 2864,2430 2863,2430 2861,2432 2818,2432 2813,2437 2501,2437 2496,2442 2496,2476 2491,2481 2462,2481 2457,2476 2457,2462 2452,2457 2452,2452 2442,2442 2379,2442 2374,2437 2374,2428 2369,2423 2361,2423 2360,2422 2360,2407 2359,2406 2359,2386 2358,2385 2358,2364 2357,2363 2357,2342 2356,2341 2356,2331 2357,2330 2359,2330 2364,2325 2471,2325 2476,2330 2623,2330 2625,2328 2625,2327 2627,2325 2691,2325 2696,2320 2705,2320 2710,2325 2852,2325 2857,2320 3169,2320 3174,2325 3174,2359 3349,2359 3349,2315 3351,2313 3352,2313 3354,2311 3637,2311 3642,2306 3807,2306 3807,2267 3812,2262 3822,2262 3827,2257 3827,2194 3822,2189 3690,2189 3685,2184 3685,2155 3683,2153 3683,2152 3681,2150 3529,2150 3529,2189 3527,2191 3527,2192 3525,2194 3476,2194 3474,2196 3473,2196 3471,2198 2944,2198 2940,2194 2940,2189 2842,2189 2837,2184 2837,2159 2671,2159 2664,2166 2664,2167 2657,2174 2657,2179 2652,2184 2652,2203 2647,2208 2367,2208 2366,2207 2367,2206 2367,2205 2368,2204 2368,2202 2369,2201 2369,2200 2370,2199 2370,2197 2371,2196 2371,2194 2372,2193 2372,2192 2373,2191 2373,2189 2374,2188 2374,2187 2375,2186 2375,2184 2376,2183 2376,2182 2377,2181 2377,2179 2378,2178 2378,2176 2379,2175 2379,2174 2380,2173 2380,2171 2381,2170 2381,2169 2382,2168 2382,2166 2383,2165 2383,2164 2384,2163 2384,2161 2385,2160 2385,2159 2386,2158 2386,2156 2387,2155 2387,2153 2388,2152 2388,2151 2389,2150 2389,2148 2390,2147 2390,2146 2391,2145 2391,2143 2392,2142 2392,2141 2393,2140 2393,2138 2394,2137 2394,2135 2395,2134 2395,2133 2396,2132 2396,2130 2397,2129 2397,2128 2398,2127 2398,2125 2399,2124 2399,2123 2400,2122 2400,2120 2401,2119 2401,2118 2402,2117 2402,2115 2403,2114 2403,2112 2404,2111 2404,2110 2405,2109 2405,2107 2406,2106 2406,2105 2407,2104 2407,2102 2408,2101 2408,2100 2409,2099 2409,2097 2410,2096 2574,2096 2579,2091 2603,2091 2608,2096 2803,2096 2808,2091 2813,2096 2813,2130 2959,2130 2964,2125 2964,2120 2966,2118 2967,2118 2969,2116 2969,2111 2974,2106 2974,2096 2979,2091 3042,2091 3047,2086 3442,2086 3447,2081 3739,2081 3741,2079 3742,2079 3744,2077 3812,2077 3827,2062 3827,1979 3822,1974 3822,1969 3817,1964 3816,1964 3812,1960 3744,1960 3739,1955 3739,1945 3539,1945 3534,1950 3534,1960 3532,1962 3531,1962 3529,1964 3447,1964 3445,1962 3444,1962 3442,1960 3442,1955 3437,1950 3403,1950 3398,1945 3398,1925 3393,1925 3388,1920 3193,1920 3188,1925 3178,1925 3178,1964 3176,1966 3176,1967 3174,1969 2940,1969 2935,1974 2891,1974 2886,1979 2876,1979 2871,1974 2813,1974 2808,1969 2808,1960 2598,1960 2598,1969 2593,1974 2476,1974 2471,1979 2402,1979 2387,1964 2386,1964 2370,1948 2369,1948 2353,1932 2352,1932 2336,1916 2335,1916 2326,1907 2327,1906 2359,1906 2364,1901 2364,1867 2369,1862 2788,1862 2793,1857 3071,1857 3076,1852 3422,1852 3427,1857 3427,1891 3603,1891 3603,1852 3605,1850 3605,1849 3607,1847 3646,1847 3651,1842 3783,1842 3785,1840 3786,1840 3788,1838 3788,1828 3793,1823 3832,1823 3832,1755 3793,1755 3788,1750 3788,1740 3793,1735 3866,1735 3871,1730 3880,1730 3880,1652 3724,1652 3722,1654 3722,1655 3720,1657 3720,1662 3715,1667 3715,1677 3710,1682 3573,1682 3571,1684 3570,1684 3568,1686 3568,1725 3566,1727 3566,1728 3564,1730 3461,1730 3456,1725 3305,1725 3300,1730 3154,1730 3154,1735 3149,1740 3027,1740 3022,1745 3008,1745 3003,1740 2691,1740 2686,1745 2286,1745 2281,1750 2253,1750 2252,1749 2258,1743 2259,1743 2272,1730 2273,1730 2286,1717 2287,1717 2301,1703 2302,1703 2315,1690 2316,1690 2330,1676 2331,1676 2344,1663 2345,1663 2358,1650 2359,1650 2373,1636 2374,1636 2377,1633 2496,1633 2501,1628 2569,1628 2574,1633 2574,1677 2759,1677 2759,1633 2764,1628 2964,1628 2969,1623 3261,1623 3266,1628 3266,1662 3417,1662 3417,1657 3422,1652 3422,1647 3424,1645 3425,1645 3427,1643 3427,1633 3432,1628 3432,1623 3437,1618 3720,1618 3722,1616 3722,1615 3724,1613 3817,1613 3821,1609 3822,1609 3827,1604 3827,1516 3822,1511 3822,1501 3817,1496 3661,1496 3656,1501 3505,1501 3500,1506 3422,1506 3417,1501 3271,1501 3266,1506 3174,1506 3169,1511 3115,1511 3110,1506 3110,1467 3105,1462 2944,1462 2942,1464 2942,1465 2940,1467 2886,1467 2881,1472 2881,1506 2876,1511 2686,1511 2681,1516 2473,1516 2472,1515 2472,1514 2473,1513 2473,1510 2474,1509 2474,1506 2475,1505 2475,1502 2476,1501 2476,1498 2477,1497 2477,1494 2478,1493 2478,1490 2479,1489 2479,1486 2480,1485 2480,1482 2481,1481 2481,1478 2482,1477 2482,1474 2483,1473 2483,1470 2484,1469 2484,1466 2485,1465 2485,1462 2486,1461 2486,1458 2487,1457 2487,1454 2488,1453 2488,1450 2489,1449 2489,1446 2490,1445 2490,1442 2491,1441 2491,1438 2492,1437 2492,1434 2493,1433 2493,1430 2494,1429 2494,1426 2495,1425 2495,1422 2496,1421 2496,1418 2497,1417 2497,1414 2498,1413 2498,1410 2499,1409 2499,1406 2501,1404 2588,1404 2593,1409 2593,1448 2598,1448 2600,1450 2601,1450 2603,1452 2744,1452 2746,1450 2747,1450 2749,1448 2754,1448 2759,1443 2759,1438 2764,1433 2764,1418 2769,1413 2769,1409 2774,1404 2847,1404 2852,1399 3213,1399 3215,1401 3215,1402 3217,1404 3217,1443 3222,1448 3388,1448 3393,1443 3403,1443 3403,1399 3408,1394 3729,1394 3734,1389 3812,1389 3812,1321 3807,1316 3807,1233 3802,1228 3651,1228 3646,1233 3520,1233 3520,1248 3513,1255 3512,1255 3505,1262 3471,1262 3466,1257 3466,1233 3300,1233 3300,1277 3295,1282 3081,1282 3076,1277 3076,1233 2925,1233 2925,1277 2920,1282 2871,1282 2866,1287 2818,1287 2813,1282 2813,1253 2808,1248 2808,1243 2769,1243 2764,1238 2530,1238 2525,1243 2463,1243 2462,1242 2462,1241 2461,1240 2461,1239 2459,1237 2459,1236 2458,1235 2458,1234 2457,1233 2457,1232 2456,1231 2456,1230 2454,1228 2454,1227 2453,1226 2453,1225 2452,1224 2452,1223 2451,1222 2451,1221 2449,1219 2449,1218 2448,1217 2448,1216 2447,1215 2447,1214 2446,1213 2446,1212 2445,1211 2445,1210 2443,1208 2443,1207 2442,1206 2442,1205 2441,1204 2441,1203 2440,1202 2440,1201 2438,1199 2438,1198 2437,1197 2437,1196 2436,1195 2436,1194 2435,1193 2435,1192 2433,1190 2433,1189 2432,1188 2432,1187 2431,1186 2431,1185 2430,1184 2430,1183 2428,1181 2428,1180 2427,1179 2427,1178 2426,1177 2426,1176 2427,1175 2462,1175 2464,1177 2465,1177 2467,1179 2467,1184 2608,1184 2608,1175 2613,1170 2818,1170 2820,1172 2820,1173 2822,1175 2822,1218 3003,1218 3005,1216 3006,1216 3008,1214 3008,1170 3013,1165 3022,1165 3027,1170 3169,1170 3174,1165 3222,1165 3227,1170 3227,1214 3412,1214 3412,1170 3417,1165 3812,1165 3817,1160 3822,1160 3827,1155 3827,1048 3817,1048 3812,1043 3812,1033 3768,1033 3763,1028 3763,999 3612,999 3607,1004 3603,1004 3603,1043 3598,1048 3271,1048 3266,1043 3130,1043 3125,1038 3125,1009 3115,999"/><TextEquiv><Unicode/></TextEquiv><TextLine id="r2_l001"><Coords points="1030,1045 3763,1016 3765,1185 1032,1214"/><TextEquiv index="1"><Unicode>Dascourt; et c'tait vous qu'on prenait</Unicode></TextEquiv></TextLine><TextLine id="r2_l002"><Coords points="3297,1421 3296,1421 3296,1417 3296,1416 3291,1416 3290,1416 3290,1376 3289,1375 3189,1376 3188,1375 3123,1376 3122,1375 3002,1377 3001,1376 2823,1377 2782,1378 2782,1378 2782,1380 2781,1381 2701,1382 2701,1382 2701,1390 2700,1391 2696,1391 2696,1391 2696,1405 2695,1406 2691,1406 2691,1406 2691,1415 2690,1416 2686,1416 2686,1416 2686,1420 2686,1421 2682,1421 2681,1422 2681,1426 2681,1426 2677,1426 2676,1426 2676,1422 2676,1421 2667,1421 2666,1421 2666,1381 2665,1380 2544,1382 2543,1381 2452,1382 2451,1381 2371,1381 2370,1380 2264,1382 2264,1382 2264,1395 2263,1396 2259,1396 2259,1395 2259,1381 2258,1381 2209,1381 2208,1380 2132,1381 2131,1380 1994,1382 1993,1381 1929,1381 1928,1380 1817,1381 1816,1380 1719,1382 1718,1381 1650,1381 1649,1380 1487,1382 1487,1383 1487,1386 1486,1386 1477,1386 1476,1385 1401,1386 1400,1385 1261,1386 1260,1386 1061,1388 1061,1388 1061,1409 1060,1410 1059,1409 1058,1409 1053,1404 1052,1404 1051,1403 1050,1403 1049,1402 1048,1402 1047,1401 1046,1401 1045,1400 1040,1400 1040,1399 1040,1386 1039,1386 1035,1386 1035,1385 1034,1340 1034,1340 1026,1340 1025,1340 1025,1321 1025,1320 1146,1319 1147,1318 1147,1315 1147,1315 1151,1315 1152,1315 1152,1319 1152,1320 1156,1320 1157,1321 1314,1319 1315,1318 1315,1315 1315,1315 1329,1315 1330,1316 1430,1315 1431,1316 1491,1315 1492,1316 1649,1314 1650,1314 1650,1310 1650,1309 1717,1309 1718,1310 1730,1309 1731,1310 1928,1308 1929,1308 1929,1295 1929,1294 1943,1294 1944,1295 1944,1315 1944,1315 2111,1313 2112,1313 2112,1283 2112,1282 2117,1282 2117,1282 2117,1275 2118,1274 2122,1274 2122,1274 2122,1270 2123,1269 2153,1269 2154,1270 2264,1269 2265,1270 2351,1269 2351,1269 2351,1270 2352,1271 2600,1268 2600,1267 2600,1264 2601,1264 2610,1264 2611,1265 2696,1264 2696,1264 2696,1268 2697,1269 2726,1269 2727,1270 2742,1269 2742,1270 2742,1274 2743,1274 2747,1274 2747,1275 2748,1309 2748,1309 2939,1307 2940,1307 2940,1305 2940,1304 2995,1304 2996,1303 2996,1278 2996,1277 2996,1259 2997,1259 3001,1259 3002,1260 3011,1259 3011,1260 3012,1304 3012,1304 3071,1304 3072,1305 3157,1304 3158,1305 3239,1304 3240,1305 3372,1303 3373,1303 3372,1260 3373,1259 3402,1259 3402,1260 3403,1285 3403,1285 3579,1283 3580,1283 3580,1280 3580,1279 3584,1279 3585,1279 3585,1275 3585,1274 3590,1274 3590,1274 3590,1260 3591,1259 3722,1258 3722,1257 3722,1254 3723,1254 3734,1254 3735,1255 3737,1254 3737,1255 3737,1259 3738,1259 3742,1259 3742,1260 3743,1345 3744,1345 3748,1345 3748,1346 3748,1365 3748,1365 3666,1366 3666,1367 3666,1370 3665,1370 3656,1370 3656,1370 3656,1369 3655,1368 3529,1370 3528,1369 3336,1371 3336,1371 3336,1415 3336,1416 3322,1416 3321,1417 3321,1421 3321,1421"/><TextEquiv index="1"><Unicode>pour ce monstre? Ah! si j'avais su plutt!</Unicode></TextEquiv></TextLine><TextLine id="r2_l003"><Coords points="1024,1500 3763,1470 3765,1639 1026,1669"/><TextEquiv index="1"><Unicode>mais enfin nous vous possdons; vous</Unicode></TextEquiv></TextLine><TextLine id="r2_l004"><Coords points="1025,1707 3814,1676 3817,1874 1027,1905"/><TextEquiv index="1"><Unicode>voil, et j'espre que vous ne nous quit-</Unicode></TextEquiv></TextLine><TextLine id="r2_l005"><Coords points="1024,1969 3763,1939 3765,2102 1026,2132"/><TextEquiv index="1"><Unicode>terez plus! -- Et Jeannette, me dit cette</Unicode></TextEquiv></TextLine><TextLine id="r2_l006"><Coords points="1024,2189 3763,2159 3765,2335 1026,2365"/><TextEquiv index="1"><Unicode>femme sensible (car ce fut son premier</Unicode></TextEquiv></TextLine><TextLine id="r2_l007"><Coords points="1024,2434 3757,2404 3759,2560 1026,2590"/><TextEquiv index="1"><Unicode>mot), et Jeannette, monsieur, a-t-on</Unicode></TextEquiv></TextLine><TextLine id="r2_l008"><Coords points="1025,2660 3763,2630 3764,2757 1026,2787"/><TextEquiv index="1"><Unicode>de ses nouvelles? Le souvenir de cette</Unicode></TextEquiv></TextLine><TextLine id="r2_l009"><Coords points="1029,2892 3763,2862 3765,3032 1031,3062"/><TextEquiv index="1"><Unicode>amie, et l'ignorance de son sort, ont</Unicode></TextEquiv></TextLine><TextLine id="r2_l010"><Coords points="1029,3119 3819,3088 3821,3248 1031,3279"/><TextEquiv index="1"><Unicode>t mes seuls dlassemens et mon unique</Unicode></TextEquiv></TextLine><TextLine id="r2_l011"><Coords points="1029,3346 3076,3323 3078,3495 1031,3518"/><TextEquiv index="1"><Unicode>souffrance dans ma captivit.</Unicode></TextEquiv></TextLine><TextLine id="r2_l012"><Coords points="1066,3573 3753,3544 3755,3714 1068,3743"/><TextEquiv index="1"><Unicode>Je lui rpondis, qu'loign moi-</Unicode></TextEquiv></TextLine><TextLine id="r2_l013"><Coords points="1029,3806 3757,3776 3759,3948 1031,3978"/><TextEquiv index="1"><Unicode>mme de la capitale, je n'avais pu m'ins-</Unicode></TextEquiv></TextLine><TextLine id="r2_l014"><Coords points="1025,4041 3758,4011 3759,4136 1026,4166"/><TextEquiv index="1"><Unicode>truire du destin de notre amie.... Par-</Unicode></TextEquiv></TextLine><TextLine id="r2_l015"><Coords points="1030,4269 3757,4239 3759,4401 1031,4431"/><TextEquiv index="1"><Unicode>donnez - moi si je me suis servi de cette</Unicode></TextEquiv></TextLine><TextLine id="r2_l016"><Coords points="1034,4491 3758,4461 3760,4630 1036,4660"/><TextEquiv index="1"><Unicode>expression, o je m'honorais de votre</Unicode></TextEquiv></TextLine><TextLine id="r2_l017"><Coords points="1029,4723 3747,4693 3749,4864 1031,4894"/><TextEquiv index="1"><Unicode>amiti. Enfin vous voyez, madame,</Unicode></TextEquiv></TextLine><TextLine id="r2_l018"><Coords points="1585,5119 1584,5119 1584,5115 1584,5114 1575,5114 1574,5114 1574,5068 1573,5067 1431,5069 1431,5069 1431,5072 1430,5073 1426,5073 1426,5072 1426,5068 1425,5068 1319,5069 1249,5070 1249,5070 1249,5072 1248,5073 1157,5074 1157,5074 1157,5077 1156,5078 1111,5078 1111,5079 1111,5124 1111,5124 1097,5125 1096,5124 1092,5124 1082,5114 1082,5109 1081,5108 1081,5078 1080,5078 1045,5078 1045,5078 1045,5074 1044,5073 1040,5073 1040,5073 1040,5069 1039,5068 1035,5068 1035,5068 1035,5064 1034,5063 1030,5063 1030,5063 1029,5047 1030,5046 1030,5044 1031,5043 1035,5043 1035,5043 1035,5029 1036,5028 1040,5028 1040,5028 1040,5023 1041,5022 1045,5022 1045,5022 1045,5018 1046,5017 1050,5017 1050,5017 1050,5013 1051,5012 1172,5011 1172,5010 1172,5007 1173,5007 1182,5007 1183,5008 1243,5007 1243,5007 1243,5011 1244,5012 1360,5011 1360,5010 1360,4956 1360,4956 1369,4956 1370,4957 1385,4956 1386,4957 1386,4962 1386,4962 1390,4962 1391,4963 1391,5002 1392,5002 1457,5002 1457,5002 1457,5003 1458,5004 1741,5000 1741,5000 1741,4998 1742,4997 1828,4997 1830,4998 1929,4996 1929,4996 1929,4952 1929,4951 1933,4951 1934,4951 1933,4950 1934,4949 1934,4947 1935,4946 1944,4946 1944,4947 1945,4951 1945,4951 1994,4951 1995,4951 1995,4955 1995,4956 1999,4956 2000,4956 2000,4976 2000,4977 2004,4977 2005,4977 2005,4996 2006,4997 2071,4996 2071,4995 2071,4992 2071,4992 2086,4992 2087,4993 2136,4992 2137,4993 2137,4997 2138,4997 2148,4997 2149,4998 2366,4996 2366,4995 2366,4992 2366,4992 2456,4991 2457,4990 2457,4987 2457,4987 2470,4987 2471,4988 2588,4986 2589,4986 2589,4957 2589,4956 2594,4956 2595,4956 2594,4947 2595,4946 2609,4946 2609,4947 2610,4986 2610,4987 2653,4987 2654,4988 2665,4987 2666,4988 2666,4992 2667,4992 2676,4992 2676,4993 2676,4997 2677,4997 2803,4996 2803,4995 2803,4992 2804,4992 2818,4992 2818,4991 2817,4945 2818,4944 2818,4941 2819,4941 2837,4941 2838,4942 2849,4941 2849,4942 2850,4946 2850,4946 2853,4946 2854,4947 2854,4987 2854,4987 2908,4987 2909,4987 2909,4988 2909,4989 3035,4987 3036,4987 3036,4973 3036,4972 3041,4972 3042,4972 3042,4963 3042,4962 3046,4962 3047,4962 3047,4957 3047,4956 3051,4956 3052,4956 3052,4952 3052,4951 3056,4951 3057,4951 3057,4947 3057,4946 3066,4946 3067,4946 3066,4944 3067,4943 3067,4942 3068,4941 3174,4940 3174,4939 3174,4936 3175,4936 3179,4936 3180,4937 3295,4936 3296,4937 3346,4936 3346,4936 3347,4945 3347,4946 3350,4946 3351,4946 3351,4982 3351,4983 3406,4982 3407,4983 3407,4987 3407,4987 3416,4987 3417,4988 3417,4992 3418,4992 3422,4992 3422,4993 3422,4997 3423,4997 3428,4997 3428,4998 3428,5017 3429,5017 3600,5015 3600,5015 3600,4998 3601,4997 3605,4997 3605,4997 3605,4993 3606,4992 3610,4992 3610,4992 3610,4988 3610,4987 3615,4987 3616,4987 3616,4983 3616,4982 3625,4982 3626,4981 3626,4977 3626,4977 3635,4977 3636,4978 3731,4977 3732,4977 3732,4981 3732,4982 3741,4982 3742,4982 3742,5032 3743,5033 3754,5033 3755,5034 3757,5033 3758,5034 3758,5043 3757,5043 3755,5044 3754,5043 3666,5043 3665,5042 3499,5044 3499,5045 3499,5053 3498,5053 3494,5053 3494,5054 3494,5063 3493,5063 3489,5063 3489,5064 3489,5073 3488,5073 3483,5073 3483,5074 3483,5083 3483,5083 3479,5084 3478,5084 3478,5088 3478,5089 3469,5089 3468,5088 3468,5048 3467,5048 3388,5049 3387,5048 3297,5049 3296,5048 3108,5050 3108,5050 3108,5052 3107,5053 3067,5053 3067,5053 3067,5049 3066,5048 3057,5048 3057,5048 3057,5044 3056,5043 3052,5043 3052,5043 3052,5039 3051,5038 2925,5040 2925,5040 2925,5042 2924,5043 2920,5043 2920,5043 2920,5047 2919,5048 2909,5048 2909,5048 2909,5052 2908,5053 2894,5053 2894,5053 2894,5057 2893,5058 2849,5058 2849,5058 2849,5054 2848,5053 2838,5054 2837,5053 2676,5054 2676,5055 2676,5058 2675,5058 2655,5059 2654,5058 2584,5058 2583,5057 2472,5059 2471,5058 2305,5059 2305,5060 2305,5109 2305,5109 2289,5110 2288,5109 2265,5109 2264,5108 2264,5047 2263,5047 2148,5048 2148,5049 2148,5058 2147,5058 2010,5060 2010,5060 2010,5062 2009,5063 1924,5063 1923,5062 1756,5064 1756,5065 1756,5068 1755,5068 1746,5068 1745,5067 1619,5069 1619,5069 1619,5113 1619,5114 1590,5114 1589,5115 1589,5119 1589,5119"/><TextEquiv index="1"><Unicode>que la premire pense de Ccile, en</Unicode></TextEquiv></TextLine><TextLine id="r2_l019"><Coords points="1030,5188 3660,5159 3662,5328 1031,5357"/><TextEquiv index="1"><Unicode>revoyant le jour, a t pour vous!...</Unicode></TextEquiv></TextLine><TextLine id="r2_l020"><Coords points="1202,5414 3753,5386 3755,5553 1204,5581"/><TextEquiv index="1"><Unicode>Ma sur pria Ccile de rester chez</Unicode></TextEquiv></TextLine><TextLine id="r2_l021"><Coords points="1035,5649 3757,5619 3759,5781 1036,5811"/><TextEquiv index="1"><Unicode>elle, en attendant que nous revinssions</Unicode></TextEquiv></TextLine><TextLine id="r2_l022"><Coords points="1039,5878 3758,5848 3760,6014 1041,6044"/><TextEquiv index="1"><Unicode> Paris; ce qui ne tarda pas; car j'a-</Unicode></TextEquiv></TextLine><TextLine id="r2_l023"><Coords points="3519,6092 3778,6089 3779,6217 3520,6220"/><TextEquiv index="1"><Unicode>vais</Unicode></TextEquiv></TextLine></TextRegion></Page></PcGts>