4266 7844
1603 888 2103 1051 ii(.
451 1083 3202 1274 vais heureusement termin mes affaires.
443 1315 3203 1542 De tous mes frres, de tous mes parens,
433 1554 3206 1780 je n'ai trouv que cette bonne sur
433 1778 3201 2014 gnreuse, sensible et dlicate. Madame
432 2012 3197 2258 Dolmont, veuve sans enfans, m'a aid
422 2245 3192 2466 de ses conseils et de ses actions. Mes
421 2479 3182 2703 deux mauvais sujets de frres ont t
417 2706 3181 2937 contraints de me rendre ma part de l'h-
410 2942 3165 3171 ritage de notre pre, et je me suis trouv
407 3169 3165 3355 la tte d'une fortune assez.... raison-
396 3402 3151 3588 nable. Ma sur a bien voulu me suivre
386 3635 3146 3850 Paris, et nous sommes venus tous nous
376 3869 3125 4057 v ixer.... Mais admirez l'effet du mal-
373 4107 3116 4293 heur sur un cur tendre comme celui
370 4334 3125 4573 de Ccile? Elle a voulu prendre son par-
364 4563 3120 4780 ticulier, et vivre loin de nous. Madame
360 4798 3101 5040 Aubry, comme vous devez le savoir,
355 5021 3110 5249 avait vendu sa maison pour se retirer
344 5248 3105 5480 je ne sais dans quelle province: Ccile
349 5474 3100 5718 fut d'abord dsespre de ne plus re-
349 5707 3086 5941 trouver son logement chez cette emme,
340 5932 3095 6155 qui seule pouvait lui donner de vos non-
674 6216 857 6288 .
