4266 7801
1018 1082 3787 1331 velles; mais elle fut se loger ailleurs,
1048 1323 3786 1561 dans un faubourg; et malgr la peine
1035 1569 3793 1754 que nous fit ce procd injurieux pour
1048 1774 3806 2006 l'amiti, il fallut consentir  la voir
1053 2000 3817 2237 habiter une espce de grenier, travail-
1061 2227 3818 2473 lant les jours et les nuits, et reusant
1070 2462 3822 2702 toute espce de don de notre part. Im-
1075 2694 3836 2936 possible de lui faire accepter le plus
1081 2924 3836 3168 lger prsent. Ccile, ire et misan-
1085 3155 3837 3396 thrope, prtendait qu'elle ne devait re-
1099 3390 3846 3625 cevoir que ce que son travail avait m-
1108 3624 3866 3823 rit. Ma sur s'est vue force d'acheter
1044 3851 3862 4095 exprs des dentelles uses, pour avoir
1113 4077 3867 4318 le plaisir de les lui aire rtablir; et
1083 4307 3878 4540 encore lui donnions - nous ces effets
1140 4543 3878 4785 comme appartenans tantt  une amie,
1131 4775 3887 5000 tantt  une autre; car  la fin elle
1144 5007 3877 5237 aurait devin notre intention, et sa fiert
1149 5230 3887 5435 s'en serait trouve offense. Voil comme
1151 5463 3894 5712 nous avons vcu jusqu' prsent, voyant
1160 5694 3892 5940 tous les jours madame d'Eranville, qui
1174 5929 3914 6170 ne voulait cultiver que nous; la recevant
2179 899 2662 1072 io.
