4266 7844
366 1090 3230 1280 quelqueſois chez ma sœur, et prenant
494 1318 3236 1519 tous les jours des détours nouveaux pour
487 1545 3237 1741 lui procurer, non les aisances, mais
479 1775 3231 1970 les premiers besoins de la vie. Cécile
478 2008 3227 2200 avait renoncé à l'espoir de vous retrouver,
479 2244 3220 2428 et moi, madame!... ie partageais sa
473 2469 3227 2662 douleur, ses regrets, et j'oserai dire son
474 2699 3204 2888 amitié pour vous. Jugez de notre joie
469 2924 3206 3116 à tous deux, quand Emilie nous a dé-
463 3151 3195 3306 couvert votre asile! J'ose me flatter d'a-
463 3381 3205 3540 voir déterminé tout le monde à venir
463 3617 3205 3811 vous importuner; et si nous avons voulu
462 3848 3201 4047 vous surprendre, si nous avons agi avec
458 4080 3185 4279 tant de licence, c'est à moi seul que
447 4311 3181 4506 vous en devez adresser les reproches!...“
