4266 7867
1629 896 2115 1060 ir.
521 1110 3257 1295 Verncuil; mais il reprit sa tristesse en
475 1356 3247 1541 pensant que Jeannette tait marie, qu'il
480 1567 3254 1780 avait perdu tout espoir d'tre jamais heu-
475 1841 810 1924 reux.
628 2034 3244 2198 Cet homme sensible avait dvoil son
465 2262 3238 2428 cur  sa sur. L'estimable madame
458 2494 3234 2706 Dolmont, jalouse du repos de son frre,
445 2724 3233 2935 l'engagea  fuir une maison o tout
437 2959 3238 3169 nourrissait son inutile passion. En con-
444 3185 3218 3398 squence, pour avoir un prtexte honnte
444 3420 3223 3633 de partir, M. de Verneuil feignant d'en-
449 3656 3228 3858 trer dans les vues de Jeannette, annona,
437 3887 3218 4096 le mme soir au souper, que le lende-
434 4118 3223 4289 matin matin il retournait  Paris avec
428 4349 3207 4565 madame Dolmont. J'ai tout quitt, ajou-
422 4583 3202 4797 ta-t-il, recouvremens, procs, le diable,
433 4816 3202 5026 qui m'occupe journellement dans cette
427 5047 3207 5260 ville, o je n'ai pas un moment  donner
418 5282 3192 5490 mes plaisirs. Mes affaires souffriraient
418 5509 3193 5728 d'une trop longue absence: mademoiselle
413 5745 3192 5923 d'Eranville voudra bien me faire oublien
409 5982 3205 6202 prs de vous. -- Eh mais, rpondit C-
