<PcGts xmlns="http://schema.primaresearch.org/PAGE/gts/pagecontent/2017-07-15" xmlns:xsi="http://www.w3.org/2001/XMLSchema-instance" xsi:schemaLocation="http://schema.primaresearch.org/PAGE/gts/pagecontent/2017-07-15 http://schema.primaresearch.org/PAGE/gts/pagecontent/2017-07-15/pagecontent.xsd"><Metadata><Creator/><Created>2020-09-23T12:51:38</Created><LastChange>1970-01-01T00:00:00</LastChange><Comments/></Metadata><Page imageFilename="0183.png" imageHeight="7867" imageWidth="4266"><ReadingOrder><OrderedGroup id="g1"><RegionRefIndexed index="0" regionRef="r1"/><RegionRefIndexed index="1" regionRef="r3"/><RegionRefIndexed index="2" regionRef="r2"/></OrderedGroup></ReadingOrder><TextRegion id="r1" type="page-number" orientation="-0.0"><Coords points="2045,801 2040,806 2040,845 2035,850 2025,850 2020,845 1868,845 1863,850 1794,850 1789,845 1789,806 1642,806 1627,821 1622,821 1622,826 1617,830 1617,835 1612,840 1612,855 1607,860 1607,870 1602,875 1602,958 1607,963 1607,978 1612,983 1612,988 1622,998 1622,1003 1627,1003 1632,1007 1784,1007 1784,973 1789,968 1824,968 1829,973 1829,1012 2055,1012 2060,1007 2197,1007 2207,998 2212,998 2212,988 2222,978 2222,973 2227,968 2227,939 2232,934 2232,875 2227,870 2227,850 2222,845 2222,835 2217,830 2217,826 2207,816 2207,811 2197,801"/><TextEquiv><Unicode/></TextEquiv><TextLine id="r1_l001"><Coords points="1675,825 2167,825 2167,989 1675,989"/><TextEquiv index="1"><Unicode>Lic.</Unicode></TextEquiv></TextLine></TextRegion><TextRegion id="r2" type="footnote" orientation="-0.0"><Coords points="2634,6083 2634,5891 2889,5891 2889,6083"/><TextEquiv><Unicode/></TextEquiv><TextLine id="r2_l002"><Coords points="2634,6083 2634,5891 2889,5891 2889,6083"/><TextEquiv index="1"><Unicode></Unicode></TextEquiv></TextLine></TextRegion><TextRegion id="r3" type="paragraph" orientation="-0.375"><Coords points="501,1007 501,1012 496,1017 481,1017 476,1022 462,1022 462,1086 467,1086 472,1091 472,1116 467,1121 457,1121 457,1180 459,1182 460,1182 462,1184 531,1184 533,1186 533,1187 535,1189 786,1189 791,1184 796,1184 801,1189 1003,1189 1005,1191 1005,1192 1007,1194 1588,1194 1593,1199 1593,1234 1602,1243 1789,1243 1791,1241 1792,1241 1794,1239 1799,1239 1804,1234 1905,1234 1911,1240 1911,1241 1918,1248 1918,1249 1924,1255 1924,1256 1930,1262 1930,1263 1937,1270 1937,1271 1943,1277 1943,1278 1949,1284 1949,1285 1956,1292 1956,1293 1962,1299 1962,1300 1969,1307 1969,1308 1972,1311 1971,1312 1838,1312 1833,1307 1833,1268 1831,1266 1831,1265 1829,1263 1671,1263 1666,1268 1666,1302 1661,1307 1578,1307 1573,1302 1573,1293 1568,1288 1568,1263 1406,1263 1401,1268 1401,1302 1396,1307 1229,1307 1224,1302 1224,1263 1219,1258 1071,1258 1066,1263 1064,1261 1064,1260 1062,1258 845,1258 830,1273 830,1288 828,1290 828,1291 826,1293 826,1298 824,1300 823,1300 821,1302 653,1302 649,1298 481,1298 467,1312 467,1332 462,1337 462,1342 457,1347 457,1406 462,1411 467,1411 472,1416 924,1416 926,1418 927,1418 929,1420 1529,1420 1534,1425 1681,1425 1686,1420 1691,1425 2029,1425 2031,1427 2031,1428 2032,1429 2032,1430 2033,1431 2033,1433 2034,1434 2034,1435 2035,1436 2035,1437 2036,1438 2036,1440 2037,1441 2037,1442 2038,1443 2038,1444 2039,1445 2039,1447 2040,1448 2040,1449 2041,1450 2041,1451 2042,1452 2042,1454 2043,1455 2043,1456 2044,1457 2044,1458 2045,1459 2045,1461 2046,1462 2046,1463 2047,1464 2047,1465 2048,1466 2048,1468 2049,1469 2049,1470 2050,1471 2050,1472 2051,1473 2051,1475 2052,1476 2052,1477 2053,1478 2053,1479 2054,1480 2054,1482 2055,1483 2055,1484 2056,1485 2056,1486 2057,1487 2057,1489 2058,1490 2058,1491 2059,1492 2059,1493 2060,1494 2060,1495 2061,1496 2061,1498 2062,1499 2062,1500 2063,1501 2063,1502 2064,1503 2064,1505 2065,1506 2065,1507 2066,1508 2066,1509 2067,1510 2067,1512 2068,1513 2068,1514 2069,1515 2069,1516 2070,1517 2070,1519 2071,1520 2071,1521 2072,1522 2072,1523 2073,1524 2073,1526 2074,1527 2074,1528 2075,1529 2075,1530 2076,1531 2076,1533 2077,1534 2077,1535 2078,1536 2078,1537 2079,1538 2074,1543 2025,1543 2020,1548 2015,1548 2010,1553 2010,1554 2006,1558 2006,1573 2001,1578 1986,1578 1981,1573 1981,1543 1971,1543 1966,1538 1966,1529 1961,1524 1814,1524 1809,1529 1809,1534 1807,1536 1806,1536 1804,1538 1760,1538 1758,1536 1757,1536 1755,1534 1755,1494 1750,1489 1602,1489 1602,1494 1597,1499 1597,1534 1593,1538 1165,1538 1163,1536 1162,1536 1160,1534 1160,1494 1155,1489 1047,1489 1042,1484 899,1484 894,1489 894,1529 889,1534 462,1534 462,1647 545,1647 550,1652 732,1652 734,1654 735,1654 737,1656 737,1696 742,1701 924,1701 924,1656 926,1654 927,1654 929,1652 1052,1652 1054,1654 1055,1654 1057,1656 1199,1656 1201,1654 1202,1654 1204,1652 1253,1652 1255,1654 1256,1654 1258,1656 1888,1656 1890,1658 1890,1659 1892,1661 1892,1701 2040,1701 2050,1691 2050,1681 2055,1676 2055,1671 2060,1666 2060,1661 2065,1656 2101,1656 2102,1657 2102,1661 2103,1662 2103,1675 2104,1676 2104,1690 2105,1691 2105,1704 2106,1705 2106,1719 2107,1720 2107,1729 2106,1730 1927,1730 1922,1725 1774,1725 1772,1727 1772,1728 1770,1730 1770,1770 1768,1772 1767,1772 1765,1774 1755,1774 1753,1772 1752,1772 1750,1770 1750,1755 1745,1750 1745,1735 1740,1730 1593,1730 1588,1735 1588,1774 1583,1779 1455,1779 1450,1774 1298,1774 1296,1772 1295,1772 1293,1770 1293,1725 1239,1725 1234,1720 1091,1720 1086,1725 1086,1745 1081,1750 1037,1750 1032,1755 1032,1770 1030,1772 1029,1772 1027,1774 1025,1772 1024,1772 1022,1770 899,1770 894,1765 894,1720 722,1720 722,1765 717,1770 668,1770 663,1765 511,1765 506,1770 472,1770 470,1772 469,1772 467,1774 467,1883 855,1883 860,1888 1278,1888 1280,1890 1281,1890 1283,1892 1425,1892 1430,1897 1430,1942 1612,1942 1612,1892 1614,1890 1615,1890 1617,1888 1735,1888 1737,1890 1738,1890 1740,1892 1996,1892 1997,1893 1996,1894 1995,1894 1994,1895 1993,1895 1992,1896 1991,1896 1989,1898 1988,1898 1987,1899 1986,1899 1985,1900 1984,1900 1983,1901 1982,1901 1981,1902 1980,1902 1978,1904 1977,1904 1976,1905 1975,1905 1974,1906 1973,1906 1972,1907 1971,1907 1969,1909 1968,1909 1967,1910 1966,1910 1965,1911 1964,1911 1963,1912 1962,1912 1960,1914 1959,1914 1958,1915 1957,1915 1956,1916 1955,1916 1954,1917 1953,1917 1952,1918 1951,1918 1949,1920 1948,1920 1947,1921 1946,1921 1945,1922 1944,1922 1943,1923 1942,1923 1940,1925 1939,1925 1938,1926 1937,1926 1936,1927 1935,1927 1934,1928 1933,1928 1931,1930 1930,1930 1929,1931 1928,1931 1927,1932 1926,1932 1925,1933 1924,1933 1922,1935 1921,1935 1920,1936 1919,1936 1918,1937 1917,1937 1916,1938 1915,1938 1914,1939 1913,1939 1911,1941 1910,1941 1909,1942 1908,1942 1907,1943 1906,1943 1905,1944 1904,1944 1902,1946 1901,1946 1900,1947 1899,1947 1898,1948 1897,1948 1896,1949 1895,1949 1893,1951 1892,1951 1891,1952 1890,1952 1889,1953 1888,1953 1887,1954 1886,1954 1885,1955 1884,1955 1883,1956 1799,1956 1799,1991 1794,1996 1706,1996 1701,2001 1632,2001 1627,1996 1578,1996 1573,1991 1573,1956 1406,1956 1406,1996 1401,2001 1189,2001 1184,2006 1182,2004 1182,2003 1180,2001 1175,2001 1170,1996 1027,1996 1022,1991 1022,1956 1017,1951 865,1951 865,1991 860,1996 727,1996 722,1991 722,1981 717,1976 683,1976 678,1971 678,1956 673,1951 672,1951 668,1947 526,1947 524,1949 523,1949 521,1951 521,1971 516,1976 462,1976 462,1986 452,1996 452,2055 462,2055 467,2060 467,2114 855,2114 860,2119 1076,2119 1081,2124 1081,2158 1189,2158 1194,2163 1376,2163 1381,2158 1381,2124 1386,2119 1475,2119 1477,2121 1477,2122 1479,2124 1479,2158 1484,2163 1671,2163 1671,2124 1676,2119 1767,2119 1768,2120 1768,2121 1769,2122 1769,2124 1770,2125 1770,2126 1771,2127 1771,2128 1772,2129 1772,2130 1773,2131 1773,2132 1774,2133 1774,2134 1775,2135 1775,2136 1776,2137 1776,2138 1777,2139 1777,2140 1778,2141 1778,2143 1779,2144 1779,2145 1780,2146 1780,2147 1781,2148 1781,2149 1782,2150 1782,2151 1783,2152 1783,2153 1784,2154 1784,2155 1785,2156 1785,2157 1786,2158 1786,2159 1787,2160 1787,2162 1788,2163 1788,2164 1789,2165 1789,2166 1790,2167 1790,2168 1791,2169 1791,2170 1792,2171 1792,2172 1793,2173 1793,2174 1794,2175 1794,2176 1795,2177 1795,2178 1796,2179 1796,2180 1797,2181 1797,2182 1796,2183 1735,2183 1735,2227 1730,2232 1720,2232 1715,2237 1715,2242 1713,2244 1713,2245 1711,2247 1711,2251 1706,2256 1701,2251 1701,2242 1696,2237 1696,2232 1691,2232 1686,2227 1455,2227 1450,2222 1450,2188 1445,2183 1283,2183 1283,2217 1278,2222 1234,2222 1229,2217 1229,2183 1224,2178 1081,2178 1076,2183 865,2183 865,2242 885,2242 887,2244 887,2245 889,2247 889,2256 894,2261 894,2266 889,2271 885,2271 880,2266 855,2266 850,2261 850,2247 845,2242 845,2237 835,2227 781,2227 776,2222 634,2222 629,2217 467,2217 452,2232 452,2281 447,2286 417,2286 417,2345 826,2345 828,2343 828,2342 830,2340 889,2340 894,2335 894,2286 899,2281 904,2286 904,2296 909,2301 909,2320 914,2325 914,2330 919,2335 919,2345 924,2350 1071,2350 1076,2345 1357,2345 1359,2347 1359,2348 1361,2350 1504,2350 1509,2345 1519,2345 1524,2350 1593,2350 1595,2352 1595,2353 1597,2355 1597,2384 1602,2389 1750,2389 1750,2384 1755,2379 1755,2374 1760,2369 1760,2365 1765,2360 1770,2360 1770,2350 1772,2348 1772,2347 1774,2345 1789,2345 1794,2350 1848,2350 1850,2352 1850,2360 1851,2361 1851,2369 1852,2370 1852,2378 1853,2379 1853,2386 1854,2387 1854,2395 1855,2396 1855,2404 1856,2405 1856,2413 1857,2414 1857,2422 1858,2423 1858,2431 1859,2432 1859,2440 1860,2441 1860,2449 1861,2450 1861,2458 1862,2459 1862,2462 1861,2463 1612,2463 1607,2468 1597,2468 1595,2466 1595,2465 1593,2463 1534,2463 1529,2458 1529,2448 1322,2448 1322,2458 1317,2463 1057,2463 1052,2458 1052,2419 850,2419 850,2478 865,2478 870,2483 870,2497 865,2502 840,2502 835,2497 835,2463 830,2458 776,2458 771,2453 771,2414 614,2414 614,2453 609,2458 447,2458 447,2522 457,2522 462,2527 462,2532 467,2537 467,2556 472,2561 472,2576 474,2578 474,2579 476,2581 732,2581 737,2586 737,2620 894,2620 894,2615 904,2605 904,2596 914,2586 1189,2586 1194,2581 1268,2581 1273,2586 1479,2586 1484,2591 1484,2610 1652,2610 1654,2608 1654,2607 1656,2605 1656,2596 1666,2586 1789,2586 1794,2591 1794,2630 1872,2630 1873,2631 1873,2643 1874,2644 1874,2649 1873,2650 1858,2650 1858,2689 1853,2694 1804,2694 1799,2699 1715,2699 1713,2697 1713,2696 1711,2694 1711,2655 1298,2655 1293,2660 1293,2674 1288,2679 1229,2679 1229,2689 1224,2694 1003,2694 998,2689 998,2655 993,2650 983,2650 978,2645 830,2645 828,2647 828,2648 826,2650 826,2689 821,2694 816,2694 811,2689 811,2650 806,2645 658,2645 653,2650 653,2684 651,2686 651,2687 649,2689 452,2689 447,2694 447,2743 442,2748 442,2812 683,2812 688,2807 708,2807 710,2809 710,2810 712,2812 1096,2812 1101,2817 1720,2817 1725,2822 1868,2822 1873,2817 1914,2817 1915,2818 1915,2819 1916,2820 1916,2821 1917,2822 1917,2824 1918,2825 1918,2827 1919,2828 1919,2829 1920,2830 1920,2832 1921,2833 1921,2835 1922,2836 1922,2837 1923,2838 1923,2840 1924,2841 1924,2843 1925,2844 1925,2845 1926,2846 1926,2848 1927,2849 1927,2851 1928,2852 1928,2853 1929,2854 1929,2856 1930,2857 1930,2859 1931,2860 1931,2861 1932,2862 1932,2864 1933,2865 1933,2867 1934,2868 1934,2870 1935,2871 1935,2872 1936,2873 1936,2875 1937,2876 1937,2878 1938,2879 1938,2880 1939,2881 1939,2883 1940,2884 1940,2885 1939,2886 1883,2886 1883,2905 1878,2910 1863,2910 1858,2905 1858,2886 1711,2886 1706,2891 1706,2900 1701,2905 1701,2925 1696,2930 1612,2930 1607,2925 1607,2920 1602,2915 1602,2910 1455,2910 1450,2915 1450,2920 1445,2925 1140,2925 1135,2930 1125,2930 1123,2928 1123,2927 1121,2925 1062,2925 1057,2920 1057,2881 1003,2881 998,2876 840,2876 835,2881 835,2900 830,2905 747,2905 742,2900 742,2876 590,2876 585,2881 585,2896 583,2898 582,2898 580,2900 457,2900 457,2915 452,2920 442,2920 442,2979 447,2979 452,2984 452,3033 457,3038 791,3038 796,3043 1140,3043 1145,3048 1145,3092 1322,3092 1327,3087 1327,3053 1332,3048 1755,3048 1760,3053 1911,3053 1912,3054 1912,3055 1911,3056 1911,3057 1909,3059 1909,3060 1908,3061 1908,3062 1906,3064 1906,3065 1905,3066 1905,3067 1904,3068 1904,3069 1902,3071 1902,3072 1901,3073 1901,3074 1899,3076 1899,3077 1898,3078 1898,3079 1896,3081 1896,3082 1895,3083 1895,3084 1894,3085 1894,3086 1892,3088 1892,3089 1891,3090 1891,3091 1889,3093 1889,3094 1888,3095 1888,3096 1886,3098 1886,3099 1885,3100 1885,3101 1884,3102 1884,3103 1882,3105 1882,3106 1881,3107 1881,3108 1879,3110 1879,3111 1878,3112 1878,3113 1876,3115 1876,3116 1875,3117 1875,3118 1874,3119 1874,3120 1872,3122 1872,3123 1871,3124 1871,3125 1869,3127 1869,3128 1868,3129 1868,3130 1867,3131 1867,3132 1865,3134 1865,3135 1864,3136 1864,3137 1862,3139 1862,3140 1861,3141 1861,3142 1859,3144 1859,3145 1858,3146 1858,3147 1857,3148 1857,3149 1855,3151 1855,3152 1854,3153 1854,3154 1852,3156 1852,3157 1851,3158 1851,3159 1849,3161 1849,3162 1848,3163 1848,3164 1847,3165 1843,3161 1656,3161 1654,3159 1654,3158 1652,3156 1652,3117 1479,3117 1479,3156 1477,3158 1477,3159 1475,3161 1450,3161 1445,3156 1445,3141 1293,3141 1288,3146 1288,3156 1283,3161 1229,3161 1224,3156 1224,3146 1219,3141 1071,3141 1066,3146 1066,3151 1064,3153 1064,3154 1062,3156 747,3156 742,3151 698,3151 693,3146 693,3136 691,3134 690,3134 688,3132 688,3112 683,3112 678,3107 491,3107 486,3112 481,3112 476,3117 472,3117 467,3122 467,3127 462,3132 461,3132 457,3136 457,3235 462,3240 462,3250 464,3252 465,3252 467,3254 472,3254 474,3256 474,3257 476,3259 481,3259 486,3264 693,3264 698,3269 1066,3269 1071,3274 1647,3274 1652,3279 1652,3284 1735,3284 1740,3289 1740,3323 1745,3328 1760,3328 1765,3333 1826,3333 1827,3334 1827,3342 1826,3343 1730,3343 1730,3387 1725,3392 1578,3392 1573,3387 1573,3377 1416,3377 1416,3387 1411,3392 958,3392 953,3387 948,3387 946,3385 946,3384 944,3382 944,3368 939,3363 939,3348 929,3338 722,3338 722,3363 717,3368 698,3368 693,3363 693,3338 688,3333 472,3333 472,3382 467,3387 462,3387 457,3392 452,3392 447,3397 447,3402 442,3407 442,3412 437,3417 437,3476 442,3481 442,3490 447,3495 452,3495 457,3500 944,3500 946,3502 946,3503 948,3505 1420,3505 1425,3510 1568,3510 1573,3505 1578,3505 1583,3510 1583,3554 1770,3554 1770,3515 1772,3513 1772,3512 1774,3510 1799,3510 1804,3505 1869,3505 1871,3507 1871,3508 1872,3509 1872,3510 1873,3511 1873,3512 1874,3513 1874,3514 1875,3515 1875,3516 1877,3518 1877,3519 1878,3520 1878,3521 1879,3522 1879,3523 1880,3524 1880,3525 1881,3526 1881,3527 1882,3528 1882,3529 1883,3530 1883,3531 1884,3532 1884,3533 1885,3534 1885,3535 1886,3536 1886,3537 1887,3538 1887,3539 1888,3540 1888,3541 1889,3542 1889,3543 1890,3544 1890,3545 1891,3546 1891,3547 1892,3548 1892,3549 1894,3551 1894,3552 1895,3553 1895,3554 1896,3555 1896,3556 1897,3557 1897,3558 1898,3559 1898,3560 1899,3561 1899,3562 1900,3563 1900,3564 1901,3565 1901,3566 1902,3567 1902,3568 1903,3569 1903,3570 1904,3571 1904,3572 1905,3573 1904,3574 1774,3574 1774,3618 1772,3620 1772,3621 1770,3623 1602,3623 1597,3618 1597,3579 1592,3574 1592,3573 1588,3569 1430,3569 1425,3574 1425,3618 1420,3623 1096,3623 1091,3618 786,3618 781,3613 781,3599 776,3594 683,3594 678,3589 678,3569 673,3569 668,3564 506,3564 501,3569 437,3569 437,3628 452,3628 457,3633 457,3663 455,3665 454,3665 452,3667 442,3667 442,3726 447,3731 747,3731 752,3736 894,3736 899,3731 924,3731 929,3736 929,3785 1106,3785 1106,3781 1111,3776 1111,3741 1116,3736 1494,3736 1499,3741 1896,3741 1897,3742 1897,3743 1895,3745 1895,3746 1894,3747 1894,3748 1892,3750 1892,3751 1891,3752 1891,3753 1889,3755 1889,3756 1887,3758 1887,3759 1886,3760 1886,3761 1884,3763 1884,3764 1883,3765 1883,3766 1881,3768 1881,3769 1879,3771 1879,3772 1878,3773 1878,3774 1876,3776 1876,3777 1875,3778 1875,3779 1873,3781 1873,3782 1871,3784 1871,3785 1870,3786 1870,3787 1868,3789 1868,3790 1867,3791 1867,3792 1865,3794 1865,3795 1863,3797 1863,3798 1862,3799 1862,3800 1860,3802 1860,3803 1859,3804 1859,3805 1857,3807 1857,3808 1855,3810 1765,3810 1765,3849 1760,3854 1706,3854 1701,3859 1617,3859 1612,3854 1416,3854 1411,3849 1411,3815 1401,3805 1248,3805 1243,3810 1243,3811 1239,3815 1239,3840 1237,3842 1236,3842 1234,3844 1135,3844 1135,3849 1130,3854 1047,3854 1042,3849 1042,3844 904,3844 902,3842 901,3842 899,3840 899,3805 894,3800 742,3800 737,3805 737,3840 735,3842 734,3842 732,3844 683,3844 681,3842 680,3842 678,3840 614,3840 609,3835 609,3800 599,3800 594,3795 447,3795 442,3800 442,3859 447,3859 452,3864 452,3899 450,3901 449,3901 447,3903 437,3903 437,3958 442,3963 644,3963 646,3965 647,3965 649,3967 649,4007 673,4007 678,4012 821,4012 826,4007 826,3972 828,3970 828,3969 830,3967 1101,3967 1106,3972 1106,4012 1116,4012 1120,4016 1120,4017 1125,4022 1273,4022 1273,4017 1278,4012 1288,4012 1288,3972 1293,3967 1450,3967 1455,3972 1583,3972 1588,3977 1588,4022 1770,4022 1770,3977 1772,3975 1772,3974 1774,3972 1804,3972 1805,3973 1805,3977 1806,3978 1806,3994 1807,3995 1807,4012 1808,4013 1808,4029 1809,4030 1809,4047 1810,4048 1810,4064 1811,4065 1811,4081 1812,4082 1812,4089 1811,4090 1779,4090 1774,4095 1772,4093 1772,4092 1770,4090 1470,4090 1465,4085 1465,4081 1312,4081 1312,4085 1307,4090 1224,4090 1219,4085 1219,4081 860,4081 860,4085 855,4090 850,4085 850,4081 791,4081 786,4076 786,4041 781,4036 688,4036 683,4031 531,4031 526,4036 526,4071 521,4076 437,4076 437,4140 441,4144 442,4144 447,4149 447,4154 452,4159 452,4169 457,4174 457,4179 462,4184 462,4194 467,4199 757,4199 759,4201 760,4201 762,4203 762,4238 914,4238 914,4233 924,4223 924,4218 929,4213 929,4208 934,4203 1204,4203 1209,4208 1209,4248 1219,4248 1224,4253 1224,4258 1371,4258 1371,4253 1376,4248 1376,4208 1381,4203 1770,4203 1772,4205 1772,4206 1774,4208 1815,4208 1816,4209 1816,4242 1817,4243 1817,4276 1816,4277 1681,4277 1681,4321 1676,4326 1361,4326 1359,4324 1359,4323 1357,4321 1357,4277 1258,4277 1253,4272 1111,4272 1106,4277 1081,4277 1076,4282 1032,4282 1027,4277 909,4277 904,4272 752,4272 752,4312 747,4317 683,4317 678,4312 678,4277 673,4272 511,4272 511,4287 501,4297 501,4307 496,4312 467,4312 462,4317 457,4317 457,4321 452,4326 447,4326 437,4336 437,4346 432,4351 432,4420 437,4425 437,4430 442,4435 462,4435 464,4437 465,4437 467,4439 614,4439 616,4437 617,4437 619,4435 1253,4435 1255,4437 1256,4437 1258,4439 1817,4439 1818,4440 1818,4547 1817,4548 1706,4548 1701,4553 1676,4553 1671,4548 1671,4533 1632,4533 1627,4528 1627,4523 1622,4518 1622,4513 1617,4508 1475,4508 1470,4513 1470,4518 1465,4523 1465,4528 1460,4533 1460,4543 1455,4548 1234,4548 1229,4543 1229,4503 978,4503 973,4508 973,4543 968,4548 457,4548 450,4555 449,4555 442,4562 442,4572 437,4577 437,4646 442,4651 442,4661 447,4666 462,4666 467,4671 467,4715 614,4715 619,4710 658,4710 658,4671 663,4666 1386,4666 1391,4671 1686,4671 1688,4673 1689,4673 1691,4675 1903,4675 1905,4677 1905,4678 1917,4690 1917,4691 1928,4702 1928,4703 1939,4714 1939,4715 1950,4726 1950,4727 1962,4739 1962,4740 1971,4749 1971,4774 1966,4779 1917,4779 1912,4784 1804,4784 1799,4779 1696,4779 1691,4774 1691,4739 1686,4734 1538,4734 1536,4736 1536,4737 1534,4739 1534,4774 1529,4779 988,4779 983,4774 983,4730 835,4730 833,4732 832,4732 830,4734 821,4734 819,4732 818,4732 816,4730 673,4730 671,4732 670,4732 668,4734 653,4734 651,4736 651,4737 649,4739 639,4739 624,4754 619,4754 614,4759 614,4793 609,4798 590,4798 585,4793 442,4793 437,4798 437,4877 585,4877 585,4872 590,4867 614,4867 619,4872 619,4877 624,4877 639,4892 644,4892 649,4897 875,4897 880,4902 880,4936 1027,4936 1032,4931 1032,4926 1042,4916 1042,4907 1052,4897 1317,4897 1322,4902 1642,4902 1647,4907 1647,4941 1799,4941 1804,4936 1804,4931 1814,4921 1814,4907 1819,4902 1902,4902 1907,4907 2045,4907 2046,4908 2046,4913 2045,4914 2045,4922 2044,4923 2044,4931 2043,4932 2043,4940 2042,4941 2042,4948 2041,4949 2041,4957 2040,4958 2040,4966 2039,4967 2039,4975 2038,4976 2038,4984 2037,4985 2037,4992 2036,4993 2036,5001 2035,5002 2035,5010 2034,5011 2034,5014 2033,5015 1671,5015 1666,5010 1514,5010 1509,5015 1352,5015 1347,5010 1347,4970 1345,4968 1344,4968 1342,4966 1199,4966 1197,4968 1196,4968 1194,4970 1071,4970 1066,4975 1066,4976 1062,4980 1062,5010 1057,5015 939,5015 934,5010 934,4970 932,4968 931,4968 929,4966 781,4966 779,4968 778,4968 776,4970 776,5005 771,5010 457,5010 452,5015 447,5015 437,5025 437,5113 447,5123 447,5128 462,5128 467,5133 467,5172 472,5177 653,5177 658,5172 658,5138 663,5133 688,5133 693,5128 762,5128 767,5133 767,5172 914,5172 929,5157 929,5152 934,5147 934,5138 939,5133 1322,5133 1327,5138 1327,5182 1499,5182 1499,5143 1504,5138 1656,5138 1661,5133 1701,5133 1706,5138 2012,5138 2013,5139 2013,5141 2012,5142 2012,5146 2011,5147 2011,5150 2010,5151 2010,5154 2009,5155 2009,5158 2008,5159 2008,5162 2007,5163 2007,5167 2006,5168 2006,5171 2005,5172 2005,5175 2004,5176 2004,5179 2003,5180 2003,5183 2002,5184 2002,5188 2001,5189 2001,5192 2000,5193 2000,5196 1999,5197 1999,5200 1998,5201 1998,5204 1997,5205 1997,5209 1996,5210 1996,5213 1995,5214 1995,5217 1994,5218 1994,5221 1993,5222 1993,5225 1992,5226 1992,5230 1991,5231 1991,5234 1990,5235 1990,5238 1989,5239 1989,5242 1988,5243 1988,5246 1987,5247 1987,5250 1986,5251 1652,5251 1647,5246 1647,5241 1642,5241 1637,5236 1637,5231 1489,5231 1484,5236 1484,5246 1479,5251 1479,5285 1477,5287 1477,5288 1475,5290 1470,5285 1386,5285 1381,5280 1381,5251 1376,5251 1371,5246 1160,5246 1155,5241 1155,5197 1003,5197 1003,5241 998,5246 624,5246 619,5241 457,5241 452,5246 447,5246 447,5251 442,5256 437,5256 437,5285 432,5290 432,5354 437,5359 437,5364 826,5364 828,5362 828,5361 830,5359 919,5359 924,5364 1307,5364 1312,5369 1312,5408 1465,5408 1470,5403 1470,5398 1474,5394 1474,5393 1479,5388 1479,5374 1489,5364 1529,5364 1534,5369 1551,5369 1552,5370 1554,5370 1555,5371 1557,5371 1558,5372 1560,5372 1561,5373 1563,5373 1564,5374 1566,5374 1567,5375 1569,5375 1570,5376 1572,5376 1573,5377 1575,5377 1576,5378 1578,5378 1579,5379 1581,5379 1582,5380 1584,5380 1585,5381 1587,5381 1588,5382 1589,5382 1590,5383 1592,5383 1593,5384 1595,5384 1596,5385 1598,5385 1599,5386 1601,5386 1602,5387 1604,5387 1605,5388 1607,5388 1608,5389 1610,5389 1611,5390 1613,5390 1614,5391 1616,5391 1617,5392 1619,5392 1620,5393 1622,5393 1623,5394 1625,5394 1626,5395 1628,5395 1629,5396 1631,5396 1632,5397 1634,5397 1635,5398 1636,5398 1637,5399 1639,5399 1640,5400 1642,5400 1643,5401 1645,5401 1646,5402 1648,5402 1649,5403 1651,5403 1652,5404 1654,5404 1655,5405 1657,5405 1658,5406 1660,5406 1661,5407 1663,5407 1664,5408 1666,5408 1667,5409 1669,5409 1670,5410 1672,5410 1673,5411 1675,5411 1676,5412 1678,5412 1679,5413 1681,5413 1682,5414 1683,5414 1684,5415 1686,5415 1687,5416 1689,5416 1690,5417 1692,5417 1693,5418 1695,5418 1696,5419 1698,5419 1699,5420 1701,5420 1702,5421 1704,5421 1705,5422 1707,5422 1708,5423 1710,5423 1711,5424 1713,5424 1714,5425 1716,5425 1717,5426 1719,5426 1720,5427 1722,5427 1723,5428 1725,5428 1726,5429 1727,5429 1728,5430 1730,5430 1731,5431 1733,5431 1734,5432 1736,5432 1737,5433 1739,5433 1740,5434 1742,5434 1743,5435 1745,5435 1746,5436 1748,5436 1749,5437 1748,5438 1706,5438 1704,5440 1703,5440 1701,5442 1696,5442 1696,5447 1691,5452 1686,5452 1676,5462 1676,5467 1671,5472 1671,5487 1666,5492 1666,5506 1661,5511 1607,5511 1602,5506 1440,5506 1435,5511 1435,5516 1430,5521 1425,5521 1420,5516 1420,5487 1418,5485 1418,5484 1416,5482 1293,5482 1288,5477 1288,5438 1283,5438 1278,5433 1116,5433 1111,5438 1111,5477 1106,5482 1081,5482 1076,5477 1076,5433 948,5433 946,5431 946,5430 944,5428 801,5428 796,5433 791,5433 791,5472 786,5477 732,5477 727,5472 727,5452 722,5447 722,5433 570,5433 570,5452 565,5457 452,5457 447,5462 447,5472 442,5477 442,5541 447,5546 447,5595 845,5595 850,5600 1460,5600 1465,5595 1465,5585 1470,5580 1671,5580 1676,5585 1676,5590 1681,5595 1686,5595 1691,5600 1696,5600 1701,5605 1862,5605 1863,5606 1861,5608 1861,5609 1860,5610 1860,5611 1858,5613 1858,5614 1857,5615 1857,5616 1855,5618 1855,5619 1854,5620 1854,5621 1853,5622 1853,5623 1851,5625 1851,5626 1850,5627 1850,5628 1848,5630 1848,5631 1847,5632 1847,5633 1845,5635 1845,5636 1844,5637 1844,5638 1842,5640 1842,5641 1841,5642 1841,5643 1839,5645 1839,5646 1838,5647 1838,5648 1836,5650 1836,5651 1835,5652 1835,5653 1833,5655 1833,5656 1832,5657 1832,5658 1830,5660 1830,5661 1829,5662 1829,5663 1828,5664 1828,5665 1826,5667 1826,5668 1825,5669 1825,5670 1823,5672 1823,5673 1822,5674 1822,5675 1820,5677 1820,5678 1819,5679 1819,5680 1817,5682 1817,5683 1816,5684 1816,5685 1814,5687 1814,5688 1813,5689 1813,5690 1811,5692 1811,5693 1810,5694 1810,5695 1808,5697 1808,5698 1807,5699 1807,5700 1805,5702 1805,5703 1804,5704 1804,5705 1802,5707 1802,5708 1801,5709 1801,5710 1800,5711 1800,5712 1798,5714 1798,5715 1797,5716 1797,5717 1795,5719 1795,5720 1794,5721 1794,5722 1792,5724 1792,5725 1791,5726 1791,5727 1790,5728 1725,5728 1720,5723 1720,5678 1715,5678 1711,5674 1568,5674 1566,5676 1565,5676 1563,5678 1553,5678 1553,5723 1548,5728 1543,5728 1538,5723 1538,5674 1214,5674 1214,5718 1209,5723 1116,5723 1111,5718 993,5718 988,5713 988,5674 983,5669 821,5669 821,5713 816,5718 747,5718 742,5713 742,5703 737,5698 535,5698 535,5708 533,5710 533,5711 531,5713 472,5713 467,5718 457,5718 457,5723 452,5728 452,5747 442,5757 442,5821 447,5826 447,5831 457,5841 599,5841 604,5836 870,5836 875,5841 1071,5841 1076,5846 1076,5885 1080,5889 1235,5889 1239,5885 1268,5885 1268,5880 1273,5875 1278,5875 1278,5846 1283,5841 1332,5841 1337,5846 1779,5846 1784,5851 1784,5855 1942,5855 1942,5851 1947,5846 1996,5846 2000,5850 2001,5850 2006,5855 2099,5855 2109,5865 2256,5865 2256,5860 2261,5855 2286,5855 2291,5860 2630,5860 2635,5855 3338,5855 3338,5851 3348,5841 3348,5811 3353,5806 3387,5806 3387,5747 3382,5742 3343,5742 3338,5737 3274,5737 3272,5735 3271,5735 3269,5733 3269,5698 3264,5693 3097,5693 3092,5688 2930,5688 2925,5693 2925,5713 2920,5718 2807,5718 2807,5728 2802,5733 2463,5733 2458,5728 2345,5728 2340,5723 2340,5688 2335,5683 2335,5678 2188,5678 2188,5683 2183,5688 2183,5723 2178,5728 2015,5728 2013,5726 2013,5725 2011,5723 1868,5723 1863,5728 1794,5728 1793,5727 1795,5725 1795,5724 1796,5723 1796,5722 1798,5720 1798,5719 1799,5718 1799,5717 1801,5715 1801,5714 1802,5713 1802,5712 1804,5710 1804,5709 1805,5708 1805,5707 1807,5705 1807,5704 1808,5703 1808,5702 1810,5700 1810,5699 1811,5698 1811,5697 1813,5695 1813,5694 1814,5693 1814,5692 1816,5690 1816,5689 1817,5688 1817,5687 1819,5685 1819,5684 1820,5683 1820,5682 1821,5681 1821,5680 1823,5678 1823,5677 1824,5676 1824,5675 1826,5673 1826,5672 1827,5671 1827,5670 1829,5668 1829,5667 1830,5666 1830,5665 1832,5663 1832,5662 1833,5661 1833,5660 1835,5658 1835,5657 1836,5656 1836,5655 1838,5653 1838,5652 1839,5651 1839,5650 1841,5648 1841,5647 1842,5646 1842,5645 1844,5643 1844,5642 1845,5641 1845,5640 1846,5639 1846,5638 1848,5636 1848,5635 1849,5634 1849,5633 1851,5631 1851,5630 1852,5629 1852,5628 1854,5626 1854,5625 1855,5624 1855,5623 1857,5621 1857,5620 1858,5619 1858,5618 1860,5616 1860,5615 1861,5614 1861,5613 1863,5611 1863,5610 1864,5609 1864,5608 1867,5605 2315,5605 2320,5610 3048,5610 3053,5615 3053,5619 3200,5619 3200,5615 3205,5610 3358,5610 3358,5590 3363,5585 3377,5585 3377,5521 3353,5521 3348,5516 3348,5506 3343,5501 3342,5501 3338,5497 3333,5497 3328,5492 3328,5472 3323,5467 3323,5457 3166,5457 3166,5492 3161,5497 3151,5497 3146,5492 3146,5452 2930,5452 2930,5487 2925,5492 2920,5487 2920,5442 2768,5442 2768,5487 2763,5492 2596,5492 2591,5487 2591,5452 2586,5447 2586,5442 2419,5442 2419,5487 2414,5492 2374,5492 2369,5487 2227,5487 2222,5492 2217,5487 2217,5472 2212,5467 2212,5452 2207,5447 2207,5442 2055,5442 2055,5467 2050,5472 1947,5472 1947,5482 1942,5487 1937,5482 1937,5466 1938,5465 1938,5462 1939,5461 1939,5457 1940,5456 1940,5453 1941,5452 1941,5449 1942,5448 1942,5445 1943,5444 1943,5441 1944,5440 1944,5436 1945,5435 1945,5432 1946,5431 1946,5428 1947,5427 1947,5424 1948,5423 1948,5420 1949,5419 1949,5415 1950,5414 1950,5411 1951,5410 1951,5407 1952,5406 1952,5403 1953,5402 1953,5399 1954,5398 1954,5394 1955,5393 1955,5390 1956,5389 1956,5386 1957,5385 1957,5382 1958,5381 1958,5378 1959,5377 1959,5373 1960,5372 1960,5370 1961,5369 2443,5369 2453,5359 2453,5290 2448,5285 2448,5256 2443,5251 2099,5251 2094,5256 2089,5256 2084,5251 1990,5251 1989,5250 1989,5247 1990,5246 1990,5243 1991,5242 1991,5239 1992,5238 1992,5235 1993,5234 1993,5230 1994,5229 1994,5226 1995,5225 1995,5222 1996,5221 1996,5218 1997,5217 1997,5214 1998,5213 1998,5209 1999,5208 1999,5205 2000,5204 2000,5201 2001,5200 2001,5197 2002,5196 2002,5193 2003,5192 2003,5188 2004,5187 2004,5184 2005,5183 2005,5180 2006,5179 2006,5176 2007,5175 2007,5172 2008,5171 2008,5167 2009,5166 2009,5163 2010,5162 2010,5159 2011,5158 2011,5155 2012,5154 2012,5151 2013,5150 2013,5146 2014,5145 2014,5142 2015,5141 2015,5139 2016,5138 2133,5138 2138,5143 2250,5143 2251,5144 2254,5144 2255,5145 2258,5145 2259,5146 2262,5146 2263,5147 2266,5147 2267,5148 2270,5148 2271,5149 2274,5149 2275,5150 2278,5150 2279,5151 2282,5151 2283,5152 2286,5152 2287,5153 2289,5153 2290,5154 2293,5154 2294,5155 2297,5155 2298,5156 2301,5156 2302,5157 2305,5157 2306,5158 2309,5158 2310,5159 2310,5182 2315,5187 2422,5187 2423,5188 2426,5188 2427,5189 2430,5189 2431,5190 2433,5190 2434,5191 2437,5191 2438,5192 2441,5192 2442,5193 2445,5193 2446,5194 2449,5194 2450,5195 2453,5195 2454,5196 2457,5196 2458,5197 2461,5197 2462,5198 2465,5198 2466,5199 2468,5199 2469,5200 2472,5200 2473,5201 2476,5201 2477,5202 2480,5202 2481,5203 2484,5203 2485,5204 2488,5204 2489,5205 2492,5205 2493,5206 2496,5206 2497,5207 2500,5207 2501,5208 2504,5208 2505,5209 2507,5209 2508,5210 2511,5210 2512,5211 2515,5211 2516,5212 2519,5212 2520,5213 2523,5213 2524,5214 2527,5214 2528,5215 2531,5215 2532,5216 2535,5216 2536,5217 2539,5217 2540,5218 2542,5218 2543,5219 2546,5219 2547,5220 2550,5220 2551,5221 2554,5221 2555,5222 2558,5222 2559,5223 2562,5223 2563,5224 2566,5224 2567,5225 2570,5225 2571,5226 2574,5226 2575,5227 2577,5227 2578,5228 2581,5228 2582,5229 2585,5229 2586,5230 2589,5230 2590,5231 2593,5231 2594,5232 2597,5232 2598,5233 2601,5233 2602,5234 2605,5234 2606,5235 2609,5235 2610,5236 2613,5236 2614,5237 2616,5237 2617,5238 2620,5238 2621,5239 2624,5239 2625,5240 2628,5240 2629,5241 2632,5241 2633,5242 2636,5242 2637,5243 2640,5243 2641,5244 2644,5244 2645,5245 2645,5251 2640,5256 2468,5256 2463,5261 2463,5315 2468,5320 2473,5320 2475,5322 2476,5322 2478,5324 2478,5354 2468,5364 2468,5418 2473,5418 2478,5423 2635,5423 2640,5418 2650,5418 2650,5374 2655,5369 2694,5369 2699,5374 2699,5379 3171,5379 3173,5381 3174,5381 3176,5383 3343,5383 3345,5381 3346,5381 3348,5379 3353,5379 3353,5374 3363,5364 3377,5364 3377,5359 3382,5354 3387,5354 3391,5350 3391,5294 3382,5285 3382,5256 3195,5256 3193,5258 3193,5259 3191,5261 3122,5261 3117,5256 3117,5221 3112,5216 2964,5216 2959,5221 2959,5231 2957,5233 2957,5234 2955,5236 2861,5236 2861,5256 2856,5261 2851,5261 2846,5256 2846,5241 2807,5241 2802,5236 2802,5216 2650,5216 2650,5231 2645,5236 2645,5242 2644,5243 2643,5242 2641,5242 2640,5241 2637,5241 2636,5240 2633,5240 2632,5239 2629,5239 2628,5238 2625,5238 2624,5237 2621,5237 2620,5236 2617,5236 2616,5235 2613,5235 2612,5234 2609,5234 2608,5233 2605,5233 2604,5232 2602,5232 2601,5231 2598,5231 2597,5230 2594,5230 2593,5229 2590,5229 2589,5228 2586,5228 2585,5227 2582,5227 2581,5226 2578,5226 2577,5225 2574,5225 2573,5224 2570,5224 2569,5223 2567,5223 2566,5222 2563,5222 2562,5221 2559,5221 2558,5220 2555,5220 2554,5219 2551,5219 2550,5218 2547,5218 2546,5217 2543,5217 2542,5216 2539,5216 2538,5215 2535,5215 2534,5214 2532,5214 2531,5213 2528,5213 2527,5212 2524,5212 2523,5211 2520,5211 2519,5210 2516,5210 2515,5209 2512,5209 2511,5208 2508,5208 2507,5207 2504,5207 2503,5206 2500,5206 2499,5205 2496,5205 2495,5204 2493,5204 2492,5203 2489,5203 2488,5202 2485,5202 2484,5201 2481,5201 2480,5200 2477,5200 2476,5199 2473,5199 2472,5198 2469,5198 2468,5197 2465,5197 2464,5196 2461,5196 2460,5195 2458,5195 2457,5194 2454,5194 2453,5193 2450,5193 2449,5192 2446,5192 2445,5191 2442,5191 2441,5190 2438,5190 2437,5189 2434,5189 2433,5188 2434,5187 2458,5187 2473,5172 2473,5167 2478,5162 2478,5157 2483,5152 2483,5147 2487,5143 2517,5143 2519,5145 2520,5145 2522,5147 2630,5147 2635,5152 2635,5192 2792,5192 2797,5187 2817,5187 2817,5152 2822,5147 2846,5147 2851,5152 2851,5192 3033,5192 3033,5152 3038,5147 3171,5147 3176,5152 3176,5187 3323,5187 3338,5172 3338,5167 3343,5162 3343,5084 3338,5079 3338,5069 3284,5069 3279,5064 3279,5034 3274,5029 3264,5029 3262,5027 3261,5027 3259,5025 3259,5015 3254,5010 3112,5010 3107,5015 3102,5015 3102,5025 3100,5027 3099,5027 3097,5029 2945,5029 2943,5027 2942,5027 2940,5025 2940,4985 2935,4980 2782,4980 2782,5020 2780,5022 2780,5023 2778,5025 2679,5025 2674,5020 2674,5010 2669,5005 2527,5005 2522,5010 2522,5015 2517,5020 2468,5020 2463,5025 2458,5025 2453,5030 2452,5030 2448,5034 2448,5039 2443,5044 2443,5054 2438,5059 2399,5059 2394,5054 2394,5020 2114,5020 2109,5015 2037,5015 2036,5014 2036,5011 2037,5010 2037,5002 2038,5001 2038,4993 2039,4992 2039,4984 2040,4983 2040,4976 2041,4975 2041,4967 2042,4966 2042,4958 2043,4957 2043,4949 2044,4948 2044,4940 2045,4939 2045,4932 2046,4931 2046,4923 2047,4922 2047,4914 2048,4913 2048,4908 2049,4907 2050,4907 2055,4902 2232,4902 2237,4907 2237,4946 2242,4951 2404,4951 2414,4941 2414,4931 2419,4926 2419,4916 2424,4911 2674,4911 2676,4909 2677,4909 2679,4907 2719,4907 2723,4911 3171,4911 3176,4916 3176,4951 3181,4956 3328,4956 3333,4951 3333,4946 3338,4941 3338,4936 3343,4931 3343,4926 3348,4921 3348,4907 3353,4902 3368,4902 3370,4900 3370,4899 3372,4897 3377,4897 3377,4843 3372,4843 3370,4841 3370,4840 3368,4838 3304,4838 3299,4833 3299,4813 3294,4808 3294,4803 3289,4803 3284,4798 3284,4793 3156,4793 3154,4791 3153,4791 3151,4789 3151,4779 3117,4779 3107,4769 3107,4764 3102,4759 3102,4754 3097,4749 2955,4749 2950,4754 2950,4759 2945,4764 2945,4769 2940,4774 2940,4784 2935,4789 2886,4789 2884,4791 2883,4791 2881,4793 2807,4793 2805,4791 2804,4791 2802,4789 2561,4789 2556,4784 2394,4784 2389,4789 2320,4789 2315,4784 2315,4744 2310,4739 1971,4739 1971,4744 1970,4745 1968,4743 1968,4742 1957,4731 1957,4730 1946,4719 1946,4718 1935,4707 1935,4706 1924,4695 1924,4694 1912,4682 1912,4681 1907,4676 1908,4675 1917,4675 1919,4673 1920,4673 1922,4671 1966,4671 1968,4673 1969,4673 1971,4675 2202,4675 2207,4680 2822,4680 2827,4685 3338,4685 3338,4612 3294,4612 3289,4607 3289,4577 3284,4572 3284,4567 3122,4567 3117,4562 3063,4562 3058,4557 3058,4518 2905,4518 2900,4523 2900,4557 2898,4559 2898,4560 2896,4562 2655,4562 2650,4557 2650,4543 2438,4543 2438,4553 2436,4555 2435,4555 2433,4557 2369,4557 2365,4553 2148,4553 2143,4548 2143,4513 2138,4513 2133,4508 1971,4508 1971,4548 1966,4553 1863,4553 1858,4548 1821,4548 1820,4547 1820,4440 1821,4439 1937,4439 1942,4444 2355,4444 2360,4449 2999,4449 3004,4454 3156,4454 3161,4449 3186,4449 3191,4454 3333,4454 3338,4449 3343,4449 3353,4439 3353,4336 3338,4336 3333,4331 3333,4317 3328,4312 3186,4312 3181,4317 3176,4317 3176,4331 3171,4336 3112,4336 3107,4331 3107,4317 3102,4312 2959,4312 2957,4314 2957,4315 2955,4317 2955,4326 2950,4331 2723,4331 2721,4329 2721,4328 2719,4326 2719,4282 2566,4282 2566,4326 2561,4331 2345,4331 2340,4326 2217,4326 2212,4321 2212,4307 2173,4307 2168,4302 2168,4277 1873,4277 1873,4321 1868,4326 1838,4326 1833,4321 1833,4277 1820,4277 1819,4276 1819,4243 1818,4242 1818,4209 1819,4208 1892,4208 1897,4213 1897,4258 1899,4260 1900,4260 1902,4262 2045,4262 2047,4260 2048,4260 2050,4258 2079,4258 2079,4238 2084,4233 2089,4233 2089,4213 2094,4208 2517,4208 2522,4203 2527,4208 2576,4208 2581,4213 2999,4213 3004,4218 3004,4267 3181,4267 3181,4223 3186,4218 3343,4218 3343,4179 3348,4174 3353,4174 3358,4169 3358,4159 3363,4154 3387,4154 3387,4100 2969,4100 2964,4095 2964,4051 2812,4051 2812,4061 2807,4066 2807,4090 2802,4095 2753,4095 2748,4090 2748,4051 2743,4046 2581,4046 2576,4051 2551,4051 2546,4056 2546,4071 2544,4073 2544,4074 2542,4076 2542,4095 2537,4100 2527,4100 2522,4095 2365,4095 2360,4090 2360,4046 2355,4041 2207,4041 2202,4046 2158,4046 2153,4041 1986,4041 1986,4085 1981,4090 1815,4090 1814,4089 1814,4083 1813,4082 1813,4065 1812,4064 1812,4048 1811,4047 1811,4030 1810,4029 1810,4013 1809,4012 1809,3995 1808,3994 1808,3978 1807,3977 1807,3973 1808,3972 1883,3972 1888,3977 1888,4017 2030,4017 2045,4002 2045,3997 2050,3992 2050,3987 2060,3977 2345,3977 2350,3972 2394,3972 2399,3977 2566,3977 2571,3982 2714,3982 2719,3977 2753,3977 2758,3982 3294,3982 3294,3972 3299,3967 3323,3967 3325,3965 3326,3965 3328,3963 3338,3963 3348,3953 3348,3894 3289,3894 3284,3889 3284,3874 3279,3869 3053,3869 3048,3864 3048,3820 2935,3820 2930,3815 2723,3815 2723,3864 2721,3866 2721,3867 2719,3869 2709,3869 2699,3879 2699,3884 2694,3889 2694,3899 2692,3901 2691,3901 2689,3903 2669,3903 2667,3901 2666,3901 2664,3899 2664,3884 2669,3879 2679,3879 2684,3874 2684,3820 2679,3815 2404,3815 2399,3820 2399,3859 2394,3864 2251,3864 2249,3862 2249,3861 2247,3859 2247,3810 2084,3810 2079,3815 2079,3854 2074,3859 2040,3859 2035,3864 2030,3864 2015,3879 2015,3889 2013,3891 2013,3892 2011,3894 1986,3894 1981,3889 1981,3859 1966,3859 1961,3854 1961,3840 1927,3840 1922,3835 1922,3815 1917,3810 1860,3810 1859,3809 1860,3808 1860,3807 1861,3806 1861,3805 1863,3803 1863,3802 1865,3800 1865,3799 1866,3798 1866,3797 1868,3795 1868,3794 1869,3793 1869,3792 1871,3790 1871,3789 1873,3787 1873,3786 1874,3785 1874,3784 1876,3782 1876,3781 1877,3780 1877,3779 1879,3777 1879,3776 1881,3774 1881,3773 1882,3772 1882,3771 1884,3769 1884,3768 1885,3767 1885,3766 1887,3764 1887,3763 1889,3761 1889,3760 1890,3759 1890,3758 1892,3756 1892,3755 1894,3753 1894,3752 1895,3751 1895,3750 1897,3748 1897,3747 1898,3746 1898,3745 1900,3743 1900,3742 1901,3741 2060,3741 2065,3746 2153,3746 2158,3751 2158,3790 2163,3795 2335,3795 2335,3751 2340,3746 2886,3746 2891,3751 3073,3751 3075,3753 3075,3754 3077,3756 3077,3766 3220,3766 3220,3761 3225,3756 3309,3756 3311,3754 3311,3753 3313,3751 3358,3751 3358,3697 3363,3692 3363,3633 3333,3633 3328,3628 3328,3618 3323,3613 3323,3594 3318,3589 3166,3589 3161,3594 3161,3628 3156,3633 3092,3633 3087,3628 3087,3618 2886,3618 2886,3628 2881,3633 2669,3633 2664,3628 2566,3628 2561,3623 2561,3613 2409,3613 2404,3618 2404,3628 2399,3633 2350,3633 2345,3628 2158,3628 2153,3623 2153,3584 2148,3579 2099,3579 2094,3574 1937,3574 1937,3618 1933,3622 1932,3622 1931,3621 1931,3620 1930,3619 1930,3618 1929,3617 1929,3616 1928,3615 1928,3614 1927,3613 1927,3574 1908,3574 1906,3572 1906,3571 1905,3570 1905,3569 1904,3568 1904,3567 1903,3566 1903,3565 1901,3563 1901,3562 1900,3561 1900,3560 1899,3559 1899,3558 1898,3557 1898,3556 1897,3555 1897,3554 1896,3553 1896,3552 1895,3551 1895,3550 1894,3549 1894,3548 1893,3547 1893,3546 1892,3545 1892,3544 1891,3543 1891,3542 1890,3541 1890,3540 1889,3539 1889,3538 1888,3537 1888,3536 1887,3535 1887,3534 1886,3533 1886,3532 1884,3530 1884,3529 1883,3528 1883,3527 1882,3526 1882,3525 1881,3524 1881,3523 1880,3522 1880,3521 1879,3520 1879,3519 1878,3518 1878,3517 1877,3516 1877,3515 1876,3514 1876,3513 1875,3512 1875,3511 1874,3510 1874,3509 1873,3508 1873,3507 1872,3506 1873,3505 1878,3505 1883,3510 2330,3510 2335,3515 2900,3515 2905,3520 3043,3520 3048,3525 3048,3569 3225,3569 3225,3525 3230,3520 3343,3520 3353,3510 3353,3456 3343,3446 3343,3436 3348,3431 3348,3372 3346,3370 3345,3370 3343,3368 3343,3363 3186,3363 3181,3368 3181,3402 3176,3407 3166,3407 3161,3402 2669,3402 2664,3397 2664,3363 2662,3361 2662,3360 2660,3358 2655,3358 2650,3353 2650,3348 2497,3348 2487,3358 2487,3377 2485,3379 2485,3380 2483,3382 2340,3382 2335,3377 2335,3358 2330,3353 2330,3348 1966,3348 1966,3353 1956,3363 1956,3392 1951,3397 1888,3397 1883,3392 1883,3343 1830,3343 1829,3342 1829,3334 1830,3333 1927,3333 1932,3328 1942,3328 1946,3324 1946,3323 1951,3318 1951,3289 1956,3284 2084,3284 2084,3279 2089,3274 2089,3264 2094,3259 2281,3259 2286,3264 2286,3284 2443,3284 2448,3289 2822,3289 2827,3294 3176,3294 3181,3299 3333,3299 3338,3294 3348,3294 3353,3289 3353,3264 3358,3259 3358,3200 3353,3195 3353,3186 3348,3181 3338,3181 3333,3176 3284,3176 3279,3171 3279,3132 3053,3132 3048,3127 2896,3127 2896,3166 2891,3171 2723,3171 2721,3169 2721,3168 2719,3166 2719,3132 2714,3127 2463,3127 2458,3122 2291,3122 2291,3186 2286,3191 2281,3186 2281,3181 2138,3181 2133,3186 2094,3186 2089,3181 2089,3132 2084,3127 2084,3122 1932,3122 1927,3127 1927,3161 1922,3166 1851,3166 1850,3165 1851,3164 1851,3163 1852,3162 1852,3161 1854,3159 1854,3158 1855,3157 1855,3156 1856,3155 1856,3154 1858,3152 1858,3151 1859,3150 1859,3149 1861,3147 1861,3146 1862,3145 1862,3144 1864,3142 1864,3141 1865,3140 1865,3139 1866,3138 1866,3137 1868,3135 1868,3134 1869,3133 1869,3132 1871,3130 1871,3129 1872,3128 1872,3127 1874,3125 1874,3124 1875,3123 1875,3122 1876,3121 1876,3120 1878,3118 1878,3117 1879,3116 1879,3115 1881,3113 1881,3112 1882,3111 1882,3110 1884,3108 1884,3107 1885,3106 1885,3105 1886,3104 1886,3103 1888,3101 1888,3100 1889,3099 1889,3098 1891,3096 1891,3095 1892,3094 1892,3093 1893,3092 1893,3091 1895,3089 1895,3088 1896,3087 1896,3086 1898,3084 1898,3083 1899,3082 1899,3081 1901,3079 1901,3078 1902,3077 1902,3076 1903,3075 1903,3074 1905,3072 1905,3071 1906,3070 1906,3069 1908,3067 1908,3066 1909,3065 1909,3064 1911,3062 1911,3061 1912,3060 1912,3059 1913,3058 1913,3057 1915,3055 1915,3054 1916,3053 2055,3053 2060,3058 2060,3082 2202,3082 2202,3058 2207,3053 2610,3053 2615,3058 2817,3058 2822,3053 2866,3053 2871,3058 2871,3102 3048,3102 3048,3063 3053,3058 3191,3058 3193,3060 3193,3061 3195,3063 3348,3063 3353,3058 3353,3043 3358,3038 3368,3038 3368,2984 3348,2984 3343,2979 3343,2974 3348,2969 3348,2900 3346,2898 3345,2898 3343,2896 3186,2896 3186,2935 3181,2940 3136,2940 3134,2938 3134,2937 3132,2935 3132,2930 3127,2930 3122,2925 3122,2910 3117,2905 3117,2900 2964,2900 2964,2935 2959,2940 2881,2940 2876,2935 2335,2935 2330,2930 2306,2930 2301,2925 2301,2886 2138,2886 2133,2891 2133,2925 2131,2927 2131,2928 2129,2930 2045,2930 2040,2925 2040,2891 2035,2886 1943,2886 1942,2885 1942,2884 1941,2883 1941,2882 1940,2881 1940,2879 1939,2878 1939,2876 1938,2875 1938,2874 1937,2873 1937,2871 1936,2870 1936,2868 1935,2867 1935,2865 1934,2864 1934,2863 1933,2862 1933,2860 1932,2859 1932,2857 1931,2856 1931,2855 1930,2854 1930,2852 1929,2851 1929,2849 1928,2848 1928,2847 1927,2846 1927,2844 1926,2843 1926,2841 1925,2840 1925,2839 1924,2838 1924,2836 1923,2835 1923,2833 1922,2832 1922,2831 1921,2830 1921,2828 1920,2827 1920,2825 1919,2824 1919,2823 1918,2822 1918,2820 1917,2819 1917,2818 1918,2817 2070,2817 2072,2819 2072,2820 2074,2822 2074,2866 2251,2866 2251,2822 2256,2817 2301,2817 2306,2822 2728,2822 2733,2827 3358,2827 3363,2822 3363,2763 3368,2758 3382,2758 3382,2704 3205,2704 3200,2709 3176,2709 3171,2704 3171,2664 3004,2664 3004,2699 2999,2704 2994,2704 2989,2699 2989,2689 2837,2689 2837,2699 2832,2704 2655,2704 2650,2699 2650,2664 2648,2662 2647,2662 2645,2660 2527,2660 2522,2655 2365,2655 2360,2660 2242,2660 2242,2694 2237,2699 2129,2699 2124,2694 2124,2669 2119,2664 2119,2660 2114,2655 2011,2655 2006,2650 1877,2650 1876,2649 1876,2644 1875,2643 1875,2631 1876,2630 1976,2630 1976,2591 1981,2586 2414,2586 2419,2591 2419,2635 2601,2635 2601,2596 2603,2594 2603,2593 2605,2591 3102,2591 3107,2596 3254,2596 3259,2591 3309,2591 3309,2576 3311,2574 3311,2573 3313,2571 3363,2571 3363,2556 3368,2551 3391,2551 3391,2497 3328,2497 3323,2492 3323,2478 3313,2468 3102,2468 3097,2463 3097,2428 3095,2426 3094,2426 3092,2424 3092,2374 2950,2374 2950,2419 2945,2424 2846,2424 2844,2426 2843,2426 2841,2428 2837,2424 2694,2424 2692,2426 2691,2426 2689,2428 2674,2428 2674,2463 2669,2468 2463,2468 2458,2463 2458,2448 2306,2448 2306,2458 2301,2463 2296,2458 2296,2428 2294,2426 2293,2426 2291,2424 2286,2424 2281,2419 2138,2419 2133,2424 2129,2424 2129,2463 2124,2468 2114,2468 2109,2463 1865,2463 1864,2462 1864,2459 1863,2458 1863,2450 1862,2449 1862,2441 1861,2440 1861,2432 1860,2431 1860,2423 1859,2422 1859,2414 1858,2413 1858,2405 1857,2404 1857,2397 1856,2396 1856,2388 1855,2387 1855,2379 1854,2378 1854,2370 1853,2369 1853,2361 1852,2360 1852,2352 1851,2351 1852,2350 2001,2350 2006,2345 2015,2345 2020,2350 2507,2350 2512,2355 2738,2355 2743,2350 2817,2350 2822,2355 3176,2355 3181,2360 3181,2394 3186,2399 3328,2399 3338,2389 3343,2389 3343,2384 3348,2379 3348,2374 3353,2369 3353,2286 3343,2276 3284,2276 3279,2271 3279,2256 3274,2251 3274,2242 3269,2242 3264,2237 3205,2237 3200,2232 3200,2192 3198,2190 3197,2190 3195,2188 3048,2188 3046,2190 3045,2190 3043,2192 3043,2227 3038,2232 2674,2232 2669,2227 2517,2227 2512,2232 2507,2232 2502,2227 2502,2212 2497,2207 2497,2197 2492,2192 2492,2188 2340,2188 2338,2190 2337,2190 2335,2192 2335,2227 2330,2232 2286,2232 2281,2227 2281,2183 2070,2183 2065,2188 2065,2222 2060,2227 2006,2227 2001,2222 2001,2212 1961,2212 1956,2207 1956,2188 1951,2183 1800,2183 1798,2181 1798,2180 1797,2179 1797,2178 1796,2177 1796,2176 1795,2175 1795,2173 1794,2172 1794,2171 1793,2170 1793,2169 1792,2168 1792,2167 1791,2166 1791,2165 1790,2164 1790,2163 1789,2162 1789,2161 1788,2160 1788,2159 1787,2158 1787,2157 1786,2156 1786,2154 1785,2153 1785,2152 1784,2151 1784,2150 1783,2149 1783,2148 1782,2147 1782,2146 1781,2145 1781,2144 1780,2143 1780,2142 1779,2141 1779,2140 1778,2139 1778,2138 1777,2137 1777,2136 1776,2135 1776,2133 1775,2132 1775,2131 1774,2130 1774,2129 1773,2128 1773,2127 1772,2126 1772,2125 1771,2124 1771,2123 1770,2122 1770,2121 1769,2120 1770,2119 1917,2119 1922,2124 1922,2158 1927,2163 2114,2163 2119,2158 2124,2158 2124,2153 2129,2148 2129,2124 2131,2122 2131,2121 2133,2119 2138,2119 2143,2124 3014,2124 3016,2126 3016,2127 3018,2129 3368,2129 3368,2070 3358,2070 3353,2065 3353,2020 3348,2015 3186,2015 3184,2013 3183,2013 3181,2011 3181,2006 3023,2006 3023,2011 3021,2013 3020,2013 3018,2015 3014,2015 3012,2013 3011,2013 3009,2011 3009,1961 2837,1961 2837,2001 2832,2006 2689,2006 2684,2001 2414,2001 2409,1996 2409,1986 2256,1986 2251,1991 2251,1996 2249,1998 2249,1999 2247,2001 2045,2001 2040,1996 2040,1956 1890,1956 1889,1955 1890,1954 1891,1954 1892,1953 1893,1953 1894,1952 1895,1952 1897,1950 1898,1950 1899,1949 1900,1949 1901,1948 1902,1948 1903,1947 1904,1947 1906,1945 1907,1945 1908,1944 1909,1944 1910,1943 1911,1943 1912,1942 1913,1942 1915,1940 1916,1940 1917,1939 1918,1939 1919,1938 1920,1938 1921,1937 1922,1937 1924,1935 1925,1935 1926,1934 1927,1934 1928,1933 1929,1933 1930,1932 1931,1932 1932,1931 1933,1931 1935,1929 1936,1929 1937,1928 1938,1928 1939,1927 1940,1927 1941,1926 1942,1926 1944,1924 1945,1924 1946,1923 1947,1923 1948,1922 1949,1922 1950,1921 1951,1921 1953,1919 1954,1919 1955,1918 1956,1918 1957,1917 1958,1917 1959,1916 1960,1916 1961,1915 1962,1915 1964,1913 1965,1913 1966,1912 1967,1912 1968,1911 1969,1911 1970,1910 1971,1910 1973,1908 1974,1908 1975,1907 1976,1907 1977,1906 1978,1906 1979,1905 1980,1905 1982,1903 1983,1903 1984,1902 1985,1902 1986,1901 1987,1901 1988,1900 1989,1900 1990,1899 1991,1899 1993,1897 1994,1897 1995,1896 1996,1896 1997,1895 1998,1895 1999,1894 2000,1894 2002,1892 2178,1892 2183,1897 2183,1942 2360,1942 2360,1897 2365,1892 2463,1892 2468,1897 2468,1942 2473,1947 2625,1947 2630,1942 2660,1942 2660,1902 2662,1900 2662,1899 2664,1897 2758,1897 2763,1902 2763,1947 2945,1947 2945,1902 2950,1897 3048,1897 3053,1902 3053,1947 3055,1949 3056,1949 3058,1951 3215,1951 3220,1956 3220,1966 3363,1966 3363,1912 3240,1912 3235,1907 3240,1902 3318,1902 3323,1897 3328,1897 3333,1892 3333,1883 3338,1878 3382,1878 3387,1873 3387,1814 3382,1809 3338,1809 3333,1804 3333,1799 3328,1794 3328,1789 3151,1789 3146,1784 2851,1784 2846,1779 2846,1745 2841,1740 2841,1735 2679,1735 2679,1774 2674,1779 2256,1779 2251,1774 2133,1774 2129,1770 2129,1730 2110,1730 2109,1729 2109,1720 2108,1719 2108,1706 2107,1705 2107,1691 2106,1690 2106,1676 2105,1675 2105,1662 2104,1661 2104,1657 2105,1656 2374,1656 2379,1661 2832,1661 2837,1666 2979,1666 2984,1661 3018,1661 3023,1666 3191,1666 3193,1668 3193,1669 3195,1671 3343,1671 3348,1666 3358,1666 3368,1656 3368,1637 3370,1635 3370,1634 3372,1632 3377,1632 3377,1578 3372,1578 3370,1576 3370,1575 3368,1573 3368,1563 3358,1553 3343,1553 3338,1548 3117,1548 3112,1543 3112,1499 2945,1499 2945,1543 2940,1548 2861,1548 2856,1543 2856,1499 2571,1499 2566,1504 2566,1519 2556,1529 2507,1529 2502,1534 2502,1543 2497,1548 2473,1548 2468,1543 2468,1494 2261,1494 2256,1499 2256,1538 2251,1543 2237,1543 2232,1538 2232,1529 2079,1529 2079,1531 2078,1532 2077,1531 2077,1529 2076,1528 2076,1527 2075,1526 2075,1525 2074,1524 2074,1522 2073,1521 2073,1520 2072,1519 2072,1518 2071,1517 2071,1515 2070,1514 2070,1513 2069,1512 2069,1511 2068,1510 2068,1508 2067,1507 2067,1506 2066,1505 2066,1504 2065,1503 2065,1502 2064,1501 2064,1499 2063,1498 2063,1497 2062,1496 2062,1495 2061,1494 2061,1492 2060,1491 2060,1490 2059,1489 2059,1488 2058,1487 2058,1485 2057,1484 2057,1483 2056,1482 2056,1481 2055,1480 2055,1478 2054,1477 2054,1476 2053,1475 2053,1474 2052,1473 2052,1471 2051,1470 2051,1469 2050,1468 2050,1467 2049,1466 2049,1464 2048,1463 2048,1462 2047,1461 2047,1460 2046,1459 2046,1457 2045,1456 2045,1455 2044,1454 2044,1453 2043,1452 2043,1450 2042,1449 2042,1448 2041,1447 2041,1446 2040,1445 2040,1443 2039,1442 2039,1441 2038,1440 2038,1439 2037,1438 2037,1436 2036,1435 2036,1434 2035,1433 2035,1432 2034,1431 2034,1429 2033,1428 2033,1427 2032,1426 2033,1425 2551,1425 2556,1430 2556,1435 3053,1435 3058,1440 3259,1440 3264,1435 3309,1435 3309,1420 3313,1416 3343,1416 3348,1411 3363,1411 3368,1406 3368,1337 3304,1337 3299,1332 3299,1317 3205,1317 3200,1312 3200,1302 3082,1302 3080,1300 3079,1300 3077,1298 3077,1273 2930,1273 2925,1278 2925,1312 2920,1317 2841,1317 2839,1315 2839,1314 2837,1312 2714,1312 2709,1307 2709,1298 2556,1298 2554,1300 2553,1300 2551,1302 2551,1307 2546,1312 2502,1312 2497,1307 2497,1273 2492,1268 2281,1268 2276,1273 2276,1307 2271,1312 1976,1312 1973,1309 1973,1308 1967,1302 1967,1301 1961,1295 1961,1294 1954,1287 1954,1286 1948,1280 1948,1279 1942,1273 1942,1272 1935,1265 1935,1264 1929,1258 1929,1257 1922,1250 1922,1249 1916,1243 1916,1242 1910,1236 1910,1235 1911,1234 1922,1234 1922,1229 1932,1219 1932,1209 1937,1204 1937,1199 1942,1194 1947,1199 2094,1199 2099,1194 2158,1194 2163,1199 2468,1199 2473,1204 3343,1204 3358,1189 3358,1170 3363,1165 3363,1160 3368,1155 3382,1155 3382,1086 3225,1086 3220,1081 3220,1037 2999,1037 2994,1042 2994,1062 2992,1064 2991,1064 2989,1066 2940,1066 2940,1071 2935,1076 2837,1076 2832,1081 2778,1081 2773,1076 2773,1062 2615,1062 2613,1064 2612,1064 2610,1066 2610,1071 2605,1076 2561,1076 2556,1071 2556,1062 2551,1057 2404,1057 2399,1062 2399,1071 2394,1076 2256,1076 2251,1071 2251,1032 2094,1032 2089,1037 2035,1037 2035,1071 2030,1076 1883,1076 1878,1081 1873,1081 1868,1086 1863,1081 1784,1081 1779,1076 1602,1076 1597,1071 1597,1066 1593,1062 1593,1057 1588,1052 1588,1042 1583,1037 1583,1032 1435,1032 1430,1037 1430,1047 1420,1057 1302,1057 1300,1055 1300,1054 1298,1052 1298,1027 1007,1027 1005,1029 1005,1030 1003,1032 988,1032 983,1027 816,1027 816,1062 814,1064 813,1064 811,1066 762,1066 760,1064 759,1064 757,1062 757,1027 752,1022 653,1022 651,1020 651,1019 649,1017 649,1007"/><TextEquiv><Unicode/></TextEquiv><TextLine id="r3_l001"><Coords points="417,1029 3422,1048 3421,1245 416,1226"/><TextEquiv index="1"><Unicode>loin de Saint-Ange, se livra toute entire</Unicode></TextEquiv></TextLine><TextLine id="r3_l002"><Coords points="416,1257 3421,1276 3419,1476 414,1457"/><TextEquiv index="1"><Unicode>aux efusions des deux excellentes cratu-</Unicode></TextEquiv></TextLine><TextLine id="r3_l003"><Coords points="414,1489 3419,1508 3418,1711 413,1692"/><TextEquiv index="1"><Unicode>res qui la recevaient, et elle tcha de se</Unicode></TextEquiv></TextLine><TextLine id="r3_l004"><Coords points="413,1724 3418,1743 3416,1944 411,1925"/><TextEquiv index="1"><Unicode>rendre utile auprs d'elles par quelques pe-</Unicode></TextEquiv></TextLine><TextLine id="r3_l005"><Coords points="411,1945 3416,1964 3415,2174 410,2155"/><TextEquiv index="1"><Unicode>tits soins, quelques lgers travaux de son</Unicode></TextEquiv></TextLine><TextLine id="r3_l006"><Coords points="410,2182 3415,2201 3413,2424 408,2405"/><TextEquiv index="1"><Unicode>sexe. Vois donc, dit - elle  son amie,</Unicode></TextEquiv></TextLine><TextLine id="r3_l007"><Coords points="408,2412 3413,2431 3412,2636 407,2617"/><TextEquiv index="1"><Unicode>vois, Jeannette, ce que c'est que la bizar-</Unicode></TextEquiv></TextLine><TextLine id="r3_l008"><Coords points="405,2848 405,2848 406,2648 407,2647 417,2647 417,2648 417,2713 417,2713 604,2714 605,2713 720,2714 721,2714 721,2674 722,2673 726,2673 726,2673 726,2669 727,2668 737,2668 737,2669 737,2673 738,2673 742,2673 742,2674 742,2718 742,2718 894,2719 895,2719 895,2674 896,2673 900,2673 900,2673 900,2669 901,2668 911,2668 911,2669 911,2672 912,2672 926,2673 926,2673 926,2677 927,2678 931,2678 931,2678 931,2718 931,2719 1104,2720 1105,2719 1263,2720 1264,2719 1299,2719 1300,2719 1300,2704 1300,2703 1360,2703 1361,2703 1361,2684 1361,2683 1366,2683 1367,2683 1367,2679 1368,2678 1369,2678 1370,2677 1522,2678 1523,2677 1643,2678 1643,2679 1643,2723 1643,2723 1826,2724 1827,2723 1873,2724 1874,2723 1874,2719 1874,2719 1929,2719 1930,2719 1930,2674 1931,2673 1940,2673 1940,2674 1940,2677 1941,2677 2048,2678 2048,2678 2048,2682 2049,2683 2053,2683 2053,2683 2053,2692 2053,2693 2057,2693 2058,2693 2058,2722 2058,2723 2313,2725 2314,2724 2314,2683 2315,2683 2437,2683 2437,2683 2437,2679 2439,2677 2452,2678 2452,2678 2452,2682 2453,2683 2575,2683 2575,2684 2575,2688 2575,2688 2580,2688 2581,2689 2581,2728 2581,2728 2759,2730 2760,2729 2902,2730 2903,2729 2907,2729 2908,2728 2908,2714 2908,2714 2923,2714 2924,2714 2924,2728 2924,2729 3071,2730 3072,2729 3072,2688 3072,2688 3102,2688 3103,2688 3103,2732 3103,2733 3276,2734 3277,2733 3277,2729 3277,2729 3389,2730 3390,2729 3390,2669 3391,2669 3411,2669 3411,2669 3410,2866 3409,2867 3408,2867 3407,2866 3403,2866 3402,2865 3397,2865 3396,2864 3390,2864 3390,2863 3390,2802 3390,2802 3201,2800 3200,2801 3050,2800 3049,2801 2812,2800 2811,2801 2807,2801 2806,2800 2806,2797 2806,2797 2576,2795 2575,2796 2439,2795 2438,2796 2377,2796 2376,2796 2376,2793 2376,2792 2187,2791 2186,2791 2186,2841 2185,2842 2145,2842 2145,2841 2145,2832 2145,2832 2141,2832 2140,2831 2140,2792 2140,2792 1980,2790 1979,2791 1808,2790 1807,2791 1803,2791 1802,2792 1802,2796 1802,2796 1798,2796 1797,2796 1797,2793 1797,2792 1501,2790 1500,2791 1316,2790 1315,2791 1193,2790 1192,2791 1173,2791 1172,2791 1172,2786 1172,2785 1030,2784 1029,2785 969,2785 968,2785 968,2789 968,2790 967,2789 967,2786 967,2786 784,2785 783,2784 783,2781 783,2781 615,2780 614,2780 614,2784 614,2785 517,2784 516,2785 417,2784 417,2785 417,2848 416,2848"/><TextEquiv index="1"><Unicode>rerie du sort? Me voil prcisment chez</Unicode></TextEquiv></TextLine><TextLine id="r3_l009"><Coords points="3391,3103 3390,3102 3390,3073 3389,3072 3390,3037 3389,3037 3267,3036 3267,3035 3267,3032 3266,3032 3048,3030 3047,3031 2981,3031 2981,3032 2980,3077 2980,3077 2940,3077 2939,3076 2940,3027 2939,3027 2750,3026 2750,3026 2750,3030 2749,3031 2714,3030 2713,3031 2688,3031 2688,3031 2688,3028 2687,3027 2422,3025 2421,3026 2237,3025 2236,3026 2135,3026 2135,3026 2135,3056 2134,3057 2132,3056 2131,3057 2130,3057 2130,3057 2130,3026 2129,3025 2022,3025 2021,3026 1930,3025 1929,3026 1828,3025 1828,3025 1828,3022 1827,3021 1643,3020 1642,3021 1521,3020 1520,3021 1341,3020 1340,3021 1259,3021 1259,3021 1259,3061 1258,3062 1255,3062 1255,3062 1254,3066 1254,3067 1215,3066 1214,3067 1213,3067 1213,3064 1213,3063 1213,3017 1212,3016 1054,3015 1053,3016 885,3015 884,3016 865,3016 865,3016 865,3012 864,3011 685,3010 684,3011 604,3010 603,3011 417,3010 417,3011 417,3070 417,3070 404,3070 403,3070 405,2869 405,2868 416,2868 417,2869 417,2907 417,2908 417,2923 417,2923 547,2924 547,2925 547,2943 548,2943 654,2944 654,2943 655,2903 655,2903 659,2903 660,2902 660,2898 660,2898 674,2898 675,2898 675,2907 676,2908 675,2943 676,2944 793,2945 794,2944 798,2944 798,2943 798,2929 799,2929 905,2929 905,2929 906,2904 906,2903 909,2903 911,2902 911,2898 911,2897 930,2898 931,2898 931,2902 931,2903 987,2903 988,2903 988,2908 989,2909 988,2948 989,2949 1054,2949 1054,2950 1054,2953 1055,2953 1208,2954 1208,2954 1208,2950 1209,2949 1233,2950 1234,2949 1377,2950 1378,2949 1520,2949 1520,2949 1520,2939 1521,2938 1525,2939 1525,2938 1525,2934 1526,2934 1536,2934 1536,2934 1536,2943 1537,2944 1541,2944 1541,2944 1541,2953 1542,2954 1766,2955 1767,2954 1771,2954 1771,2954 1771,2930 1772,2929 1776,2929 1776,2929 1776,2914 1777,2913 1780,2913 1780,2913 1781,2909 1781,2908 1791,2908 1792,2909 1791,2913 1792,2914 1792,2933 1793,2933 1833,2934 1833,2934 1833,2938 1834,2939 1838,2939 1838,2939 1838,2953 1839,2954 1950,2954 1950,2954 1951,2909 1951,2908 1965,2908 1966,2909 1966,2913 1966,2913 1971,2913 1971,2914 1971,2953 1972,2953 2161,2955 2162,2954 2200,2954 2200,2953 2201,2913 2201,2913 2206,2913 2207,2912 2207,2908 2207,2908 2231,2908 2232,2909 2231,2915 2232,2916 2232,2954 2233,2954 2263,2954 2263,2955 2263,2959 2264,2959 2529,2961 2530,2960 2590,2960 2591,2959 2796,2961 2797,2960 2811,2960 2811,2960 2811,2963 2812,2964 3036,2965 3036,2965 3036,2925 3037,2924 3048,2924 3049,2923 3052,2924 3052,2924 3052,2933 3053,2934 3057,2934 3057,2934 3057,2953 3058,2954 3062,2954 3062,2954 3062,2964 3063,2965 3257,2966 3257,2965 3257,2919 3258,2919 3389,2920 3389,2919 3390,2864 3390,2864 3396,2864 3397,2865 3402,2865 3403,2866 3407,2866 3408,2867 3409,2867 3410,2867 3408,3102 3408,3103"/><TextEquiv index="1"><Unicode>toi telle que tu tais chez mon pre!</Unicode></TextEquiv></TextLine><TextLine id="r3_l010"><Coords points="3390,3330 3390,3329 3390,3273 3390,3273 3253,3272 3252,3271 3252,3268 3252,3268 3037,3266 3036,3267 2899,3267 2898,3266 2898,3263 2898,3263 2742,3261 2741,3262 2576,3261 2575,3262 2520,3262 2519,3262 2519,3259 2519,3258 2356,3257 2355,3256 2355,3236 2355,3236 2146,3235 2145,3236 2023,3235 2022,3235 2022,3250 2022,3251 2018,3251 2017,3251 2017,3256 2017,3257 1936,3256 1935,3257 1885,3257 1884,3257 1884,3291 1884,3292 1880,3292 1879,3292 1879,3297 1878,3298 1874,3298 1874,3298 1874,3302 1873,3303 1858,3303 1858,3303 1858,3307 1857,3308 1833,3308 1833,3307 1833,3304 1832,3304 1817,3303 1817,3303 1817,3299 1816,3298 1812,3298 1812,3298 1812,3258 1812,3257 1721,3257 1720,3256 1720,3252 1720,3252 1520,3250 1519,3251 1367,3250 1366,3251 1215,3250 1214,3251 1142,3251 1141,3251 1141,3248 1141,3247 909,3245 908,3246 768,3246 767,3245 767,3242 767,3242 603,3240 602,3241 417,3240 417,3241 417,3304 416,3304 402,3304 402,3304 403,3071 404,3070 417,3070 417,3071 417,3133 417,3133 562,3134 562,3134 562,3130 563,3129 603,3129 604,3128 609,3129 609,3129 609,3133 610,3134 619,3134 619,3134 619,3153 619,3154 623,3154 624,3154 624,3174 624,3175 679,3175 680,3175 680,3178 680,3179 908,3180 909,3179 1135,3181 1136,3180 1136,3170 1136,3170 1140,3170 1141,3170 1141,3165 1141,3164 1150,3164 1151,3165 1151,3170 1151,3170 1156,3170 1157,3171 1157,3184 1157,3184 1355,3185 1356,3185 1356,3171 1356,3170 1360,3170 1361,3170 1361,3165 1361,3164 1366,3164 1367,3163 1376,3164 1377,3164 1377,3183 1377,3184 1550,3185 1551,3184 1551,3139 1552,3139 1582,3139 1582,3139 1582,3183 1582,3184 1775,3185 1776,3186 1776,3189 1776,3189 1996,3191 1997,3190 1997,3149 1997,3149 2001,3149 2002,3148 2002,3144 2002,3144 2016,3144 2017,3144 2017,3153 2017,3154 2021,3154 2022,3154 2022,3209 2022,3210 2206,3211 2207,3210 2207,3205 2207,3205 2211,3205 2212,3206 2212,3211 2212,3211 2213,3211 2214,3212 2214,3215 2214,3215 2359,3216 2360,3215 2360,3144 2360,3144 2390,3144 2391,3145 2391,3148 2391,3148 2620,3150 2621,3149 2646,3149 2647,3149 2647,3153 2647,3154 2651,3154 2652,3154 2652,3193 2652,3194 2902,3196 2903,3195 2964,3195 2965,3194 2965,3149 2965,3149 2979,3149 2980,3150 2980,3153 2980,3153 3199,3154 3200,3153 3210,3154 3211,3154 3211,3199 3211,3200 3389,3201 3390,3200 3390,3143 3391,3143 3408,3143 3408,3143 3407,3329 3406,3330"/><TextEquiv index="1"><Unicode>Comme tout change! -- Mademoiselle</Unicode></TextEquiv></TextLine><TextLine id="r3_l011"><Coords points="401,3532 400,3532 402,3350 402,3349 416,3349 417,3350 417,3358 417,3358 608,3360 609,3359 618,3359 619,3359 619,3363 619,3364 623,3364 624,3364 624,3366 624,3367 624,3389 625,3390 792,3391 792,3390 793,3364 793,3364 859,3364 860,3365 860,3367 861,3368 860,3369 861,3369 865,3369 865,3370 865,3374 866,3374 870,3374 870,3375 870,3390 871,3390 875,3390 875,3391 875,3410 876,3410 885,3410 885,3411 885,3414 886,3414 1060,3415 1061,3414 1269,3416 1270,3415 1366,3415 1367,3414 1484,3415 1484,3415 1484,3401 1485,3400 1505,3400 1505,3401 1505,3414 1506,3414 1671,3415 1672,3414 1801,3415 1801,3415 1802,3370 1802,3369 1816,3369 1817,3370 1816,3371 1817,3372 1817,3421 1818,3421 1894,3422 1895,3421 1986,3422 1987,3421 2027,3421 2027,3420 2027,3385 2028,3385 2032,3385 2032,3384 2032,3380 2033,3380 2038,3380 2038,3379 2038,3374 2039,3374 2181,3375 2182,3374 2263,3374 2263,3375 2263,3380 2264,3380 2268,3380 2268,3381 2268,3420 2269,3420 2401,3421 2401,3421 2401,3406 2402,3405 2417,3405 2417,3406 2417,3421 2418,3421 2422,3421 2422,3422 2422,3425 2423,3425 2560,3426 2560,3426 2560,3381 2561,3380 2565,3380 2565,3380 2565,3375 2566,3374 2581,3374 2581,3375 2581,3379 2582,3379 2591,3379 2591,3380 2591,3384 2592,3385 2596,3385 2596,3385 2596,3425 2597,3426 2741,3426 2742,3425 2903,3427 2904,3426 3072,3427 3073,3426 3093,3426 3093,3426 3093,3430 3094,3431 3252,3432 3252,3431 3252,3390 3253,3390 3257,3390 3257,3389 3257,3385 3258,3385 3389,3386 3389,3385 3390,3330 3390,3330 3406,3330 3407,3330 3406,3492 3405,3493 3277,3492 3277,3492 3277,3496 3276,3497 3160,3496 3160,3497 3159,3543 3159,3543 3119,3543 3118,3542 3119,3498 3118,3498 2975,3497 2975,3497 2975,3495 2974,3494 2970,3494 2969,3493 2739,3491 2738,3492 2588,3491 2587,3492 2408,3491 2407,3492 2406,3492 2406,3492 2406,3489 2405,3488 2130,3486 2129,3487 1961,3486 1960,3487 1951,3487 1951,3487 1951,3484 1950,3483 1730,3482 1730,3482 1730,3486 1729,3487 1701,3487 1701,3487 1700,3527 1700,3528 1671,3527 1670,3528 1654,3528 1653,3528 1654,3483 1653,3482 1510,3481 1509,3482 1500,3482 1500,3483 1500,3487 1499,3487 1490,3487 1490,3487 1490,3484 1489,3483 1167,3481 1166,3482 1060,3481 1059,3482 1018,3482 1018,3482 1018,3479 1017,3478 675,3476 674,3477 602,3476 601,3477 417,3476 417,3477 417,3532 417,3532"/><TextEquiv index="1"><Unicode>dit l un mot qui m'affecte beaucoup!</Unicode></TextEquiv></TextLine><TextLine id="r3_l012"><Coords points="3390,3797 3390,3796 3390,3729 3390,3729 3242,3728 3241,3728 3241,3732 3241,3733 3237,3733 3236,3732 3236,3729 3236,3729 3155,3728 3154,3729 3154,3743 3154,3743 3150,3743 3149,3743 3149,3729 3149,3728 3022,3727 3021,3728 2955,3728 2954,3727 2954,3724 2954,3724 2740,3722 2739,3723 2588,3722 2587,3723 2418,3722 2417,3723 2269,3722 2268,3723 2268,3769 2267,3769 2232,3769 2232,3769 2232,3765 2231,3764 2227,3764 2227,3764 2227,3724 2227,3723 2136,3723 2135,3722 2135,3719 2135,3719 1976,3717 1975,3718 1803,3717 1802,3718 1671,3717 1670,3718 1572,3718 1571,3717 1571,3713 1571,3713 1365,3711 1364,3712 1178,3711 1177,3712 1045,3711 1044,3712 1044,3753 1043,3753 1039,3753 1039,3754 1039,3759 1038,3759 998,3759 998,3759 998,3709 998,3708 825,3707 824,3707 824,3711 824,3712 820,3712 819,3711 819,3708 819,3708 538,3706 537,3707 417,3706 417,3707 417,3765 416,3765 399,3765 399,3765 400,3533 401,3532 417,3532 417,3533 417,3594 417,3594 573,3595 573,3595 573,3591 574,3590 598,3590 598,3591 598,3594 599,3594 609,3595 609,3595 609,3619 609,3620 705,3620 706,3621 706,3625 706,3625 710,3625 711,3626 711,3640 711,3640 1017,3642 1018,3641 1022,3641 1023,3642 1023,3645 1023,3645 1248,3647 1249,3646 1417,3647 1418,3646 1494,3646 1495,3646 1495,3601 1495,3600 1499,3600 1500,3600 1500,3596 1501,3595 1518,3595 1519,3594 1520,3594 1520,3595 1520,3599 1520,3599 1524,3600 1525,3600 1525,3604 1525,3605 1529,3605 1530,3605 1530,3640 1530,3641 1667,3641 1669,3643 1669,3645 1669,3645 1842,3647 1843,3646 1843,3600 1844,3600 1858,3600 1858,3600 1858,3645 1858,3646 2006,3647 2007,3646 2007,3600 2008,3600 2027,3600 2027,3600 2027,3604 2027,3605 2078,3605 2079,3606 2079,3610 2079,3610 2083,3610 2084,3611 2084,3650 2084,3650 2277,3651 2278,3652 2278,3655 2278,3655 2434,3656 2435,3655 2472,3656 2473,3655 2473,3641 2473,3641 2477,3641 2478,3640 2478,3636 2478,3636 2492,3636 2493,3636 2493,3649 2493,3650 2595,3651 2596,3651 2596,3655 2596,3656 2743,3656 2744,3656 2897,3657 2898,3656 2953,3656 2954,3655 2954,3641 2954,3641 3020,3641 3021,3642 3021,3655 3021,3655 3097,3656 3098,3656 3098,3659 3098,3660 3230,3661 3231,3660 3231,3620 3231,3620 3235,3620 3236,3619 3236,3615 3236,3615 3389,3616 3390,3615 3391,3616 3399,3616 3400,3617 3404,3617 3405,3617 3404,3796 3403,3797"/><TextEquiv index="1"><Unicode>Est-ce que mademoiselle peut se mettre </Unicode></TextEquiv></TextLine><TextLine id="r3_l013"><Coords points="398,4003 397,4003 399,3766 399,3765 416,3765 417,3766 417,3819 417,3819 526,3820 527,3820 527,3823 528,3825 542,3825 542,3826 542,3865 543,3865 609,3866 609,3866 609,3870 610,3871 808,3872 808,3871 808,3830 809,3830 813,3830 813,3829 814,3825 814,3825 824,3825 825,3825 824,3829 825,3830 829,3830 829,3830 829,3870 830,3871 962,3872 963,3871 972,3871 972,3871 972,3875 973,3876 1049,3876 1049,3877 1049,3881 1050,3881 1167,3882 1167,3882 1167,3877 1168,3876 1203,3876 1203,3876 1203,3872 1204,3871 1208,3871 1208,3872 1208,3875 1209,3875 1310,3876 1310,3876 1310,3842 1311,3841 1315,3841 1315,3841 1315,3836 1316,3835 1320,3835 1320,3835 1320,3831 1321,3830 1331,3830 1331,3831 1331,3835 1332,3835 1336,3835 1336,3836 1336,3841 1337,3841 1341,3841 1341,3842 1341,3875 1342,3875 1536,3877 1537,3876 1546,3876 1546,3876 1546,3881 1547,3882 1669,3882 1670,3881 1776,3882 1776,3882 1776,3877 1777,3876 1833,3877 1833,3876 1833,3835 1834,3835 1848,3835 1848,3835 1848,3840 1849,3841 1853,3841 1853,3841 1853,3865 1854,3866 1894,3866 1894,3866 1894,3875 1895,3876 1899,3876 1899,3876 1899,3881 1900,3882 1915,3882 1915,3883 1915,3917 1915,3917 1970,3917 1971,3918 1971,3921 1971,3921 2083,3922 2084,3922 2084,3903 2085,3902 2089,3902 2089,3902 2089,3893 2090,3892 2099,3892 2099,3892 2099,3888 2100,3887 2109,3887 2109,3887 2109,3883 2110,3882 2150,3883 2150,3882 2150,3841 2151,3841 2155,3841 2155,3840 2155,3835 2156,3835 2181,3835 2181,3835 2181,3885 2182,3886 2468,3888 2468,3887 2468,3846 2469,3846 2473,3846 2473,3845 2473,3841 2474,3841 2586,3841 2587,3840 2611,3841 2611,3841 2611,3845 2612,3846 2616,3846 2616,3846 2616,3850 2616,3851 2612,3851 2611,3851 2611,3855 2611,3856 2597,3856 2596,3856 2596,3927 2596,3928 2764,3929 2765,3928 2765,3912 2765,3912 2769,3912 2770,3911 2770,3902 2771,3902 2775,3902 2775,3901 2775,3897 2776,3897 2780,3897 2780,3896 2780,3892 2781,3892 2796,3892 2796,3891 2796,3841 2797,3841 2862,3841 2862,3842 2862,3845 2863,3845 2980,3846 2980,3847 2980,3891 2981,3891 3197,3892 3198,3891 3211,3892 3211,3892 3211,3896 3212,3897 3216,3897 3216,3897 3216,3916 3216,3917 3389,3918 3390,3917 3390,3841 3391,3841 3403,3841 3403,3841 3402,4018 3402,4019 3391,4019 3390,4018 3390,3989 3389,3988 3390,3929 3389,3929 3277,3928 3277,3928 3277,3932 3276,3933 3272,3933 3272,3933 3272,3937 3271,3938 3257,3938 3257,3938 3257,3942 3256,3943 3226,3943 3226,3943 3226,3957 3225,3958 3197,3957 3196,3958 3031,3957 3030,3958 3006,3958 3006,3958 3006,3954 3005,3953 2893,3952 2893,3953 2893,3957 2891,3958 2826,3958 2826,3958 2826,3954 2825,3953 2775,3953 2775,3952 2775,3948 2774,3948 2662,3947 2661,3948 2657,3948 2657,3948 2657,3952 2656,3953 2652,3953 2652,3953 2652,3957 2651,3958 2642,3958 2642,3957 2642,3954 2641,3954 2468,3953 2468,3952 2468,3951 2467,3951 2463,3951 2463,3950 2463,3949 2462,3949 2281,3947 2280,3948 2278,3948 2278,3949 2278,3953 2277,3953 2125,3952 2124,3953 2104,3953 2104,3953 2104,3949 2103,3948 1986,3948 1986,3948 1986,3957 1985,3958 1981,3958 1981,3958 1981,3968 1980,3969 1976,3968 1976,3969 1976,3978 1974,3979 1972,3979 1972,3980 1971,3984 1971,3984 1967,3984 1966,3985 1966,3989 1966,3989 1962,3989 1959,3992 1959,3994 1959,3994 1957,3994 1956,3994 1956,3984 1955,3983 1956,3949 1955,3948 1812,3947 1811,3948 1701,3948 1701,3948 1700,3993 1700,3994 1670,3993 1669,3994 1660,3994 1659,3994 1660,3949 1659,3948 1525,3948 1525,3947 1525,3944 1524,3944 1310,3942 1309,3943 1219,3943 1219,3943 1218,3988 1218,3989 1211,3988 1210,3989 1204,3989 1203,3990 1203,3994 1203,3994 1193,3994 1192,3994 1192,3990 1192,3989 1178,3989 1177,3989 1178,3944 1177,3943 1167,3943 1167,3943 1167,3939 1166,3938 1049,3937 1048,3938 1039,3938 1039,3939 1039,3940 1038,3940 1034,3940 1034,3941 1034,3943 1033,3943 906,3942 905,3943 900,3943 900,3943 900,3939 899,3938 758,3938 758,3938 757,3983 757,3984 753,3983 752,3984 752,3989 752,3989 748,3989 747,3989 747,3985 747,3984 717,3984 716,3984 717,3978 716,3977 716,3939 715,3938 588,3937 587,3938 417,3937 417,3938 417,4003 417,4003"/><TextEquiv index="1"><Unicode>la place qu'occupait, chez M. d'Eran-</Unicode></TextEquiv></TextLine><TextLine id="r3_l014"><Coords points="398,4035 3403,4054 3401,4260 396,4241"/><TextEquiv index="1"><Unicode>ville, une pauvre orpheline leve par</Unicode></TextEquiv></TextLine><TextLine id="r3_l015"><Coords points="396,4266 3401,4285 3400,4494 395,4475"/><TextEquiv index="1"><Unicode>charit? Mon amie doit se croire autant</Unicode></TextEquiv></TextLine><TextLine id="r3_l016"><Coords points="3390,4727 3390,4726 3390,4661 3390,4661 3186,4659 3185,4660 3042,4659 3041,4660 2899,4660 2898,4659 2898,4656 2898,4656 2658,4654 2657,4655 2582,4654 2581,4655 2392,4654 2391,4655 2279,4654 2278,4654 2278,4651 2278,4650 2121,4649 2120,4650 2044,4650 2043,4649 2043,4646 2043,4646 1958,4645 1849,4645 1848,4645 1848,4649 1848,4650 1772,4649 1771,4650 1762,4650 1761,4650 1761,4647 1761,4646 1514,4644 1513,4645 1460,4645 1459,4645 1459,4642 1459,4641 1209,4639 1208,4640 1056,4639 1055,4640 903,4639 902,4640 722,4639 721,4640 574,4639 573,4640 573,4653 573,4653 572,4653 571,4652 568,4652 567,4651 394,4650 393,4650 394,4510 395,4509 417,4509 417,4510 417,4572 417,4572 597,4573 598,4572 823,4574 824,4573 905,4573 906,4572 1043,4573 1044,4573 1044,4533 1044,4532 1048,4532 1049,4532 1049,4528 1049,4527 1055,4527 1056,4526 1161,4527 1162,4528 1162,4572 1162,4572 1360,4573 1361,4572 1529,4574 1530,4573 1530,4558 1530,4558 1535,4558 1536,4557 1536,4547 1536,4547 1540,4547 1541,4546 1541,4537 1541,4537 1545,4537 1546,4536 1546,4532 1546,4532 1550,4532 1551,4532 1551,4536 1551,4537 1555,4537 1556,4537 1556,4546 1556,4547 1560,4547 1561,4547 1561,4557 1561,4558 1601,4558 1602,4559 1602,4577 1602,4577 1775,4578 1776,4578 1776,4574 1776,4573 1791,4573 1792,4574 1792,4577 1792,4577 2042,4579 2043,4578 2043,4532 2043,4532 2067,4532 2068,4533 2068,4537 2068,4537 2072,4537 2073,4538 2073,4577 2073,4577 2282,4579 2283,4578 2298,4578 2299,4578 2299,4582 2299,4583 2451,4584 2452,4583 2508,4583 2509,4582 2509,4568 2509,4568 2580,4568 2581,4569 2581,4587 2581,4587 2743,4589 2744,4588 2902,4589 2903,4588 2969,4588 2970,4588 2970,4548 2970,4547 2974,4547 2975,4547 2975,4543 2975,4542 2989,4542 2990,4543 2990,4587 2990,4587 3051,4588 3052,4588 3052,4591 3052,4592 3215,4593 3216,4593 3215,4598 3216,4599 3220,4599 3221,4600 3221,4633 3222,4634 3389,4635 3389,4634 3390,4530 3390,4530 3398,4530 3399,4530 3398,4726 3397,4727"/><TextEquiv index="1"><Unicode>que moi la matresse dans cette maison.</Unicode></TextEquiv></TextLine><TextLine id="r3_l017"><Coords points="393,4754 392,4754 393,4651 394,4650 567,4651 568,4652 571,4652 572,4653 573,4653 573,4654 573,4670 573,4670 577,4670 578,4671 578,4674 578,4674 582,4674 583,4675 587,4675 588,4676 588,4686 587,4686 547,4686 547,4687 547,4691 546,4691 417,4690 417,4691 417,4738 417,4740 417,4741 417,4754 417,4754"/><TextEquiv index="1"><Unicode>L</Unicode></TextEquiv></TextLine><TextLine id="r3_l018"><Coords points="3391,4965 3390,4964 3390,4933 3390,4933 3253,4932 3252,4931 3252,4926 3252,4926 3247,4926 3246,4925 3247,4886 3246,4886 3036,4884 3035,4885 2878,4884 2877,4885 2796,4885 2796,4884 2796,4881 2795,4881 2606,4880 2606,4880 2606,4884 2605,4885 2463,4884 2462,4885 2350,4884 2350,4884 2350,4900 2349,4901 2346,4901 2345,4901 2345,4915 2345,4916 2341,4916 2340,4916 2340,4920 2340,4921 2336,4921 2335,4921 2335,4925 2335,4926 2315,4926 2314,4925 2314,4921 2314,4921 2310,4921 2309,4920 2310,4876 2309,4876 2124,4874 2123,4875 1981,4875 1981,4875 1981,4879 1980,4880 1976,4880 1976,4879 1976,4876 1975,4875 1818,4874 1817,4875 1746,4875 1746,4875 1746,4895 1745,4896 1741,4896 1741,4896 1740,4900 1740,4901 1736,4901 1735,4901 1735,4910 1735,4911 1731,4911 1730,4911 1730,4915 1730,4916 1716,4916 1715,4915 1716,4875 1715,4875 1582,4874 1581,4875 1510,4874 1509,4875 1392,4875 1392,4874 1392,4871 1391,4871 1260,4870 1207,4869 1206,4870 1055,4869 1054,4870 977,4870 977,4870 977,4874 976,4875 972,4875 972,4875 972,4890 971,4891 968,4891 968,4891 968,4895 967,4896 963,4896 962,4896 962,4905 962,4906 958,4906 957,4906 957,4910 957,4911 948,4911 947,4910 948,4871 947,4871 749,4869 748,4870 716,4870 716,4870 716,4866 715,4865 706,4865 706,4865 706,4861 705,4860 701,4860 701,4860 701,4856 700,4855 696,4855 696,4855 696,4851 695,4850 690,4850 690,4850 690,4846 689,4845 516,4844 516,4844 516,4849 515,4850 417,4849 417,4850 417,4915 417,4915 392,4915 391,4915 392,4755 393,4754 417,4754 417,4755 417,4818 417,4818 515,4819 516,4819 516,4822 516,4823 684,4824 685,4824 685,4784 686,4783 690,4783 690,4783 690,4779 691,4778 696,4778 696,4778 696,4774 697,4773 701,4773 701,4773 701,4769 702,4768 706,4768 706,4768 706,4764 707,4763 721,4763 721,4763 721,4758 722,4757 742,4757 742,4757 742,4753 743,4752 749,4752 750,4751 752,4751 752,4752 752,4756 753,4756 757,4757 757,4757 757,4762 758,4763 900,4763 900,4763 900,4758 901,4757 902,4757 903,4756 906,4756 906,4756 906,4752 907,4752 916,4752 916,4752 916,4802 917,4803 1070,4804 1071,4803 1207,4803 1208,4802 1402,4804 1403,4803 1513,4803 1514,4802 1602,4803 1602,4803 1602,4764 1603,4763 1605,4763 1605,4763 1605,4758 1606,4757 1618,4757 1618,4758 1618,4763 1619,4763 1623,4763 1623,4764 1623,4803 1624,4803 1720,4804 1721,4803 1735,4803 1735,4803 1735,4807 1736,4808 1971,4809 1972,4808 1986,4809 1986,4808 1986,4803 1987,4803 2043,4803 2043,4802 2043,4763 2044,4763 2056,4763 2057,4762 2242,4763 2242,4764 2242,4768 2243,4768 2248,4768 2248,4769 2248,4813 2249,4813 2458,4815 2459,4814 2463,4814 2463,4813 2463,4809 2464,4809 2488,4809 2488,4809 2488,4812 2489,4813 2734,4814 2734,4815 2734,4818 2735,4818 2888,4819 2889,4818 2954,4819 2954,4818 2954,4814 2955,4814 3011,4814 3011,4814 3011,4799 3012,4798 3016,4798 3016,4798 3016,4789 3017,4788 3021,4788 3021,4788 3021,4779 3022,4778 3026,4778 3026,4778 3026,4774 3027,4773 3031,4773 3031,4774 3031,4778 3032,4778 3036,4778 3036,4779 3036,4787 3037,4787 3041,4787 3041,4788 3041,4797 3042,4797 3047,4798 3047,4798 3047,4800 3048,4801 3077,4801 3077,4801 3077,4802 3078,4803 3082,4803 3082,4803 3082,4817 3083,4818 3216,4819 3216,4819 3216,4823 3217,4824 3218,4824 3218,4824 3218,4825 3219,4826 3219,4828 3219,4829 3225,4829 3226,4829 3226,4838 3226,4839 3230,4839 3231,4839 3231,4859 3231,4860 3389,4861 3390,4860 3390,4759 3391,4759 3397,4759 3397,4759 3396,4964 3396,4965"/><TextEquiv index="1"><Unicode>-- Oui, mon amie; mais il y a un matre,</Unicode></TextEquiv></TextLine><TextLine id="r3_l019"><Coords points="3390,5203 3390,5202 3390,5163 3389,5163 3246,5162 3246,5161 3246,5122 3246,5122 3040,5120 3039,5121 2966,5121 2965,5121 2965,5166 2964,5167 2924,5167 2924,5166 2924,5122 2924,5122 2751,5121 2750,5121 2750,5161 2749,5162 2734,5161 2734,5162 2734,5167 2733,5167 2703,5167 2703,5167 2703,5122 2703,5121 2592,5121 2591,5120 2591,5117 2591,5117 2418,5115 2417,5116 2417,5126 2417,5126 2412,5126 2411,5127 2411,5136 2410,5136 2406,5136 2406,5137 2406,5147 2405,5147 2401,5147 2401,5148 2401,5152 2400,5152 2396,5152 2396,5153 2396,5157 2395,5157 2391,5157 2391,5158 2391,5162 2390,5162 2386,5162 2386,5162 2386,5158 2385,5157 2381,5157 2381,5157 2381,5118 2381,5117 2208,5116 2207,5116 2207,5113 2207,5112 1967,5110 1966,5111 1788,5110 1787,5111 1777,5111 1776,5111 1776,5107 1776,5106 1603,5105 1602,5106 1588,5106 1587,5106 1587,5110 1587,5111 1434,5110 1433,5110 1433,5156 1432,5157 1397,5157 1397,5156 1397,5107 1397,5107 1204,5105 1203,5106 1054,5105 1053,5106 866,5105 865,5106 865,5121 865,5121 861,5121 860,5122 860,5131 859,5131 854,5131 854,5132 854,5136 853,5136 849,5136 849,5137 849,5142 848,5142 845,5142 845,5143 845,5147 844,5147 829,5147 829,5147 829,5103 829,5102 620,5101 619,5101 619,5105 619,5106 596,5105 595,5106 569,5106 568,5107 568,5115 568,5115 391,5114 390,5114 391,4970 392,4969 417,4969 417,4970 417,5033 417,5033 595,5034 596,5033 720,5034 721,5035 721,5038 721,5038 843,5039 844,5039 844,4994 844,4993 848,4993 849,4993 849,4989 849,4988 859,4988 860,4989 860,4993 860,4993 864,4993 865,4994 865,5038 865,5038 1053,5039 1054,5038 1130,5039 1131,5038 1131,5003 1131,5003 1135,5003 1136,5003 1136,4999 1136,4998 1140,4998 1141,4998 1141,4994 1141,4993 1263,4994 1264,4993 1268,4993 1269,4992 1269,4988 1269,4988 1273,4988 1274,4988 1274,4992 1274,4993 1279,4993 1280,4993 1280,5038 1280,5039 1391,5040 1392,5039 1511,5039 1512,5038 1581,5039 1582,5038 1582,5034 1582,5034 1596,5034 1597,5035 1597,5038 1597,5038 1817,5039 1818,5038 2037,5040 2038,5039 2042,5039 2043,5039 2043,5042 2043,5043 2298,5045 2299,5044 2323,5044 2324,5044 2323,5053 2324,5054 2324,5084 2325,5085 2514,5086 2514,5086 2514,5071 2515,5070 2519,5070 2519,5070 2519,5061 2520,5060 2523,5060 2523,5060 2523,5055 2524,5054 2528,5054 2529,5054 2529,5050 2529,5049 2539,5049 2540,5049 2540,5045 2540,5044 2585,5044 2586,5044 2590,5044 2591,5043 2591,5034 2591,5034 2595,5034 2596,5033 2596,5029 2596,5029 2600,5029 2601,5029 2601,5033 2601,5034 2605,5034 2606,5034 2606,5048 2606,5049 2764,5050 2765,5049 2851,5049 2852,5049 2852,5004 2852,5003 2866,5003 2867,5004 2867,5008 2867,5008 2871,5008 2872,5009 2872,5053 2872,5053 3051,5055 3052,5054 3174,5054 3175,5054 3175,5040 3175,5039 3179,5039 3180,5039 3180,5035 3180,5034 3184,5034 3185,5035 3185,5039 3185,5039 3189,5039 3190,5040 3190,5053 3190,5053 3204,5054 3205,5054 3204,5057 3205,5058 3205,5059 3206,5060 3211,5060 3211,5060 3211,5094 3212,5095 3389,5096 3389,5095 3390,5018 3390,5018 3391,5018 3391,5019 3392,5020 3392,5021 3393,5022 3393,5023 3394,5024 3394,5026 3395,5027 3395,5028 3396,5029 3395,5202 3394,5203"/><TextEquiv index="1"><Unicode>ue je n'ai pas encore vu, et qui peut,</Unicode></TextEquiv></TextLine><TextLine id="r3_l020"><Coords points="391,5115 589,5116 588,5213 390,5212"/><TextEquiv index="1"><Unicode></Unicode></TextEquiv></TextLine><TextLine id="r3_l021"><Coords points="3391,5423 3390,5422 3390,5404 3390,5404 2551,5398 2550,5398 2550,5394 2550,5393 2541,5393 2540,5393 2540,5390 2540,5389 503,5376 417,5375 417,5376 417,5403 417,5403 389,5403 388,5403 389,5212 390,5211 417,5211 417,5212 417,5218 417,5218 1085,5223 1085,5223 1085,5250 1086,5251 2714,5261 2714,5261 2714,5260 2715,5259 2719,5259 2719,5259 2719,5240 2720,5239 2733,5239 2734,5238 3036,5240 3037,5239 3038,5239 3039,5238 3390,5241 3390,5240 3390,5229 3391,5229 3394,5229 3394,5229 3393,5422 3393,5423"/><TextEquiv index="1"><Unicode>avec raison, trouver mes prtentions</Unicode></TextEquiv></TextLine><TextLine id="r3_l022"><Coords points="389,5426 3393,5445 3392,5657 387,5638"/><TextEquiv index="1"><Unicode>trs-ridicules. -- C'est  mademoiselle </Unicode></TextEquiv></TextLine><TextLine id="r3_l023"><Coords points="387,5668 3392,5687 3390,5897 386,5878"/><TextEquiv index="1"><Unicode>attendre qu'elle le connaisse avant de le</Unicode></TextEquiv></TextLine></TextRegion></Page></PcGts>