4266 7801
2072 808 2565 970 La
949 1021 3723 1206 juger! -- Mais à propos, Jeannette, tu
959 1257 3713 1440 ne m'as pas dit ce que c'est que ce bel en-
964 1490 3723 1672 fant que j'ai tant caressé chez toi ces
949 1711 3718 1905 jours-ci? Ce ne peut être ton fils; car il
964 1965 3722 2132 paraît avoir quatre ans, et tu n'es mariée
969 2191 3723 2373 que depuis près de deux? -- Cet enfant!...
969 2425 3723 2600 (Jeannette palit). C'est un... jeune orphe-
969 2664 3728 2840 lin que mon époux m'a recommandé
959 2884 3718 3069 avant son départ. Il y prend un vif inté-
959 3117 3713 3294 rêt. -- L'aimable enfant! je ne sais pour-
964 3351 3713 3534 quoi son aspect excite en moi un trou-
954 3577 3728 3759 ble!... Il me rappelle mon fils, qui se-
964 3819 2001 3991 rait de son âge!
1132 4031 3733 4220 Cécile soupira: Jeannette soupira aussi
974 4269 3733 4449 de son côté, mais par un motif bien dif-
969 4500 3743 4685 férent. Cécile pensait à son amant, Jean-
969 4733 3743 4915 nette était jalouse, et songeait au peu de
969 4973 3733 5152 délicatesse qu'elle supposait à son époux,
969 5202 3733 5384 qui avait introduit chez elle le fils de l'a-
959 5435 3733 5634 mour ou du libertinage.... Ces deux per-
974 5682 3723 5861 sonnes restèrent quelque tems rêveuses.
