4266 7811
297 1051 3466 1322 Madame Dricourt vint les distraire de
292 1236 3461 1547 leur mlancolie, et la srnit reparut sur
288 1491 1524 1730 tous les fronts.
692 1752 3451 2011 Un mois s'coula sans que Briceval
278 1960 3446 2225 repart. Jeannette en tait inquite
272 2150 3441 2454 l'excs, et Ccile redoutait l'arrive de
267 2422 3436 2691 cet tranger, dont elle apprhendait les
262 2613 3431 2922 froideurs et l'tonnement. Ccile tait
257 2881 3425 3144 plus tranquille en ne le voyant pas arri-
253 3111 3421 3373 ver; mais combien elle cotait de soins
247 3292 3416 3607 la dlicatesse de Jeannette! Avec quelle
242 3570 3411 3839 poine celle-ci la forait-elle d'accepter les
237 3809 3406 4074 objets mme de premire ncessit! Quels
232 4040 3401 4304 dtours il fallait qu'elle prt pour lui
227 4225 3395 4566 faire partager quelques vtemens de luxe,
222 4493 3391 4767 et quelques lgers bijoux dont Jeannette
218 4678 3386 4996 feignait de vouloir se dfaire, pour l'en-
211 4949 3381 5221 gager  les recevoir! C'tait une vritable
208 5188 3376 5458 tude pour Jeannette, et il lui fallait vrai-
202 5411 3370 5688 ment tout le courage, toute la constance de
198 5602 3365 5895 l'amiti pour chercher tous les jours de
