4266 7811
423 1088 3390 1312 et que les vertus, nous les pensons, nous
421 1324 3388 1550 les pratiquons ensemble. Mon amie,
420 1544 3387 1766 vous voudrez bien paratre  dner avec
418 1781 3385 1995 nous, et ne pas troubler, par l'ennui de
417 2010 3384 2229 votre absence, le plaisir qu'une famille
415 2244 3382 2462 qui vous aime va goter en revoyant
414 2484 1185 2681 son chef?
412 2681 3380 2929 Ccile sait que sa conduite ne serait
411 2933 3377 3150 pas honnte en effet, si elle se clait:
409 3178 3376 3394 elle pense que, tt ou tard, il faudra bien
407 3406 3374 3625 qu'elle voie ce M. de Briceval, et elle se
406 3643 3373 3858 rsout  n'en pas reculer le moment. Mon
405 3857 3372 4086 amie, dit-elle  Jeannette, je ferai tout
403 4094 3370 4308 ce que tu voudras; mais tu permettras
401 4308 3369 4545 ton tour que je reste chez moi jusqu'
400 4556 3367 4776 ce que tu aies prvenu ton mari sur mon
399 4787 3366 5008 indiscrtion de m'tre tablie chez lui:
397 5015 3364 5237 aprs quoi tu prendras la peine de venir
395 5248 3363 5481 me chercher; nous descendrons alors,
394 5476 3361 5705 et tu me prsenteras  cet homme que tout
392 5714 2452 5929 m'engage  estimer d'avance.
391 5946 3358 6165 Jeannette consent  cet arrangement:
