4266 7858
991 1116 3745 1315 elle descend donner des ordres pour qu'on
986 1365 3805 1544 prépare une petite fête à son époux. Un
986 1586 3760 1777 ropas superbe, des bouquets présentés par
997 1815 3765 2007 des groupes de jeunes pâtres, un feu d'ar-
996 2043 3765 2232 tifice même, ainsi que des danses et des
996 2274 3760 2459 illuminations, tout est ordonné; et la
997 2503 3765 2695 rue, le quartier, la ville même, instruits
1002 2735 3765 2926 du retour de M. de Briceval, se proposent
1007 2970 3765 3160 de contribuer à la fête que son épouse
1007 3201 3764 3381 veut lui donner. Jeannette est par-tout;
1795 3339 2066 3434 .
1012 3427 3764 3606 c'est elle qui place les gnirlandes de ſleurs
1012 3657 3770 3849 et les lampions dans son jardin; des
1012 3885 3770 4080 transparens, des chiffres et des légendes
1012 4115 3765 4303 sont par-tout; en un mot, M. de Brice-
1007 4346 3770 4535 val sera bien surpris quand il rentrera
1017 4572 3770 4762 chez lui. Oh, oui, il sera bien surpris!...
966 4808 3607 5000 mais de quelle manière? Poursuivons.
1176 5042 3781 5231 A trois heures après midi, on entend
956 5266 3776 5460 des cris de joie dans la rue de la Visita-
1017 5498 3786 5699 tion, qui est pleine de monde; le ſouet
1022 5737 3786 5929 d'un postillon annonce l'arrivée de la
1012 5962 3770 6157 chaise de poste. Elle entre dans la cour;
2092 906 2578 1064 (l.
