4266 7811
1612 870 2105 1032 i1
482 1080 3223 1260 les applaudissemens, les vivat partent de
482 1321 3224 1498 tous cts; et Briceval ne descend de voi-
487 1555 3228 1718 ture que pour tomber dans les bras de sa
483 1779 3275 1956 femme et de sa belle-mre. Le petit Au-
488 2000 3219 2177 guste, habill en amour, lui prsente un
487 2226 3209 2402 doubl cur enflamm, sur lequel on lit:
614 2581 3082 2747 L'Amour et l'Hymen les ont runis!
691 2909 3214 3081 Briceval est enchant de cette devise;
482 3139 3209 3335 et l'on voit que le dguisement d'Auguste
472 3366 3260 3551 lui fait natre plus d'une ide, lui rap-
482 3599 2323 3757 pelle plus d'un souvenir!...
630 3827 3209 4028 Enin Briceval est chez lui, ft, chan-
467 4057 3199 4247 t, embrass: il a fait un heureux voyage,
462 4281 3189 4471 il revoit ses Dieux pnates, il est au com-
462 4514 3194 4663 ble de l'ivresse. Madame Dricourt lui
462 4743 3189 4928 fait part du bonheur qu'a eu Jeannette de
462 4979 3194 5167 retrouver mademoiselle d'Eranville, qui a
462 5206 3194 5386 bien voulu se ixer chez lui. C'est bien, trs-
457 5430 3189 5615 bien, ma mre, rpond Briceval; mais
462 5662 3183 5853 o est-elle, cette femme intressante que
457 5888 3183 6088 je n'ai jamais vue, mais dont les parens
