4266 7567
2237 916 2705 1074 e
1148 1133 3794 1306 cela veut dire, court  Ccile, qui est pri-
1143 1360 3799 1527 ve de mouvement, et que Jeannette,
1138 1575 3799 1759 trop mue elle-mme, n'a pas la force de
1143 1808 3794 1976 soutenir. Cette pauvre Jeannette est prte
1143 2030 3799 2178 aussi  tomber en faiblesse, et tous les
1138 2252 3789 2399 assistans restent muets, dans l'attitude
1138 2473 3621 2636 de gens qui attendent une explication.
1217 2700 3784 2858 Cette scne muette se prolonge; et ma-
1128 2922 3784 3079 dame Dricourt, ne pouvant rappeler C-
1123 3143 3774 3301 cile  la raison, prend le parti de la faire
1117 3359 3763 3532 transporter dans son appartement, en la
1118 3582 3759 3715 recommandant aux soins de la bonne
1137 3807 3758 3970 hrse. Pour Jeannette, elle reste long-
1104 4035 3749 4203 tems interdite; elle n'ose d'abord interro-
1104 4257 3744 4439 ger son poux, mais elle rflchit; et,
1094 4488 3739 4656 ne ferme et entreprenante, elle prend
1089 4710 3735 4883 sur-le-champ un parti. Monsieur, dit-
1089 4942 3735 5109 elle tranquillement  son poux, que
1084 5158 3720 5331 cet vnement singulier, inattendu sans
1074 5380 3715 5558 doute, mais naturel, ne trouble point le
1068 5606 3699 5778 plaisir que nous prparait ce beau jour.
1069 5833 3700 5986 Venez vous mettre  table. -- Madame,
