4266 7801
923 2456 3887 2694 Dricevat, revenu de son premier éton-
927 2676 3892 2939 nement, regarde Jeannette: il ne peut
930 2918 3895 3158 concevoir que ce soit elle qui parle, et qui
934 3133 3899 3362 parle ainsi de son amie, à qui elle a tant
939 3385 3904 3632 d'obligations, de qui elle faisait les plus
943 3609 3909 3901 grands éloges. Ce ton froid et décidé lui
947 3850 3912 4090 en impose. Il s'adresse à madame Déri-
951 4069 3916 4323 court: Ma mère, qu'est devenue made-
955 4299 3920 4555 moiselle d'Eranville? -- Mon ami, elle
959 4535 3924 4786 est chez elle; on lui donne les soins
963 4761 3928 4986 qu'exige son évanouissement. -- Son éva-
965 4954 1147 5051 “
967 4954 3932 5245 nouissement: infortunée! ... Oncle cruel!
971 5183 3935 5473 elle n'était plus?.. 'u me l'avais persnadé!
975 5455 3940 5708 Jeannette est pâle: on voit qu'elle
979 5681 3944 5935 souffre; mais elle se contient, et se
983 5917 3948 6176 mettant à table, elle s'efforce de sou-
3538 6156 3952 6323 rire
2194 904 2682 1067 L
1336 1529 3500 1651 CHAPITRE XXXII.
1148 1900 3708 2052 Jeannette va bien changer de caractère.
