4266 7867
2585 6226 2767 6305 L
696 6279 885 6320 L
433 1092 3212 1283 rire  ses convives, en leur disant: Al-
429 1326 3206 1519 lons, messieurs, que cela ne nous em-
347 1570 3205 1735 pche pas de fter M. de Briceval: il va
419 1791 3201 1984 lui - mme prsider  cette table: oh,
419 2021 3196 2216 il estime trop sa femme et ses amis pour
414 2252 3196 2445 s'isoler de leur socit, le jour de son
409 2485 1562 2618 retour chez lui!
567 2714 3181 2915 Briceval fixe Jeannette, fait quelques
393 2953 3171 3147 pas vers la porte d'entre; puis, reve-
399 3181 3181 3373 nant, il s'assied prs de sa femme, et
393 3418 3160 3571 se contente de dire  madame Dri-
399 3648 3165 3837 court: Ma mre! qu'on ait bien soin
393 3880 3165 4074 d'elle? -- Ne t'inquite de rien, mon
383 4113 3155 4303 fils; dans un moment, je monterai moi-
388 4354 2269 4530 mme  son appartement.
541 4577 3151 4767 Le repas fut triste, comme on doit se
372 4805 3145 5004 l'imaginer: les trangers invits man-
379 5038 3141 5237 grent seuls, et se parlrent  l'oreille,
373 5265 3141 5453 ou fixrent les matres de la maison
368 5495 3136 5655 pendant tout le dner. Jeannette affecta
1280 5642 1475 5738 L
368 5731 3118 5920 de la tranquillit, de la gaiet mme;
363 5959 3130 6151 elle eut le plus grand soin du petit Au-
1567 881 2064 1050 (ia.
