4266 7737
2211 897 2700 1063 ne1.
1077 1104 3823 1300 guste, dont elle connaissait maintenant
1077 1339 3828 1532 les parens; puis elle eut la feamet de pr-
1082 1554 3833 1742 sider aux illuminations, mme au fou
1082 1793 3828 1986 d'artifice, auquel elle fora son poux
1077 2038 1713 2172 d'assister.
1243 2253 3818 2442 Qu'il tait afflig cet poux honnte
1087 2483 3818 2664 et dlicat!... Plus loin, nous le con-
1082 2711 2176 2861 natrons mieux.
1243 2938 3783 3124 Quand tout le monde fut retir, Jean
1077 3174 3818 3358 nette voulut monter chez son amie;
1082 3409 3822 3581 mais madame Dricourt s'v opposa. Pour-
1087 3619 3818 3828 quoi donc, ma mre? dit-elle tout haut
1082 3845 3828 4038 devant Briceval; mon mari et moi, nous
1087 4082 3828 4277 desirons y monter ensemble nous in-
1087 4310 3813 4491 former de sa sant. -- Ma fille, cela ne
1087 4538 3813 4741 se peut pas. J'ai voulu vous cacher cela
1087 4763 3874 4969 tant que cette cohue nous a gnes ici;
1087 4995 3813 5190 mais elle est partie. -- Comment, partie,
1087 5224 3818 5422 ma mre! qui, la cohue? -- Eh non,
1092 5453 3827 5676 mademoiselle d'Eranville! Revenue
1097 5680 3818 5886 elle, elle n'a fait que pleurer, gmir;
1091 5911 3813 6129 puis elle a envoy chercher une voiture;
