<PcGts xmlns="http://schema.primaresearch.org/PAGE/gts/pagecontent/2017-07-15" xmlns:xsi="http://www.w3.org/2001/XMLSchema-instance" xsi:schemaLocation="http://schema.primaresearch.org/PAGE/gts/pagecontent/2017-07-15 http://schema.primaresearch.org/PAGE/gts/pagecontent/2017-07-15/pagecontent.xsd"><Metadata><Creator/><Created>2020-09-24T08:45:10</Created><LastChange>1970-01-01T00:00:00</LastChange><Comments/></Metadata><Page imageFilename="0199.png" imageHeight="7867" imageWidth="4266"><ReadingOrder><OrderedGroup id="g1"><RegionRefIndexed index="0" regionRef="r3"/><RegionRefIndexed index="1" regionRef="r1"/><RegionRefIndexed index="2" regionRef="r2"/></OrderedGroup></ReadingOrder><TextRegion id="r1" type="paragraph" orientation="-0.875"><Coords points="1150,1096 1145,1101 1140,1101 1140,1111 1135,1116 993,1116 993,1140 988,1145 978,1145 973,1140 973,1135 968,1130 968,1121 963,1116 963,1106 958,1101 811,1101 811,1140 806,1145 619,1145 614,1140 614,1121 447,1121 447,1130 442,1135 403,1135 398,1140 383,1140 383,1160 373,1170 368,1170 368,1224 373,1224 383,1234 383,1248 393,1258 398,1258 403,1263 649,1263 651,1265 651,1266 653,1268 653,1312 678,1312 683,1317 830,1317 835,1312 835,1263 840,1258 880,1258 885,1263 1283,1263 1288,1268 1509,1268 1514,1263 1583,1263 1588,1268 1765,1268 1770,1273 1783,1273 1784,1274 1784,1275 1785,1276 1785,1277 1786,1278 1786,1279 1787,1280 1787,1281 1788,1282 1788,1283 1789,1284 1789,1285 1790,1286 1790,1288 1791,1289 1791,1290 1792,1291 1792,1292 1793,1293 1793,1294 1794,1295 1794,1296 1795,1297 1795,1298 1796,1299 1796,1300 1797,1301 1797,1302 1798,1303 1798,1304 1799,1305 1799,1306 1800,1307 1800,1308 1801,1309 1801,1310 1802,1311 1802,1312 1803,1313 1803,1314 1804,1315 1804,1316 1805,1317 1805,1318 1806,1319 1806,1321 1807,1322 1807,1323 1808,1324 1808,1325 1809,1326 1809,1327 1810,1328 1810,1329 1811,1330 1811,1331 1812,1332 1812,1333 1813,1334 1813,1335 1814,1336 1814,1337 1815,1338 1815,1339 1816,1340 1816,1341 1817,1342 1817,1343 1818,1344 1818,1345 1819,1346 1819,1347 1820,1348 1820,1349 1821,1350 1821,1352 1822,1353 1822,1354 1823,1355 1823,1356 1824,1357 1824,1358 1825,1359 1825,1360 1826,1361 1826,1362 1827,1363 1827,1364 1828,1365 1828,1366 1829,1367 1829,1368 1830,1369 1830,1370 1831,1371 1831,1372 1832,1373 1832,1374 1833,1375 1833,1376 1834,1377 1834,1378 1835,1379 1835,1380 1836,1381 1836,1383 1837,1384 1837,1385 1838,1386 1838,1387 1839,1388 1839,1389 1840,1390 1840,1391 1841,1392 1841,1393 1842,1394 1842,1395 1841,1396 1794,1396 1789,1391 1730,1391 1725,1386 1725,1347 1573,1347 1573,1361 1568,1366 1499,1366 1494,1371 1494,1381 1489,1386 1406,1386 1401,1381 1401,1347 1396,1342 1391,1342 1386,1337 1234,1337 1229,1342 1229,1371 1224,1376 1155,1376 1155,1381 1150,1386 1027,1386 1022,1381 1022,1361 978,1361 976,1359 975,1359 973,1357 973,1337 968,1332 826,1332 821,1337 683,1337 678,1342 678,1381 673,1386 644,1386 639,1381 639,1376 550,1376 545,1371 393,1371 388,1376 388,1381 373,1396 368,1396 368,1420 363,1425 363,1484 368,1489 373,1489 378,1494 442,1494 447,1499 447,1538 452,1538 457,1543 703,1543 708,1538 708,1504 710,1502 710,1501 712,1499 1076,1499 1081,1504 1720,1504 1725,1509 1725,1553 1787,1553 1788,1554 1788,1555 1786,1557 1786,1558 1784,1560 1784,1561 1782,1563 1782,1564 1780,1566 1780,1567 1779,1568 1779,1569 1777,1571 1777,1572 1775,1574 1775,1575 1773,1577 1773,1578 1771,1580 1771,1581 1770,1582 1770,1583 1768,1585 1768,1586 1766,1588 1766,1589 1764,1591 1764,1592 1762,1594 1762,1595 1761,1596 1761,1597 1759,1599 1759,1600 1757,1602 1757,1603 1755,1605 1755,1606 1754,1607 1754,1608 1752,1610 1752,1611 1750,1613 1750,1614 1748,1616 1748,1617 1746,1619 1746,1620 1744,1622 1489,1622 1484,1617 1391,1617 1386,1612 1386,1583 1381,1578 1381,1573 1219,1573 1219,1612 1214,1617 1150,1617 1145,1612 1145,1583 1140,1578 1135,1578 1130,1573 1086,1573 1081,1568 934,1568 929,1573 919,1573 919,1612 914,1617 894,1617 889,1612 889,1568 885,1568 880,1563 732,1563 727,1568 717,1568 717,1612 712,1617 703,1617 698,1612 698,1573 693,1568 580,1568 575,1563 408,1563 403,1568 393,1568 383,1578 383,1597 378,1602 378,1607 373,1612 363,1612 363,1661 358,1666 358,1725 462,1725 467,1730 683,1730 688,1725 693,1730 781,1730 786,1735 1037,1735 1042,1740 1519,1740 1524,1745 1755,1745 1760,1740 1774,1740 1779,1745 1820,1745 1828,1753 1828,1754 1843,1769 1843,1770 1857,1784 1857,1785 1872,1800 1872,1801 1884,1813 1883,1814 1843,1814 1838,1819 1838,1853 1833,1858 1809,1858 1804,1853 1804,1843 1799,1838 1652,1838 1647,1843 1647,1853 1642,1858 1597,1858 1595,1856 1595,1855 1593,1853 1332,1853 1327,1848 1047,1848 1042,1853 1022,1853 1017,1848 570,1848 565,1843 565,1804 560,1799 398,1799 393,1804 393,1843 388,1848 378,1848 373,1853 368,1853 358,1863 358,1868 356,1870 356,1871 354,1873 354,1947 358,1951 358,1956 368,1966 747,1966 752,1971 752,2011 757,2011 759,2013 760,2013 762,2015 929,2015 931,2013 932,2013 934,2011 934,1976 939,1971 1160,1971 1165,1976 1509,1976 1514,1981 1856,1981 1857,1982 1855,1984 1854,1984 1853,1985 1852,1985 1850,1987 1849,1987 1848,1988 1847,1988 1845,1990 1844,1990 1843,1991 1842,1991 1841,1992 1840,1992 1838,1994 1837,1994 1836,1995 1835,1995 1833,1997 1832,1997 1831,1998 1830,1998 1828,2000 1827,2000 1826,2001 1825,2001 1823,2003 1822,2003 1821,2004 1820,2004 1818,2006 1817,2006 1816,2007 1815,2007 1813,2009 1812,2009 1811,2010 1810,2010 1808,2012 1807,2012 1806,2013 1805,2013 1804,2014 1803,2014 1801,2016 1800,2016 1799,2017 1798,2017 1796,2019 1795,2019 1794,2020 1793,2020 1791,2022 1790,2022 1789,2023 1788,2023 1786,2025 1785,2025 1784,2026 1783,2026 1781,2028 1780,2028 1779,2029 1778,2029 1776,2031 1775,2031 1774,2032 1773,2032 1772,2033 1771,2033 1769,2035 1768,2035 1767,2036 1766,2036 1764,2038 1763,2038 1762,2039 1761,2039 1759,2041 1758,2041 1757,2042 1756,2042 1754,2044 1753,2044 1752,2045 1751,2045 1749,2047 1748,2047 1747,2048 1746,2048 1744,2050 1743,2050 1742,2051 1741,2051 1740,2052 1739,2052 1737,2054 1736,2054 1735,2055 1734,2055 1732,2057 1731,2057 1730,2058 1729,2058 1727,2060 1726,2060 1725,2061 1724,2061 1722,2063 1721,2063 1720,2064 1719,2064 1717,2066 1716,2066 1715,2065 1715,2040 1563,2040 1563,2079 1558,2084 1543,2084 1538,2079 1538,2055 1533,2050 1533,2049 1529,2045 1524,2045 1519,2040 1317,2040 1317,2074 1312,2079 1121,2079 1116,2074 973,2074 971,2072 970,2072 968,2070 968,2030 816,2030 811,2035 811,2055 806,2060 762,2060 762,2065 757,2070 649,2070 647,2072 646,2072 644,2074 594,2074 590,2070 590,2060 585,2055 432,2055 432,2065 427,2070 426,2070 422,2074 368,2074 361,2081 361,2082 354,2089 354,2099 349,2104 349,2158 354,2163 354,2173 358,2177 358,2178 363,2183 363,2188 432,2188 434,2190 435,2190 437,2192 531,2192 533,2194 533,2195 535,2197 535,2237 708,2237 708,2197 710,2195 710,2194 712,2192 953,2192 958,2197 958,2242 1145,2242 1145,2207 1150,2202 1293,2202 1298,2197 1307,2197 1312,2202 1312,2207 1573,2207 1578,2202 1602,2202 1607,2207 1745,2207 1747,2209 1748,2209 1750,2211 1751,2211 1753,2213 1754,2213 1756,2215 1757,2215 1759,2217 1760,2217 1762,2219 1763,2219 1765,2221 1766,2221 1768,2223 1769,2223 1771,2225 1772,2225 1773,2226 1774,2226 1776,2228 1777,2228 1779,2230 1780,2230 1782,2232 1783,2232 1785,2234 1786,2234 1788,2236 1789,2236 1791,2238 1792,2238 1794,2240 1795,2240 1797,2242 1798,2242 1800,2244 1801,2244 1803,2246 1804,2246 1806,2248 1807,2248 1809,2250 1810,2250 1812,2252 1813,2252 1815,2254 1816,2254 1818,2256 1819,2256 1821,2258 1822,2258 1824,2260 1825,2260 1826,2261 1827,2261 1829,2263 1830,2263 1832,2265 1833,2265 1835,2267 1836,2267 1838,2269 1839,2269 1840,2270 1839,2271 1833,2271 1833,2306 1829,2310 1789,2310 1784,2315 1666,2315 1661,2310 1376,2310 1374,2308 1373,2308 1371,2306 1361,2306 1359,2304 1359,2303 1357,2301 1357,2291 1224,2291 1219,2286 1219,2261 1214,2256 1007,2256 1005,2258 1005,2259 1003,2261 993,2261 973,2281 973,2296 968,2301 776,2301 771,2296 383,2296 378,2301 363,2301 358,2306 358,2330 356,2332 356,2333 354,2335 354,2340 349,2345 349,2404 354,2409 358,2409 363,2414 678,2414 683,2409 737,2409 742,2414 747,2414 752,2419 752,2424 1204,2424 1206,2426 1207,2426 1209,2428 1342,2428 1347,2433 1347,2473 1534,2473 1534,2438 1536,2436 1536,2435 1538,2433 1890,2433 1891,2434 1888,2437 1887,2437 1882,2442 1881,2442 1876,2447 1875,2447 1870,2452 1869,2452 1864,2457 1863,2457 1858,2462 1857,2462 1851,2468 1850,2468 1845,2473 1844,2473 1839,2478 1838,2478 1833,2483 1832,2483 1827,2488 1826,2488 1820,2494 1819,2494 1814,2499 1813,2499 1810,2502 1809,2502 1804,2497 1661,2497 1656,2502 1293,2502 1293,2556 1288,2561 1066,2561 1064,2563 1064,2564 1062,2566 1062,2571 1057,2576 963,2576 958,2571 958,2497 953,2492 806,2492 796,2502 796,2512 791,2517 649,2517 644,2522 644,2527 639,2532 555,2532 550,2527 550,2492 545,2487 545,2483 378,2483 378,2487 373,2492 363,2492 363,2502 358,2507 358,2508 354,2512 354,2527 349,2532 349,2581 344,2586 344,2645 413,2645 415,2647 415,2648 417,2650 806,2650 811,2655 811,2660 1121,2660 1121,2655 1123,2653 1123,2652 1125,2650 1125,2640 1130,2635 1273,2635 1278,2640 1278,2660 1282,2664 1283,2664 1288,2669 1450,2669 1455,2664 1666,2664 1671,2669 1717,2669 1718,2670 1718,2675 1719,2676 1719,2682 1720,2683 1720,2690 1721,2691 1721,2697 1722,2698 1722,2705 1723,2706 1723,2712 1724,2713 1724,2720 1725,2721 1725,2728 1726,2729 1726,2732 1725,2733 1470,2733 1460,2743 1460,2773 1455,2778 1332,2778 1327,2773 1327,2723 1175,2723 1175,2728 1170,2733 1170,2768 1165,2773 1047,2773 1042,2768 1042,2723 889,2723 889,2768 887,2770 887,2771 885,2773 835,2773 830,2768 830,2763 828,2761 828,2760 826,2758 826,2753 678,2753 673,2758 673,2763 668,2768 580,2768 575,2763 511,2763 506,2758 506,2719 501,2714 354,2714 349,2719 339,2719 339,2782 344,2782 349,2787 349,2812 344,2817 339,2817 339,2881 673,2881 678,2886 1027,2886 1032,2891 1032,2935 1155,2935 1160,2940 1307,2940 1322,2925 1322,2920 1327,2915 1327,2896 1332,2891 1509,2891 1514,2896 1725,2896 1727,2898 1728,2898 1730,2900 1730,2950 1745,2950 1746,2951 1746,2955 1747,2956 1747,2963 1746,2964 1612,2964 1607,2959 1411,2959 1406,2964 1401,2964 1396,2959 1007,2959 1007,3014 1009,3016 1010,3016 1012,3018 1017,3018 1022,3023 1017,3028 1003,3028 998,3023 845,3023 840,3018 840,3004 835,2999 698,2999 693,2994 693,2984 540,2984 540,2994 535,2999 526,2999 521,2994 378,2994 373,2999 339,2999 339,3112 344,3112 349,3117 496,3117 501,3112 599,3112 604,3117 875,3117 875,3112 880,3107 880,3097 885,3092 944,3092 946,3094 946,3095 948,3097 1003,3097 1005,3099 1005,3100 1007,3102 1007,3117 1091,3117 1096,3122 1288,3122 1293,3127 1524,3127 1529,3132 1527,3134 1526,3134 1524,3136 1524,3191 1529,3191 1531,3193 1532,3193 1534,3195 1529,3200 1524,3200 1519,3205 1519,3240 1514,3245 1509,3245 1504,3240 1504,3225 1499,3220 1455,3220 1450,3215 1450,3171 1307,3171 1307,3225 1342,3225 1347,3230 1347,3240 1342,3245 1273,3245 1268,3240 939,3240 934,3235 791,3235 786,3230 786,3215 781,3210 781,3205 767,3191 757,3191 752,3186 585,3186 580,3191 570,3191 565,3196 564,3196 560,3200 555,3200 550,3205 550,3210 545,3215 545,3220 540,3225 540,3250 538,3252 537,3252 535,3254 526,3254 524,3252 523,3252 521,3250 339,3250 339,3323 540,3323 545,3328 545,3333 550,3333 565,3348 570,3348 585,3363 585,3368 599,3382 609,3382 614,3387 781,3387 786,3382 796,3382 796,3358 801,3353 939,3353 944,3358 1401,3358 1406,3363 1647,3363 1652,3368 1652,3412 1803,3412 1804,3413 1804,3417 1805,3418 1805,3422 1806,3423 1806,3428 1807,3429 1807,3433 1808,3434 1808,3439 1809,3440 1809,3444 1810,3445 1810,3450 1811,3451 1811,3455 1812,3456 1812,3461 1813,3462 1813,3466 1814,3467 1814,3472 1815,3473 1815,3475 1814,3476 1686,3476 1681,3471 1681,3431 1578,3431 1576,3429 1575,3429 1573,3427 1430,3427 1428,3429 1427,3429 1425,3431 1416,3431 1414,3429 1413,3429 1411,3427 1243,3427 1243,3446 1241,3448 1241,3449 1239,3451 1096,3451 1091,3456 1091,3466 1086,3471 1081,3471 1076,3466 919,3466 914,3461 914,3446 870,3446 860,3436 860,3431 858,3429 857,3429 855,3427 840,3427 830,3417 663,3417 653,3427 653,3431 651,3433 651,3434 649,3436 649,3446 644,3451 644,3456 639,3461 619,3461 614,3456 614,3417 339,3417 339,3579 511,3579 516,3584 762,3584 767,3589 914,3589 919,3594 919,3628 1071,3628 1076,3623 1076,3618 1081,3613 1081,3604 1086,3599 1086,3594 1091,3589 1096,3589 1101,3594 1647,3594 1652,3599 1837,3599 1839,3601 1839,3605 1840,3606 1840,3611 1841,3612 1841,3616 1842,3617 1842,3621 1843,3622 1843,3626 1844,3627 1844,3632 1845,3633 1845,3637 1846,3638 1846,3642 1847,3643 1847,3647 1848,3648 1848,3653 1849,3654 1849,3658 1850,3659 1850,3663 1851,3664 1851,3668 1852,3669 1852,3674 1853,3675 1853,3679 1854,3680 1854,3684 1855,3685 1855,3689 1856,3690 1856,3695 1857,3696 1857,3700 1858,3701 1858,3705 1859,3706 1859,3710 1860,3711 1859,3712 1656,3712 1654,3710 1654,3709 1652,3707 1652,3667 1650,3665 1649,3665 1647,3663 1494,3663 1492,3665 1491,3665 1489,3667 1489,3702 1484,3707 1062,3707 1057,3702 816,3702 811,3697 653,3697 651,3695 651,3694 649,3692 649,3653 354,3653 349,3658 349,3687 344,3692 339,3692 339,3849 349,3859 349,3864 354,3869 516,3869 516,3820 521,3815 526,3815 531,3820 531,3849 533,3851 533,3852 535,3854 535,3859 540,3859 545,3864 722,3864 727,3859 732,3859 742,3849 742,3825 747,3820 889,3820 894,3825 894,3864 899,3869 1071,3869 1071,3830 1076,3825 1263,3825 1268,3830 1411,3830 1416,3825 1418,3827 1418,3828 1420,3830 1617,3830 1622,3835 1632,3835 1637,3840 1637,3879 1814,3879 1814,3840 1819,3835 1860,3835 1861,3836 1861,3839 1860,3840 1860,3844 1859,3845 1859,3849 1858,3850 1858,3853 1857,3854 1857,3858 1856,3859 1856,3862 1855,3863 1855,3867 1854,3868 1854,3872 1853,3873 1853,3876 1852,3877 1852,3881 1851,3882 1851,3885 1850,3886 1850,3890 1849,3891 1849,3895 1848,3896 1848,3899 1847,3900 1847,3904 1846,3905 1846,3908 1845,3909 1845,3913 1844,3914 1844,3918 1843,3919 1843,3922 1842,3923 1842,3927 1841,3928 1841,3932 1840,3933 1840,3936 1839,3937 1839,3941 1838,3942 1838,3945 1837,3946 1837,3947 1836,3948 1740,3948 1735,3943 1735,3903 1733,3901 1732,3901 1730,3899 1534,3899 1532,3901 1531,3901 1529,3903 1391,3903 1386,3908 1386,3938 1381,3943 1371,3943 1366,3938 1214,3938 1209,3933 1209,3894 1052,3894 1052,3938 1047,3943 1037,3933 875,3933 870,3928 870,3889 717,3889 717,3913 712,3918 570,3918 570,3923 565,3928 560,3928 555,3933 501,3933 496,3928 339,3928 339,4051 486,4051 491,4046 555,4046 560,4051 565,4051 570,4056 570,4095 747,4095 747,4056 752,4051 850,4051 855,4056 1111,4056 1116,4061 1568,4061 1573,4066 1696,4066 1701,4071 1848,4071 1851,4068 1852,4069 1852,4071 1853,4072 1853,4075 1854,4076 1854,4078 1855,4079 1855,4082 1856,4083 1856,4086 1857,4087 1857,4089 1858,4090 1858,4093 1859,4094 1859,4097 1860,4098 1860,4100 1861,4101 1861,4104 1862,4105 1862,4108 1863,4109 1863,4111 1864,4112 1864,4115 1865,4116 1865,4119 1866,4120 1866,4122 1867,4123 1867,4126 1868,4127 1868,4130 1869,4131 1869,4134 1870,4135 1870,4137 1871,4138 1871,4139 1870,4140 1829,4140 1827,4142 1826,4142 1824,4144 1824,4179 1819,4184 1804,4184 1794,4174 1661,4174 1656,4169 1656,4159 1494,4159 1494,4169 1489,4174 1283,4174 1278,4169 1278,4154 1121,4154 1121,4164 1116,4169 998,4169 988,4159 988,4149 983,4144 983,4130 978,4125 826,4125 826,4169 821,4174 816,4174 816,4194 811,4199 786,4199 781,4194 781,4164 771,4154 771,4144 614,4144 609,4149 609,4154 604,4159 339,4159 339,4277 417,4277 422,4282 678,4282 683,4287 683,4321 835,4321 837,4319 838,4319 840,4317 840,4312 845,4307 845,4302 850,4297 850,4292 855,4287 978,4287 983,4292 1357,4292 1359,4294 1359,4295 1361,4297 1632,4297 1637,4302 1893,4302 1894,4303 1894,4315 1895,4316 1895,4355 1896,4356 1896,4394 1897,4395 1897,4414 1896,4415 1878,4415 1873,4410 1873,4371 1868,4371 1863,4366 1720,4366 1715,4371 1701,4371 1701,4415 1696,4420 1691,4420 1681,4410 1524,4410 1519,4405 1460,4405 1455,4400 1455,4376 1450,4371 1450,4366 1263,4366 1258,4371 1248,4371 1248,4376 1246,4378 1245,4378 1243,4380 1243,4420 1241,4422 1241,4423 1239,4425 1170,4425 1165,4420 1066,4420 1064,4418 1064,4417 1062,4415 1062,4366 1057,4361 1052,4361 1047,4356 904,4356 899,4351 752,4351 747,4356 742,4356 742,4390 737,4395 560,4395 555,4390 555,4351 388,4351 388,4385 383,4390 339,4390 339,4562 476,4562 481,4557 481,4518 486,4513 521,4513 526,4518 885,4518 887,4520 887,4521 889,4523 1037,4523 1042,4518 1047,4518 1047,4503 1052,4498 1234,4498 1239,4503 1239,4518 1241,4520 1241,4521 1243,4523 1268,4523 1273,4528 1514,4528 1519,4533 1770,4533 1772,4535 1772,4536 1774,4538 1827,4538 1828,4539 1827,4540 1827,4541 1822,4546 1822,4547 1818,4551 1818,4552 1814,4556 1814,4557 1809,4562 1809,4563 1805,4567 1805,4568 1800,4573 1800,4574 1796,4578 1796,4579 1792,4583 1792,4584 1787,4589 1787,4590 1783,4594 1783,4595 1778,4600 1778,4601 1774,4605 1774,4606 1773,4607 1676,4607 1676,4646 1671,4651 1661,4651 1656,4646 1656,4607 1593,4607 1588,4602 1435,4602 1430,4607 1430,4641 1425,4646 1420,4641 1342,4641 1337,4636 1337,4631 1332,4626 1293,4626 1288,4621 1288,4602 1283,4597 1135,4597 1130,4602 1130,4631 1125,4636 1052,4636 1047,4631 1047,4592 894,4592 894,4631 889,4636 865,4636 860,4631 860,4592 708,4592 708,4607 703,4612 703,4631 698,4636 590,4636 585,4631 585,4587 363,4587 358,4592 358,4621 356,4623 356,4624 354,4626 339,4626 339,4749 417,4749 422,4754 585,4754 590,4759 590,4789 604,4803 781,4803 786,4798 791,4798 798,4791 799,4791 806,4784 806,4774 816,4764 939,4764 944,4759 1091,4759 1096,4764 1268,4764 1273,4769 1273,4808 1420,4808 1430,4798 1430,4793 1432,4791 1433,4791 1435,4789 1435,4774 1440,4769 1563,4769 1568,4774 1715,4774 1720,4769 1725,4769 1730,4774 1807,4774 1810,4777 1811,4777 1819,4785 1820,4785 1828,4793 1829,4793 1837,4801 1838,4801 1846,4809 1847,4809 1855,4817 1856,4817 1864,4825 1865,4825 1873,4833 1874,4833 1882,4841 1883,4841 1891,4849 1892,4849 1899,4856 1898,4857 1873,4857 1873,4862 1868,4867 1868,4872 1863,4877 1863,4882 1858,4887 1740,4887 1735,4882 1622,4882 1617,4877 1617,4867 1465,4867 1455,4877 1406,4877 1401,4882 1337,4882 1332,4877 1332,4848 1327,4843 1175,4843 1175,4867 1165,4877 1022,4877 1017,4872 929,4872 924,4867 698,4867 693,4862 693,4828 604,4828 599,4823 599,4818 339,4818 339,4975 693,4975 698,4980 806,4980 811,4985 953,4985 958,4980 963,4985 1194,4985 1199,4990 1435,4990 1440,4995 1440,5000 1632,5000 1637,5005 1853,5005 1858,5010 1858,5049 1934,5049 1935,5050 1935,5051 1934,5052 1934,5053 1933,5054 1933,5055 1932,5056 1932,5058 1931,5059 1931,5060 1930,5061 1930,5062 1929,5063 1929,5064 1928,5065 1928,5066 1927,5067 1927,5069 1926,5070 1926,5071 1925,5072 1925,5073 1924,5074 1924,5075 1923,5076 1923,5077 1922,5078 1922,5080 1921,5081 1921,5082 1919,5084 1838,5084 1833,5079 1691,5079 1686,5084 1593,5084 1588,5079 1440,5079 1435,5084 1435,5103 1430,5108 1357,5108 1352,5103 1352,5069 1347,5064 1165,5064 1165,5093 1160,5098 1160,5103 1155,5108 1150,5103 1150,5093 1145,5088 1027,5088 1025,5086 1024,5086 1022,5084 1022,5064 865,5064 865,5093 860,5098 801,5098 796,5103 737,5103 732,5098 732,5064 727,5059 580,5059 575,5064 575,5088 570,5093 565,5093 560,5088 560,5054 496,5054 491,5049 476,5049 474,5047 474,5046 472,5044 339,5044 339,5206 545,5206 550,5211 653,5211 658,5216 658,5256 663,5261 821,5261 826,5256 835,5256 835,5216 840,5211 963,5211 968,5216 1121,5216 1123,5214 1123,5213 1125,5211 1130,5211 1135,5216 1140,5216 1145,5221 1450,5221 1455,5226 1661,5226 1666,5231 1774,5231 1779,5236 1779,5270 1784,5275 1886,5275 1887,5276 1887,5289 1888,5290 1888,5305 1889,5306 1889,5321 1890,5322 1890,5337 1891,5338 1891,5353 1892,5354 1892,5369 1893,5370 1893,5373 1892,5374 1838,5374 1833,5369 1833,5359 1819,5359 1814,5354 1774,5354 1772,5352 1772,5351 1770,5349 1479,5349 1477,5347 1477,5346 1475,5344 1263,5344 1258,5339 894,5339 889,5334 708,5334 703,5329 668,5329 663,5324 663,5295 658,5290 511,5290 506,5295 506,5315 501,5320 339,5320 339,5433 354,5433 356,5435 356,5436 358,5438 644,5438 646,5440 647,5440 649,5442 708,5442 710,5444 710,5445 712,5447 939,5447 944,5452 1283,5452 1288,5457 1342,5457 1347,5462 1573,5462 1578,5467 1701,5467 1711,5477 1868,5477 1880,5465 1880,5464 1886,5458 1887,5459 1887,5465 1886,5466 1886,5474 1885,5475 1885,5484 1884,5485 1884,5493 1883,5494 1883,5503 1882,5504 1882,5513 1881,5514 1881,5522 1880,5523 1880,5532 1879,5533 1879,5540 1878,5541 1824,5541 1824,5580 1819,5585 1465,5585 1460,5580 1460,5531 1445,5531 1440,5526 1298,5526 1293,5521 1293,5511 1288,5506 1130,5506 1125,5511 1121,5511 1121,5570 1116,5575 1062,5575 1057,5570 963,5570 958,5565 958,5560 919,5560 917,5558 916,5558 914,5556 914,5531 899,5516 757,5516 752,5521 742,5521 742,5556 740,5558 739,5558 737,5560 649,5560 647,5558 646,5558 644,5556 585,5556 580,5551 580,5516 570,5506 427,5506 422,5511 354,5511 354,5551 349,5556 339,5556 339,5674 481,5674 483,5676 484,5676 486,5678 791,5678 796,5683 850,5683 855,5688 855,5728 889,5728 894,5733 894,5737 1121,5737 1125,5733 1125,5693 1130,5688 1160,5688 1165,5693 1391,5693 1396,5698 1396,5708 1401,5713 1507,5713 1508,5714 1510,5714 1511,5715 1512,5715 1513,5716 1514,5716 1515,5717 1517,5717 1518,5718 1519,5718 1520,5719 1522,5719 1523,5720 1524,5720 1525,5721 1526,5721 1527,5722 1529,5722 1530,5723 1531,5723 1532,5724 1534,5724 1535,5725 1536,5725 1537,5726 1538,5726 1539,5727 1541,5727 1542,5728 1543,5728 1544,5729 1546,5729 1547,5730 1548,5730 1549,5731 1550,5731 1551,5732 1553,5732 1554,5733 1555,5733 1556,5734 1558,5734 1559,5735 1560,5735 1561,5736 1562,5736 1563,5737 1565,5737 1566,5738 1567,5738 1568,5739 1570,5739 1571,5740 1572,5740 1573,5741 1574,5741 1575,5742 1577,5742 1578,5743 1579,5743 1580,5744 1582,5744 1583,5745 1584,5745 1585,5746 1586,5746 1587,5747 1589,5747 1590,5748 1591,5748 1592,5749 1594,5749 1595,5750 1596,5750 1597,5751 1598,5751 1599,5752 1601,5752 1602,5753 1603,5753 1604,5754 1606,5754 1607,5755 1608,5755 1609,5756 1610,5756 1611,5757 1613,5757 1614,5758 1615,5758 1616,5759 1618,5759 1619,5760 1620,5760 1621,5761 1622,5761 1623,5762 1625,5762 1626,5763 1627,5763 1628,5764 1630,5764 1631,5765 1632,5765 1633,5766 1634,5766 1635,5767 1637,5767 1638,5768 1639,5768 1640,5769 1642,5769 1643,5770 1644,5770 1645,5771 1646,5771 1647,5772 1649,5772 1650,5773 1651,5773 1652,5774 1654,5774 1655,5775 1656,5775 1657,5776 1658,5776 1659,5777 1661,5777 1662,5778 1663,5778 1664,5779 1666,5779 1667,5780 1668,5780 1669,5781 1670,5781 1671,5782 1673,5782 1674,5783 1675,5783 1676,5784 1678,5784 1679,5785 1680,5785 1681,5786 1680,5787 1676,5787 1676,5811 1671,5816 1612,5816 1607,5811 1607,5767 1440,5767 1440,5806 1435,5811 1347,5811 1342,5806 1342,5792 1337,5787 1184,5787 1184,5801 1182,5803 1182,5804 1180,5806 1170,5806 1165,5801 1165,5787 1160,5782 953,5782 953,5792 951,5794 950,5794 948,5796 899,5796 897,5794 896,5794 894,5792 678,5792 673,5787 673,5747 472,5747 472,5806 481,5806 491,5816 491,5821 486,5826 467,5826 462,5831 457,5826 457,5796 339,5796 339,5855 447,5855 452,5860 452,5905 457,5910 467,5910 472,5915 629,5915 634,5910 653,5910 658,5915 948,5915 950,5917 951,5917 953,5919 1007,5919 1012,5924 1160,5924 1165,5919 1184,5919 1189,5924 1361,5924 1366,5929 1455,5929 1460,5934 1666,5934 1671,5939 1901,5939 1904,5942 1904,5943 1906,5945 1906,5946 1908,5948 1908,5949 1910,5951 1910,5952 1912,5954 1912,5955 1914,5957 1914,5958 1916,5960 1916,5961 1918,5963 1918,5964 1920,5966 1920,5967 1922,5969 1922,5970 1924,5972 1924,5973 1926,5975 1926,5976 1928,5978 1928,5979 1930,5981 1930,5982 1932,5984 1932,5985 1934,5987 1934,5988 1936,5990 1936,5991 1938,5993 1938,5994 1940,5996 1940,5997 1942,5999 1942,6000 1944,6002 1944,6003 1946,6005 1946,6006 1948,6008 1948,6009 1950,6011 1950,6012 1949,6013 1902,6013 1897,6018 1897,6067 1892,6072 1873,6072 1873,6077 1863,6087 1863,6092 1861,6094 1860,6094 1858,6096 1814,6096 1812,6094 1811,6094 1809,6092 1809,6062 1725,6062 1720,6057 1578,6057 1573,6052 1401,6052 1396,6047 1116,6047 1111,6042 1111,6037 958,6037 956,6035 955,6035 953,6033 668,6033 663,6028 663,5988 658,5983 506,5983 506,6023 501,6028 481,6028 476,6023 339,6023 339,6151 457,6151 461,6155 462,6155 467,6160 791,6160 796,6165 1106,6165 1111,6170 1357,6170 1359,6172 1359,6173 1361,6175 1361,6210 1363,6212 1364,6212 1366,6214 1366,6219 1529,6219 1529,6214 1531,6212 1532,6212 1534,6210 1534,6205 1536,6203 1536,6202 1538,6200 1538,6190 1543,6185 1543,6180 1548,6175 1715,6175 1720,6180 1720,6228 1869,6228 1878,6219 1878,6210 1883,6205 1883,6200 1888,6195 1888,6190 1890,6188 1890,6187 1892,6185 1956,6185 1961,6190 2433,6190 2438,6195 2512,6195 2517,6200 2851,6200 2856,6205 3004,6205 3009,6210 3161,6210 3166,6205 3176,6205 3176,6200 3186,6190 3186,6131 3181,6126 3181,6092 3176,6092 3171,6087 3171,6082 3161,6072 3009,6072 3004,6077 3004,6082 2999,6087 2964,6087 2959,6082 2891,6082 2886,6077 2886,6072 2881,6072 2876,6067 2876,6047 2871,6042 2871,6037 2827,6037 2825,6035 2824,6035 2822,6033 2812,6033 2807,6028 2660,6028 2655,6033 2655,6072 2650,6077 2542,6077 2537,6072 2537,6033 2532,6028 2310,6028 2310,6033 2306,6037 2306,6062 2301,6067 2291,6067 2276,6052 2129,6052 2129,6062 2124,6067 2070,6067 2065,6062 2065,6018 2050,6018 2045,6013 1954,6013 1953,6012 1953,6011 1951,6009 1951,6008 1949,6006 1949,6005 1947,6003 1947,6002 1945,6000 1945,5999 1943,5997 1943,5996 1941,5994 1941,5993 1939,5991 1939,5990 1937,5988 1937,5987 1935,5985 1935,5984 1933,5982 1933,5981 1931,5979 1931,5978 1929,5976 1929,5975 1927,5973 1927,5972 1925,5970 1925,5969 1923,5967 1923,5966 1921,5964 1921,5963 1919,5961 1919,5960 1917,5958 1917,5957 1915,5955 1915,5954 1913,5952 1913,5951 1911,5949 1911,5948 1909,5946 1909,5945 1907,5943 1907,5942 1905,5940 1906,5939 1907,5939 1912,5944 2227,5944 2232,5949 2369,5949 2374,5954 2645,5954 2650,5959 2773,5959 2778,5964 2778,6003 2930,6003 2935,5998 2935,5993 2940,5988 2940,5983 2945,5978 2945,5969 2950,5964 2955,5969 2955,5974 3181,5974 3181,5969 3191,5959 3191,5860 3186,5855 3186,5851 3176,5841 2891,5841 2886,5846 2881,5846 2881,5851 2879,5853 2878,5853 2876,5855 2874,5853 2873,5853 2871,5851 2871,5806 2866,5801 2866,5792 2664,5792 2660,5796 2660,5836 2655,5841 2625,5841 2620,5836 2615,5836 2610,5831 2610,5821 2605,5816 2458,5816 2453,5821 2453,5826 2448,5831 2443,5831 2438,5826 2438,5787 2433,5782 2428,5782 2426,5780 2426,5779 2424,5777 2281,5777 2276,5782 2266,5782 2261,5787 2256,5787 2251,5792 2251,5796 2246,5801 2246,5802 2242,5806 2242,5816 2237,5821 2237,5826 2232,5831 2178,5831 2173,5826 2074,5826 2072,5824 2072,5823 2070,5821 1858,5821 1853,5816 1853,5802 1854,5801 1854,5792 1855,5791 1855,5782 1856,5781 1856,5773 1857,5772 1857,5763 1858,5762 1858,5754 1859,5753 1859,5744 1860,5743 1860,5734 1861,5733 1861,5725 1862,5724 1862,5715 1863,5714 1863,5709 1864,5708 1966,5708 1971,5713 2399,5713 2404,5708 2404,5551 2261,5551 2256,5546 2104,5546 2099,5551 2099,5585 2094,5590 2050,5590 2045,5595 2001,5595 1996,5590 1996,5546 1991,5541 1882,5541 1881,5540 1881,5533 1882,5532 1882,5523 1883,5522 1883,5514 1884,5513 1884,5504 1885,5503 1885,5494 1886,5493 1886,5485 1887,5484 1887,5475 1888,5474 1888,5465 1889,5464 1889,5456 1890,5455 1890,5454 1892,5452 2020,5452 2025,5457 2025,5477 2212,5477 2217,5482 2315,5482 2320,5487 2596,5487 2601,5492 2748,5492 2752,5496 2753,5496 2758,5501 2925,5501 2930,5506 3033,5506 3038,5511 3181,5511 3191,5501 3191,5428 3186,5428 3181,5423 3186,5418 3186,5344 3176,5334 2974,5334 2969,5329 2778,5329 2773,5324 2772,5324 2768,5320 2620,5320 2615,5325 2614,5325 2610,5329 2591,5329 2571,5349 2571,5354 2566,5359 2566,5364 2561,5369 2448,5369 2443,5364 2256,5364 2251,5359 2251,5339 2249,5337 2249,5336 2247,5334 2247,5329 2242,5324 2242,5320 2237,5320 2232,5315 2025,5315 2025,5374 2020,5379 1976,5379 1971,5374 1896,5374 1895,5373 1895,5370 1894,5369 1894,5354 1893,5353 1893,5338 1892,5337 1892,5322 1891,5321 1891,5306 1890,5305 1890,5290 1889,5289 1889,5276 1890,5275 1932,5275 1937,5270 1942,5270 1947,5265 1947,5261 1949,5259 1949,5258 1951,5256 1951,5246 1961,5236 1971,5236 1976,5241 1976,5280 1981,5285 2163,5285 2163,5246 2168,5241 2306,5241 2308,5243 2308,5244 2310,5246 2522,5246 2527,5251 2527,5295 2674,5295 2684,5285 2684,5280 2689,5275 2689,5270 2693,5266 2694,5266 2699,5261 2856,5261 2858,5263 2859,5263 2861,5265 2861,5295 2866,5295 2871,5300 3014,5300 3016,5298 3016,5297 3018,5295 3023,5295 3028,5290 3033,5290 3038,5285 3038,5275 3048,5265 3132,5265 3141,5256 3141,5241 3146,5236 3200,5236 3200,5172 3186,5172 3181,5167 3146,5167 3141,5162 3141,5147 3082,5147 3080,5145 3079,5145 3077,5143 3077,5113 3075,5111 3075,5110 3073,5108 2930,5108 2925,5113 2925,5123 2920,5128 2763,5128 2763,5138 2758,5143 2694,5143 2684,5153 2683,5153 2674,5162 2674,5167 2669,5172 2625,5172 2620,5167 2620,5103 2468,5103 2463,5108 2463,5128 2458,5133 2453,5128 2453,5098 2448,5093 2306,5093 2301,5098 2296,5098 2296,5108 2291,5113 2242,5113 2227,5128 1991,5128 1986,5123 1986,5088 1984,5086 1983,5086 1981,5084 1923,5084 1922,5083 1922,5082 1923,5081 1923,5080 1924,5079 1924,5078 1925,5077 1925,5076 1926,5075 1926,5074 1927,5073 1927,5071 1928,5070 1928,5069 1929,5068 1929,5067 1930,5066 1930,5065 1931,5064 1931,5063 1932,5062 1932,5060 1933,5059 1933,5058 1934,5057 1934,5056 1935,5055 1935,5054 1936,5053 1936,5052 1937,5051 1937,5050 1938,5049 2040,5049 2040,5015 2045,5010 2129,5010 2131,5012 2131,5013 2133,5015 2404,5015 2409,5020 2630,5020 2635,5025 2635,5074 2787,5074 2787,5029 2789,5027 2790,5027 2792,5025 2832,5025 2834,5027 2835,5027 2837,5029 2974,5029 2979,5034 3136,5034 3140,5030 3141,5030 3146,5025 3146,5020 3151,5015 3200,5015 3200,5010 3205,5005 3205,4951 3200,4946 3200,4941 3195,4941 3193,4939 3193,4938 3191,4936 3156,4936 3151,4931 3151,4916 3146,4911 3033,4911 3031,4909 3030,4909 3028,4907 3028,4897 2876,4897 2866,4907 2655,4907 2650,4902 2650,4867 2645,4862 2306,4862 2301,4867 2301,4892 2296,4897 2202,4897 2197,4892 2035,4892 2030,4887 2030,4862 2025,4857 1904,4857 1898,4851 1897,4851 1889,4843 1888,4843 1880,4835 1879,4835 1871,4827 1870,4827 1862,4819 1861,4819 1853,4811 1852,4811 1844,4803 1843,4803 1835,4795 1834,4795 1826,4787 1825,4787 1817,4779 1816,4779 1812,4775 1813,4774 1883,4774 1888,4779 2212,4779 2217,4784 2340,4784 2345,4789 2566,4789 2568,4791 2569,4791 2571,4793 2900,4793 2905,4798 3033,4798 3038,4803 3195,4803 3200,4798 3200,4685 3195,4685 3193,4683 3193,4682 3191,4680 3127,4680 3122,4675 3112,4675 3110,4673 3109,4673 3107,4671 3058,4671 3053,4666 3053,4661 3048,4656 2905,4656 2900,4661 2900,4666 2891,4675 2851,4675 2849,4673 2848,4673 2846,4671 2846,4631 2841,4626 2679,4626 2679,4661 2674,4666 2601,4666 2596,4661 2379,4661 2374,4656 2374,4651 2369,4646 2217,4646 2217,4656 2212,4661 2129,4661 2119,4651 2119,4641 2079,4641 2074,4636 2074,4612 1917,4612 1917,4646 1912,4651 1892,4651 1890,4649 1890,4648 1888,4646 1888,4607 1778,4607 1777,4606 1778,4605 1778,4604 1782,4600 1782,4599 1787,4594 1787,4593 1791,4589 1791,4588 1796,4583 1796,4582 1800,4578 1800,4577 1804,4573 1804,4572 1809,4567 1809,4566 1813,4562 1813,4561 1817,4557 1817,4556 1822,4551 1822,4550 1826,4546 1826,4545 1831,4540 1831,4539 1832,4538 2133,4538 2138,4543 2256,4543 2261,4548 2448,4548 2453,4553 2453,4592 2458,4597 2635,4597 2635,4562 2640,4557 2945,4557 2950,4562 3028,4562 3033,4567 3033,4602 3038,4607 3186,4607 3191,4602 3195,4602 3195,4597 3200,4592 3200,4582 3205,4577 3205,4572 3210,4567 3210,4494 3195,4479 3127,4479 3122,4474 3122,4439 3107,4439 3105,4437 3104,4437 3102,4435 3102,4425 3068,4425 3063,4420 3063,4400 3053,4390 2910,4390 2905,4395 2905,4430 2900,4435 2856,4435 2851,4430 2714,4430 2709,4425 2709,4390 2704,4385 2542,4385 2537,4390 2537,4425 2532,4430 2419,4430 2414,4425 2414,4385 2409,4380 2197,4380 2192,4385 2192,4420 2190,4422 2190,4423 2188,4425 2158,4425 2153,4420 2084,4420 2079,4415 2079,4400 1927,4400 1927,4410 1922,4415 1900,4415 1899,4414 1899,4395 1898,4394 1898,4356 1897,4355 1897,4316 1896,4315 1896,4303 1897,4302 1956,4302 1961,4307 2089,4307 2094,4312 2438,4312 2438,4307 2443,4302 2443,4297 2448,4292 2601,4292 2603,4294 2603,4295 2605,4297 2605,4317 2728,4317 2730,4319 2731,4319 2733,4321 2876,4321 2881,4326 3038,4326 3043,4331 3205,4331 3210,4326 3215,4326 3220,4321 3220,4218 3215,4213 3210,4213 3205,4208 3146,4208 3141,4203 3141,4164 3136,4159 2994,4159 2989,4164 2920,4164 2920,4203 2915,4208 2900,4208 2898,4206 2898,4205 2896,4203 2896,4184 2851,4184 2846,4179 2846,4159 2841,4154 2610,4154 2610,4213 2625,4213 2630,4218 2625,4223 2571,4223 2566,4218 2458,4218 2453,4213 2453,4154 2443,4144 2286,4144 2281,4149 2271,4149 2271,4154 2266,4159 2266,4184 2261,4189 2192,4189 2190,4187 2190,4186 2188,4184 2119,4184 2114,4179 2114,4169 2109,4164 1991,4164 1981,4154 1981,4140 1874,4140 1873,4139 1873,4138 1872,4137 1872,4135 1871,4134 1871,4131 1870,4130 1870,4127 1869,4126 1869,4124 1868,4123 1868,4120 1867,4119 1867,4116 1866,4115 1866,4113 1865,4112 1865,4109 1864,4108 1864,4105 1863,4104 1863,4102 1862,4101 1862,4098 1861,4097 1861,4094 1860,4093 1860,4091 1859,4090 1859,4087 1858,4086 1858,4083 1857,4082 1857,4080 1856,4079 1856,4076 1855,4075 1855,4072 1854,4071 1854,4068 1853,4067 1854,4066 1892,4066 1897,4071 2020,4071 2025,4076 2335,4076 2340,4081 2645,4081 2647,4083 2648,4083 2650,4085 2714,4085 2719,4090 2841,4090 2846,4095 3023,4095 3028,4090 3146,4090 3151,4085 3151,4081 3161,4071 3220,4071 3220,4002 3215,3997 3161,3997 3151,3987 3151,3982 3146,3977 3087,3977 3082,3972 2964,3972 2959,3967 2959,3923 2957,3921 2957,3920 2955,3918 2812,3918 2807,3923 2802,3923 2802,3958 2797,3963 2507,3963 2502,3958 2502,3918 2350,3918 2345,3923 2345,3938 2340,3943 2340,3953 2335,3958 2247,3958 2242,3953 2040,3953 2030,3943 2030,3928 2025,3923 2025,3913 2020,3908 1863,3908 1863,3943 1858,3948 1840,3948 1839,3947 1839,3946 1840,3945 1840,3942 1841,3941 1841,3937 1842,3936 1842,3932 1843,3931 1843,3928 1844,3927 1844,3923 1845,3922 1845,3919 1846,3918 1846,3914 1847,3913 1847,3909 1848,3908 1848,3905 1849,3904 1849,3900 1850,3899 1850,3895 1851,3894 1851,3891 1852,3890 1852,3886 1853,3885 1853,3882 1854,3881 1854,3877 1855,3876 1855,3872 1856,3871 1856,3868 1857,3867 1857,3863 1858,3862 1858,3859 1859,3858 1859,3854 1860,3853 1860,3849 1861,3848 1861,3845 1862,3844 1862,3840 1863,3839 1863,3836 1864,3835 1927,3835 1932,3840 2148,3840 2150,3842 2151,3842 2153,3844 2296,3844 2301,3849 2596,3849 2601,3854 2974,3854 2979,3859 2979,3908 3132,3908 3132,3903 3141,3894 3141,3889 3146,3884 3146,3879 3151,3874 3151,3869 3156,3864 3205,3864 3210,3859 3220,3859 3225,3854 3225,3830 3230,3825 3230,3766 3225,3761 3225,3751 3220,3746 3161,3746 3156,3741 3156,3697 3151,3692 2999,3692 2994,3697 2989,3697 2984,3692 2832,3692 2832,3731 2827,3736 2655,3736 2650,3731 2650,3726 2586,3726 2584,3724 2583,3724 2581,3722 2581,3687 2576,3682 2419,3682 2414,3687 2414,3717 2409,3722 2310,3722 2308,3720 2308,3719 2306,3717 2306,3707 2153,3707 2153,3712 2148,3717 2094,3717 2089,3712 2089,3707 2079,3697 1937,3697 1932,3702 1932,3707 1927,3712 1862,3712 1861,3711 1861,3706 1860,3705 1860,3701 1859,3700 1859,3696 1858,3695 1858,3691 1857,3690 1857,3685 1856,3684 1856,3680 1855,3679 1855,3675 1854,3674 1854,3670 1853,3669 1853,3664 1852,3663 1852,3659 1851,3658 1851,3654 1850,3653 1850,3649 1849,3648 1849,3643 1848,3642 1848,3638 1847,3637 1847,3633 1846,3632 1846,3628 1845,3627 1845,3622 1844,3621 1844,3617 1843,3616 1843,3612 1842,3611 1842,3607 1841,3606 1841,3601 1840,3600 1841,3599 1863,3599 1868,3604 1868,3638 2020,3638 2030,3628 2030,3623 2040,3613 2040,3608 2042,3606 2043,3606 2045,3604 2138,3604 2140,3606 2141,3606 2143,3608 2399,3608 2404,3613 2753,3613 2758,3618 3048,3618 3053,3623 3215,3623 3230,3608 3230,3589 3235,3584 3235,3530 3230,3525 3230,3520 3225,3515 3225,3510 3220,3505 2930,3505 2925,3500 2915,3500 2910,3495 2910,3486 2905,3481 2905,3476 2758,3476 2758,3481 2753,3486 2753,3490 2748,3495 2743,3490 2743,3456 2738,3451 2576,3451 2576,3490 2571,3495 2532,3495 2527,3500 2522,3500 2517,3505 2517,3510 2507,3520 2507,3525 2502,3530 2355,3530 2350,3525 2350,3441 2345,3436 2202,3436 2192,3446 2192,3481 2190,3483 2190,3484 2188,3486 1971,3486 1966,3481 1966,3476 1818,3476 1817,3475 1817,3473 1816,3472 1816,3468 1815,3467 1815,3462 1814,3461 1814,3457 1813,3456 1813,3451 1812,3450 1812,3446 1811,3445 1811,3440 1810,3439 1810,3434 1809,3433 1809,3429 1808,3428 1808,3423 1807,3422 1807,3418 1806,3417 1806,3412 1805,3411 1809,3407 1809,3397 1814,3392 1814,3387 1819,3382 1819,3372 1821,3370 1822,3370 1824,3368 2084,3368 2086,3370 2087,3370 2089,3372 2207,3372 2212,3377 2212,3427 2374,3427 2379,3422 2379,3417 2384,3412 2389,3412 2389,3392 2394,3387 2394,3382 2399,3377 2571,3377 2576,3382 2576,3431 2758,3431 2758,3387 2763,3382 2792,3382 2797,3387 3063,3387 3068,3392 3220,3392 3225,3387 3225,3353 3230,3348 3240,3348 3245,3343 3245,3274 3240,3269 3230,3269 3225,3264 3225,3245 3102,3245 3097,3240 3097,3220 3092,3215 2935,3215 2930,3220 2758,3220 2753,3225 2748,3225 2748,3259 2743,3264 2596,3264 2591,3259 2546,3259 2544,3257 2544,3256 2542,3254 2542,3215 2537,3210 2384,3210 2384,3254 2379,3259 2320,3259 2315,3254 2163,3254 2158,3259 2104,3259 2099,3254 2035,3254 2033,3252 2032,3252 2030,3250 2030,3240 2025,3235 1863,3235 1863,3245 1858,3250 1824,3250 1819,3245 1819,3200 1768,3200 1767,3199 1767,3197 1766,3196 1766,3191 1765,3190 1765,3182 1764,3181 1764,3167 1763,3166 1763,3153 1762,3152 1762,3139 1761,3138 1761,3133 1762,3132 2045,3132 2047,3134 2048,3134 2050,3136 2291,3136 2296,3141 2517,3141 2522,3146 2591,3146 2596,3151 2596,3156 3063,3156 3068,3161 3230,3161 3235,3156 3235,3127 3240,3122 3245,3122 3250,3117 3254,3117 3254,2999 3250,2999 3245,2994 2930,2994 2925,2999 2925,3014 2923,3016 2922,3016 2920,3018 2876,3018 2876,3028 2871,3033 2778,3033 2773,3028 2719,3028 2714,3023 2714,2999 2709,2994 2709,2989 2551,2989 2546,2994 2546,3023 2544,3025 2544,3026 2542,3028 2468,3028 2463,3023 2237,3023 2232,3018 2232,2969 2065,2969 2065,2994 2060,2999 2025,2999 2020,2994 2020,2969 2015,2969 2013,2967 2013,2966 2011,2964 1868,2964 1863,2969 1833,2969 1831,2967 1831,2966 1829,2964 1750,2964 1749,2963 1749,2956 1748,2955 1748,2951 1749,2950 1907,2950 1912,2945 1912,2910 1917,2905 2045,2905 2050,2910 2374,2910 2379,2915 2615,2915 2620,2920 3048,2920 3053,2925 3259,2925 3259,2866 3249,2856 3249,2855 3240,2846 3240,2807 3230,2807 3225,2802 3225,2773 3220,2768 3220,2763 3063,2763 3058,2768 3058,2797 3053,2802 2851,2802 2846,2797 2846,2763 2841,2758 2841,2753 2689,2753 2689,2792 2684,2797 2674,2797 2669,2792 2532,2792 2527,2787 2527,2778 2522,2773 2483,2773 2478,2768 2478,2753 2419,2753 2409,2743 2242,2743 2242,2787 2237,2792 2227,2792 2222,2787 2163,2787 2158,2782 2158,2763 2153,2758 2153,2743 1986,2743 1986,2778 1984,2780 1983,2780 1981,2782 1750,2782 1748,2780 1747,2780 1745,2778 1745,2733 1729,2733 1728,2732 1728,2729 1727,2728 1727,2721 1726,2720 1726,2714 1725,2713 1725,2706 1724,2705 1724,2699 1723,2698 1723,2691 1722,2690 1722,2684 1721,2683 1721,2676 1720,2675 1720,2670 1721,2669 1917,2669 1922,2674 2192,2674 2197,2679 2197,2723 2374,2723 2374,2684 2379,2679 2625,2679 2630,2684 2807,2684 2812,2689 2812,2728 2817,2733 2994,2733 2994,2699 2999,2694 3073,2694 3075,2696 3075,2697 3077,2699 3230,2699 3235,2694 3245,2694 3245,2655 3250,2650 3259,2650 3264,2645 3264,2571 3259,2566 3102,2566 3097,2571 3077,2571 3075,2569 3075,2568 3073,2566 2778,2566 2773,2561 2773,2522 2768,2517 2483,2517 2483,2551 2478,2556 2183,2556 2178,2551 2178,2507 1932,2507 1927,2512 1917,2512 1917,2527 1912,2532 1907,2527 1907,2507 1819,2507 1814,2502 1818,2498 1819,2498 1824,2493 1825,2493 1830,2488 1831,2488 1837,2482 1838,2482 1843,2477 1844,2477 1849,2472 1850,2472 1855,2467 1856,2467 1861,2462 1862,2462 1868,2456 1869,2456 1874,2451 1875,2451 1880,2446 1881,2446 1886,2441 1887,2441 1892,2436 1893,2436 1896,2433 1981,2433 1986,2438 2153,2438 2158,2443 2158,2478 2306,2478 2308,2476 2308,2475 2310,2473 2310,2468 2315,2463 2315,2458 2320,2453 2320,2443 2325,2438 2330,2443 2689,2443 2694,2448 2694,2487 2846,2487 2846,2483 2856,2473 2856,2463 2866,2453 3205,2453 3205,2438 3210,2433 3254,2433 3258,2429 3259,2429 3264,2424 3264,2365 3259,2360 3215,2360 3210,2355 3210,2335 3205,2330 3205,2286 3053,2286 3043,2296 3043,2301 3038,2306 3038,2325 3033,2330 2979,2330 2974,2325 2807,2325 2797,2335 2797,2360 2792,2365 2782,2365 2780,2363 2780,2362 2778,2360 2778,2340 2768,2330 2768,2325 2704,2325 2699,2320 2699,2281 2566,2281 2561,2276 2306,2276 2291,2291 2291,2301 2286,2306 2286,2315 2276,2325 2276,2350 2271,2355 2242,2355 2237,2350 2237,2340 2232,2335 2232,2330 2227,2325 2222,2325 2217,2320 2168,2320 2163,2315 2163,2271 1846,2271 1845,2270 1844,2270 1842,2268 1841,2268 1839,2266 1838,2266 1836,2264 1835,2264 1833,2262 1832,2262 1830,2260 1829,2260 1827,2258 1826,2258 1825,2257 1824,2257 1822,2255 1821,2255 1819,2253 1818,2253 1816,2251 1815,2251 1813,2249 1812,2249 1810,2247 1809,2247 1807,2245 1806,2245 1804,2243 1803,2243 1801,2241 1800,2241 1798,2239 1797,2239 1795,2237 1794,2237 1792,2235 1791,2235 1789,2233 1788,2233 1786,2231 1785,2231 1783,2229 1782,2229 1780,2227 1779,2227 1777,2225 1776,2225 1775,2224 1774,2224 1772,2222 1771,2222 1769,2220 1768,2220 1766,2218 1765,2218 1763,2216 1762,2216 1760,2214 1759,2214 1757,2212 1756,2212 1754,2210 1753,2210 1751,2208 1752,2207 1770,2207 1772,2205 1772,2204 1774,2202 1819,2202 1824,2197 1824,2183 1829,2178 1942,2178 1947,2183 1947,2207 2040,2207 2045,2212 2212,2212 2217,2217 2512,2217 2517,2222 2699,2222 2704,2227 2866,2227 2871,2232 3264,2232 3269,2227 3269,2109 3264,2104 2915,2104 2910,2099 2910,2089 2905,2084 2758,2084 2753,2089 2748,2084 2748,2055 2596,2055 2591,2060 2591,2089 2586,2094 2537,2094 2532,2089 2532,2079 2527,2074 2527,2060 2522,2055 2374,2055 2374,2089 2369,2094 2291,2094 2286,2089 2237,2089 2232,2084 2232,2050 2114,2050 2109,2045 1951,2045 1949,2047 1949,2048 1947,2050 1947,2104 1942,2109 1937,2104 1789,2104 1784,2099 1784,2084 1720,2084 1715,2079 1715,2070 1717,2068 1718,2068 1719,2067 1720,2067 1722,2065 1723,2065 1724,2064 1725,2064 1726,2063 1727,2063 1729,2061 1730,2061 1731,2060 1732,2060 1734,2058 1735,2058 1736,2057 1737,2057 1739,2055 1740,2055 1741,2054 1742,2054 1744,2052 1745,2052 1746,2051 1747,2051 1749,2049 1750,2049 1751,2048 1752,2048 1754,2046 1755,2046 1756,2045 1757,2045 1758,2044 1759,2044 1761,2042 1762,2042 1763,2041 1764,2041 1766,2039 1767,2039 1768,2038 1769,2038 1771,2036 1772,2036 1773,2035 1774,2035 1776,2033 1777,2033 1778,2032 1779,2032 1781,2030 1782,2030 1783,2029 1784,2029 1786,2027 1787,2027 1788,2026 1789,2026 1790,2025 1791,2025 1793,2023 1794,2023 1795,2022 1796,2022 1798,2020 1799,2020 1800,2019 1801,2019 1803,2017 1804,2017 1805,2016 1806,2016 1808,2014 1809,2014 1810,2013 1811,2013 1813,2011 1814,2011 1815,2010 1816,2010 1818,2008 1819,2008 1820,2007 1821,2007 1822,2006 1823,2006 1825,2004 1826,2004 1827,2003 1828,2003 1830,2001 1831,2001 1832,2000 1833,2000 1835,1998 1836,1998 1837,1997 1838,1997 1840,1995 1841,1995 1842,1994 1843,1994 1845,1992 1846,1992 1847,1991 1848,1991 1850,1989 1851,1989 1852,1988 1853,1988 1855,1986 1856,1986 1857,1985 1858,1985 1859,1984 1860,1984 1862,1982 1863,1982 1864,1981 1961,1981 1966,1986 2266,1986 2271,1981 2286,1981 2296,1991 2438,1991 2443,1986 2556,1986 2561,1991 2689,1991 2694,1996 2694,2030 2704,2040 2896,2040 2905,2031 2905,2030 2915,2020 2915,2001 2920,1996 3087,1996 3092,2001 3092,2040 3245,2040 3250,2035 3254,2035 3259,2030 3259,2025 3264,2020 3264,2011 3269,2006 3269,1937 3264,1932 3264,1927 3259,1922 3250,1922 3245,1917 3200,1917 3195,1912 3195,1892 3186,1883 3186,1878 3127,1878 3122,1873 3122,1833 2955,1833 2955,1868 2950,1873 2758,1873 2753,1868 2605,1868 2603,1870 2603,1871 2601,1873 2596,1868 2296,1868 2286,1858 2286,1838 2281,1833 2281,1824 2129,1824 2124,1829 2119,1829 2119,1858 2114,1863 2040,1863 2035,1858 2001,1858 1996,1853 1996,1819 1991,1814 1888,1814 1880,1806 1880,1805 1865,1790 1865,1789 1851,1775 1851,1774 1836,1759 1836,1758 1824,1746 1825,1745 1858,1745 1863,1750 2006,1750 2011,1745 2055,1745 2065,1755 2517,1755 2522,1760 2664,1760 2669,1755 2709,1755 2714,1760 2861,1760 2866,1755 2866,1711 2871,1706 2876,1711 2876,1760 2881,1765 3092,1765 3097,1770 3264,1770 3279,1755 3279,1652 3274,1647 3269,1647 3264,1642 3102,1642 3097,1647 3038,1647 3033,1642 3033,1622 2881,1622 2876,1627 2876,1642 2871,1647 2827,1647 2822,1642 2723,1642 2721,1640 2721,1639 2719,1637 2719,1593 2714,1588 2468,1588 2463,1593 2463,1597 2458,1602 2458,1622 2453,1627 2074,1627 2074,1632 2072,1634 2072,1635 2070,1637 2060,1637 2055,1632 2055,1627 2040,1627 2035,1622 2035,1617 2030,1612 2030,1602 2025,1597 2025,1593 2020,1588 1868,1588 1868,1622 1863,1627 1789,1627 1789,1632 1784,1637 1774,1637 1772,1635 1772,1634 1770,1632 1770,1622 1749,1622 1748,1621 1749,1620 1749,1619 1751,1617 1751,1616 1753,1614 1753,1613 1755,1611 1755,1610 1756,1609 1756,1608 1758,1606 1758,1605 1760,1603 1760,1602 1762,1600 1762,1599 1764,1597 1764,1596 1765,1595 1765,1594 1767,1592 1767,1591 1769,1589 1769,1588 1771,1586 1771,1585 1773,1583 1773,1582 1774,1581 1774,1580 1776,1578 1776,1577 1778,1575 1778,1574 1780,1572 1780,1571 1781,1570 1781,1569 1783,1567 1783,1566 1785,1564 1785,1563 1787,1561 1787,1560 1789,1558 1789,1557 1790,1556 1790,1555 1792,1553 1907,1553 1907,1519 1912,1514 2286,1514 2291,1519 2379,1519 2384,1524 2384,1568 2532,1568 2537,1563 2537,1553 2542,1548 2542,1543 2551,1534 2551,1529 2556,1524 2768,1524 2773,1529 2886,1529 2891,1534 2891,1578 2905,1578 2910,1583 3063,1583 3068,1578 3068,1538 3070,1536 3071,1536 3073,1534 3215,1534 3220,1529 3225,1529 3230,1524 3230,1519 3240,1509 3284,1509 3288,1505 3288,1444 3279,1435 3235,1435 3225,1425 3225,1420 3220,1420 3218,1418 3217,1418 3215,1416 2955,1416 2950,1411 2778,1411 2773,1406 2773,1361 2719,1361 2717,1359 2716,1359 2714,1357 2566,1357 2564,1359 2563,1359 2561,1361 2546,1361 2546,1401 2544,1403 2544,1404 2542,1406 2507,1406 2502,1411 2492,1411 2483,1420 2483,1435 2478,1440 2468,1440 2463,1435 2463,1420 2456,1413 2455,1413 2448,1406 2384,1406 2379,1401 2379,1352 2163,1352 2163,1391 2158,1396 2015,1396 2013,1398 2013,1399 2011,1401 1996,1401 1991,1396 1845,1396 1844,1395 1844,1394 1843,1393 1843,1392 1842,1391 1842,1390 1841,1389 1841,1388 1840,1387 1840,1386 1839,1385 1839,1384 1838,1383 1838,1382 1837,1381 1837,1380 1836,1379 1836,1378 1835,1377 1835,1376 1834,1375 1834,1374 1833,1373 1833,1372 1832,1371 1832,1369 1831,1368 1831,1367 1830,1366 1830,1365 1829,1364 1829,1363 1828,1362 1828,1361 1827,1360 1827,1359 1826,1358 1826,1357 1825,1356 1825,1355 1824,1354 1824,1353 1823,1352 1823,1351 1822,1350 1822,1349 1821,1348 1821,1347 1820,1346 1820,1345 1819,1344 1819,1343 1818,1342 1818,1341 1817,1340 1817,1339 1816,1338 1816,1336 1815,1335 1815,1334 1814,1333 1814,1332 1813,1331 1813,1330 1812,1329 1812,1328 1811,1327 1811,1326 1810,1325 1810,1324 1809,1323 1809,1322 1808,1321 1808,1320 1807,1319 1807,1318 1806,1317 1806,1316 1805,1315 1805,1314 1804,1313 1804,1312 1803,1311 1803,1310 1802,1309 1802,1308 1801,1307 1801,1305 1800,1304 1800,1303 1799,1302 1799,1301 1798,1300 1798,1299 1797,1298 1797,1297 1796,1296 1796,1295 1795,1294 1795,1293 1794,1292 1794,1291 1793,1290 1793,1289 1792,1288 1792,1287 1791,1286 1791,1285 1790,1284 1790,1283 1789,1282 1789,1281 1788,1280 1788,1279 1787,1278 1787,1277 1786,1276 1786,1274 1787,1273 2011,1273 2013,1275 2013,1276 2015,1278 2404,1278 2409,1283 2532,1283 2537,1288 2728,1288 2733,1293 2733,1337 2920,1337 2920,1293 2925,1288 2935,1288 2940,1293 3097,1293 3102,1298 3264,1298 3274,1288 3279,1288 3279,1273 3284,1268 3284,1199 3274,1189 3274,1184 3269,1184 3267,1182 3266,1182 3264,1180 3205,1180 3200,1175 3200,1125 3195,1125 3191,1121 2881,1121 2881,1125 2876,1130 2876,1160 2871,1165 2763,1165 2758,1170 2709,1170 2704,1165 2507,1165 2502,1160 2502,1116 2487,1116 2485,1114 2485,1113 2483,1111 2340,1111 2335,1116 2330,1116 2330,1155 2325,1160 2306,1160 2301,1155 2301,1111 2074,1111 2074,1155 2072,1157 2072,1158 2070,1160 2040,1160 2035,1155 1583,1155 1578,1150 1578,1101 1425,1101 1420,1106 1420,1145 1418,1147 1418,1148 1416,1150 1366,1150 1361,1145 1312,1145 1307,1140 1307,1111 1302,1106 1302,1101 1298,1101 1293,1096"/><TextEquiv><Unicode/></TextEquiv><TextLine id="r1_l001"><Coords points="440,1105 3218,1148 3215,1328 438,1285"/><TextEquiv index="1"><Unicode>et après m'avoir remerciée de ce qu'elle</Unicode></TextEquiv></TextLine><TextLine id="r1_l002"><Coords points="436,1348 3223,1391 3221,1562 433,1519"/><TextEquiv index="1"><Unicode>appelait nos bontés pour elle, elle a pro-</Unicode></TextEquiv></TextLine><TextLine id="r1_l003"><Coords points="431,1578 3213,1621 3211,1748 429,1705"/><TextEquiv index="1"><Unicode>ſité de l'embarras où vous étiez tous</Unicode></TextEquiv></TextLine><TextLine id="r1_l004"><Coords points="426,1816 3202,1859 3200,2027 423,1985"/><TextEquiv index="1"><Unicode>deux pour se soustraire à vos regards,</Unicode></TextEquiv></TextLine><TextLine id="r1_l005"><Coords points="421,2044 3203,2087 3200,2253 419,2210"/><TextEquiv index="1"><Unicode>et partir pour Paris. -- Ma mère! et vous</Unicode></TextEquiv></TextLine><TextLine id="r1_l006"><Coords points="421,2267 3197,2309 3195,2474 418,2432"/><TextEquiv index="1"><Unicode>avez souffert que malade, faible, souf-</Unicode></TextEquiv></TextLine><TextLine id="r1_l007"><Coords points="416,2499 3197,2542 3194,2714 413,2672"/><TextEquiv index="1"><Unicode>frante!... -- J'ai fait l'impossible pour</Unicode></TextEquiv></TextLine><TextLine id="r1_l008"><Coords points="406,2736 3192,2778 3190,2945 404,2903"/><TextEquiv index="1"><Unicode>la retenir; je n'ai pu la déterminer à</Unicode></TextEquiv></TextLine><TextLine id="r1_l009"><Coords points="395,2967 3187,3009 3184,3188 392,3146"/><TextEquiv index="1"><Unicode>rester. -- Mais il fallait donc m'avertir?</Unicode></TextEquiv></TextLine><TextLine id="r1_l010"><Coords points="395,3184 3182,3226 3179,3414 392,3372"/><TextEquiv index="1"><Unicode>-- Que veux - tu? je te voyais présider</Unicode></TextEquiv></TextLine><TextLine id="r1_l011"><Coords points="390,3434 3171,3476 3169,3639 387,3597"/><TextEquiv index="1"><Unicode>à la fête; et d'ailleurs, moi.... c'est une</Unicode></TextEquiv></TextLine><TextLine id="r1_l012"><Coords points="3052,3882 3052,3881 3052,3836 3052,3836 1747,3816 1747,3817 1746,3855 1746,3856 1714,3856 1713,3856 994,3846 993,3846 615,3841 614,3840 614,3835 614,3835 604,3835 603,3834 603,3826 603,3826 599,3825 598,3825 599,3806 598,3805 404,3803 404,3802 404,3785 403,3784 399,3784 399,3784 399,3780 399,3779 394,3779 393,3779 393,3775 393,3774 389,3774 388,3774 389,3749 388,3748 388,3739 388,3738 392,3738 393,3738 393,3729 393,3728 403,3728 404,3728 404,3724 405,3723 408,3723 409,3722 409,3718 409,3718 417,3718 418,3717 419,3682 419,3682 423,3682 424,3681 424,3677 424,3677 561,3679 562,3678 562,3677 562,3677 1565,3692 1566,3692 1566,3688 1566,3687 1576,3687 1577,3688 1577,3691 1578,3692 2509,3707 2509,3707 2509,3709 2510,3710 3082,3718 3082,3719 3082,3723 3083,3723 3088,3723 3088,3724 3088,3768 3088,3768 3154,3769 3154,3770 3154,3773 3155,3774 3159,3774 3159,3774 3159,3788 3160,3789 3164,3789 3164,3789 3164,3799 3164,3800 3160,3800 3159,3800 3159,3829 3158,3830 3155,3830 3155,3830 3155,3834 3153,3835 3140,3835 3139,3836 3139,3841 3139,3841 3083,3840 3082,3841 3082,3851 3082,3851 3078,3851 3077,3852 3077,3861 3077,3861 3073,3861 3072,3862 3072,3871 3071,3871 3067,3871 3067,3872 3067,3876 3066,3876 3062,3876 3062,3877 3062,3882 3061,3882"/><TextEquiv index="1"><Unicode>énigme pour moi que tout cela: sais-je</Unicode></TextEquiv></TextLine><TextLine id="r1_l013"><Coords points="380,3903 3156,3945 3154,4110 377,4068"/><TextEquiv index="1"><Unicode>ce qui a donné lieu à son évanouisse-</Unicode></TextEquiv></TextLine><TextLine id="r1_l014"><Coords points="370,4138 3157,4180 3154,4333 368,4291"/><TextEquiv index="1"><Unicode>ment, à votre extase à tous? -- Et elle</Unicode></TextEquiv></TextLine><TextLine id="r1_l015"><Coords points="3109,4583 3108,4582 2530,4573 2529,4573 2529,4569 2529,4568 2525,4568 2524,4567 2525,4525 2524,4525 2330,4522 2330,4521 2330,4519 2329,4519 1844,4512 1843,4511 1843,4510 1843,4510 597,4491 596,4492 405,4489 404,4489 404,4498 404,4499 379,4498 378,4498 378,4482 378,4481 374,4481 373,4481 374,4469 373,4468 373,4436 373,4435 369,4435 368,4435 368,4420 369,4419 378,4419 378,4419 378,4415 379,4414 454,4415 454,4415 455,4374 455,4373 465,4374 466,4373 818,4378 819,4377 819,4373 820,4373 829,4373 829,4374 829,4376 829,4376 1791,4391 1792,4390 1792,4389 1792,4389 1796,4389 1797,4389 1797,4393 1797,4394 1806,4394 1807,4394 1807,4395 1807,4396 2984,4414 2985,4414 2985,4418 2985,4419 2989,4419 2990,4420 2990,4421 2991,4422 2990,4424 2991,4424 2995,4424 2995,4425 2995,4449 2996,4449 3036,4450 3036,4450 3036,4464 3036,4465 3056,4465 3057,4466 3056,4500 3057,4500 3129,4501 3129,4502 3129,4506 3130,4506 3134,4506 3134,4507 3134,4512 3135,4512 3139,4512 3139,4513 3139,4517 3140,4517 3144,4517 3144,4518 3144,4542 3143,4542 3140,4542 3140,4543 3139,4558 3139,4558 3135,4558 3134,4559 3134,4568 3134,4568 3130,4568 3129,4569 3129,4578 3129,4578 3119,4578 3118,4579 3118,4583 3118,4583"/><TextEquiv index="1"><Unicode>pleurait? -- Sans doute elle pleurait,</Unicode></TextEquiv></TextLine><TextLine id="r1_l016"><Coords points="370,4606 3137,4648 3134,4816 367,4774"/><TextEquiv index="1"><Unicode>elle gémissait; elle disait entre ses dents:</Unicode></TextEquiv></TextLine><TextLine id="r1_l017"><Coords points="360,4841 3141,4884 3138,5056 358,5013"/><TextEquiv index="1"><Unicode>Eh! mon amie est son épouse! Je ne tra-</Unicode></TextEquiv></TextLine><TextLine id="r1_l018"><Coords points="365,5070 3137,5112 3134,5279 362,5237"/><TextEquiv index="1"><Unicode>hirai point l'amitié! je partirai, et ja-</Unicode></TextEquiv></TextLine><TextLine id="r1_l019"><Coords points="359,5310 3126,5353 3124,5486 357,5443"/><TextEquiv index="1"><Unicode>mais on ne me reverra. -- Pauvre Cécile!</Unicode></TextEquiv></TextLine><TextLine id="r1_l020"><Coords points="360,5519 2338,5549 2335,5732 357,5702"/><TextEquiv index="1"><Unicode>elle m'apprend mon devoir!</Unicode></TextEquiv></TextLine><TextLine id="r1_l021"><Coords points="384,5769 3126,5811 3123,5981 382,5939"/><TextEquiv index="1"><Unicode>Jeannette tomba dans un fauteuil, ses</Unicode></TextEquiv></TextLine><TextLine id="r1_l022"><Coords points="344,6003 3120,6046 3118,6223 341,6180"/><TextEquiv index="1"><Unicode>mains sur ses yeux, dont s'écoulèrent</Unicode></TextEquiv></TextLine></TextRegion><TextRegion id="r2" type="footnote" orientation="-0.0"><Coords points="2138,6466 2138,6195 2730,6195 2730,6466"/><TextEquiv><Unicode/></TextEquiv><TextLine id="r2_l001"><Coords points="2325,6331 2535,6331 2535,6408 2325,6408"/><TextEquiv index="1"><Unicode></Unicode></TextEquiv></TextLine></TextRegion><TextRegion id="r3" type="page-number" orientation="-0.0"><Coords points="1578,875 1573,880 1568,880 1568,885 1563,889 1563,894 1558,899 1558,904 1553,909 1553,919 1548,924 1548,953 1543,958 1543,1012 1548,1017 1548,1032 1553,1037 1553,1047 1558,1052 1558,1062 1568,1071 1568,1076 1578,1086 1725,1086 1725,1047 1730,1042 1755,1042 1760,1047 1760,1096 1907,1096 1912,1091 1917,1091 1927,1081 1932,1081 1947,1066 1947,1057 1956,1047 1986,1047 1991,1052 1991,1091 2148,1091 2158,1081 2158,1076 2168,1066 2168,1052 2173,1047 2173,1027 2178,1022 2178,934 2173,929 2173,924 2168,919 2168,909 2153,894 2153,885 2015,885 2006,875 1858,875 1858,909 1853,914 1853,919 1848,924 1730,924 1725,919 1725,875"/><TextEquiv><Unicode/></TextEquiv><TextLine id="r3_l001"><Coords points="1613,901 2110,901 2110,1071 1613,1071"/><TextEquiv index="1"><Unicode>n.</Unicode></TextEquiv></TextLine></TextRegion></Page></PcGts>