4266 7829
2161 923 2641 1091 i.
1049 1130 3788 1336 quelques larmes. Briceval, ple et d-
1048 1366 3804 1570 fait, laissa chapper ces paroles, qui ti-
1068 1600 3813 1760 rrent Jeannette de sa rverie: Elle est
1064 1833 3819 2034 partie!... elle a bien fait, oui, oui, elle
1063 2063 3819 2259 a bien fait! -- Bien fait, monsieur, s'-
1074 2295 3818 2456 cria Jeannette en se levant et du ton de
1069 2524 3835 2732 l'indignation! ne l'aimeriez-vous plus?
1074 2751 3839 2953 -- Madame, je dois maintenant .... mais
1075 2976 3829 3174 vous savez donc? -- Tout, monsieur:
1080 3210 3845 3407 je sais que vous avez abus lchement
1094 3437 3839 3644 de son sommeil chez la perfide de Linval;
1095 3669 3850 3874 je sais, en un mot, que cet enfant, ce
1098 3897 3855 4100 prtendu Auguste, est son fils et le
1100 4125 3855 4331 vtre. -- Madame!... qui a pu vous ap-
1105 4357 3870 4562 prendre? -- Elle-mme: Ccile, avant
1114 4582 3849 4797 que je vous connusse, m'avait tout cont;
1109 4813 3870 5020 mais vos changemens de noms  tous
1109 5045 3859 5250 deux, vos rserves avec moi, tout m'a
1114 5275 3850 5494 dpayse. Si j'avais su que vous eus-
1114 5512 3865 5719 siez port le nom de Saint-Ange, j'au-
1114 5743 3865 5946 rais t claircie, et vous n'auriez pas
1125 5975 3818 6184 eu la peine de prendre des dtours pou
