4266 7801
2095 908 2727 1121 is.
1020 1120 3794 1320 -- Je ne le crois pas, monsieur. Au sur-
1029 1356 3789 1544 plus, laissons tout cela: votre amante
1025 1589 3794 1783 n'est plus chez moi; elle a senti qu'elle
1025 1813 3804 2008 ne pouvait plus rester prs de votre
1035 2046 3810 2240 pouse: je suis charme qu'elle ait pris
1030 2281 3804 2471 ce parti, qui prouve la puret de son
1030 2507 3810 2692 ame; car, au fond, c'est une femme bien
1035 2735 3810 2918 estimable. -- Oh, trs-estimable, et bien
1040 2955 3809 3138 plus encore  mes yeux, depuis que je
1045 3186 3815 3380 sais qui elle est, et quels soins elle et
1045 3417 3804 3611 ses parens ont pris de votre jeunesse.
1050 3644 3820 3838 -- Je ne les oublierai jamais, ces soins
1056 3869 3819 4073 gnreux; mais en vrit (s'efforcant de
1056 4109 3810 4306 sourire) ma reconnaissance ne doit pas
1061 4336 3820 4536 aller jusqu' lui cder mon poux. Cet
1000 4570 3824 4763 poux chri est d'un trop grand prix
2782 4710 3016 4794 L
1071 4801 3825 4996 mes yeux, pour que j'en fasse le sa-
1076 5032 3845 5220 crifice. -- Ah! (avec ironie) vous tes
1077 5255 3825 5457 bien bonne! -- Oh, plus que vous ne le
1076 5521 1610 5652 pensez!
1249 5735 3845 5924 Les deux poux se sparrent; et cette
1101 5957 3834 6150 nuit, qni devait leur offrir tant de jouis-
