4266 7867
440 1126 3237 1310 sances aprs une si longne sparation,
460 1362 3359 1531 cette triste nuit les vit chercher spa-
456 1598 3232 1770 rment un repos qu'aucun d'eux ne put
445 1838 926 1998 goter.
604 2066 3222 2234 Avant de rentrer chez elle, Jeannette
439 2294 3246 2430 avait mis sa mre au fait de l'ancienne
435 2529 3242 2699 liaison de Briceval avec Ccile, et la
434 2764 3216 2935 bonne dame, toute tonne, avait jur
440 2994 3206 3171 sa fille que son frre ne lui avait ja-
434 3234 3200 3405 mais dit un mot de tout cela. Jeannette,
440 3462 3206 3592 au comble de l'tonnement et de la dou-
434 3694 3236 3873 leur, ne put dormir; et, quelque surpre-
430 3931 3201 4101 nante que dt paratre sa conduite, elle
429 4153 3200 4343 s'affermit dans le dessein qu'elle avait
419 4378 911 4542 projet.
588 4610 3200 4790 Lecteur, vous allez peut - tre vous
425 4843 3186 5026 brouiller avec ma Jeannette? je le crains:
414 5075 3195 5256 je suis cependant son historien, je dois ne
420 5310 3191 5492 rien lui passer .... mais daignez prendre
419 5541 2734 5720 patience, vous la jugerez  la fin.
589 5777 3206 5947 Bernard, le mari de Thrse, tait
419 6000 3185 6186 un garon intelligent, et d'une discrtion
2474 6179 2794 6498 L
