4266 7867
490 1122 3255 1346 tems cherché; mais alors je ne portais
480 1353 3249 1580 plus le nom de Saint -Ange; et si vous
475 1588 3244 1809 aviez demandé à madame Saint - Albin,
464 1817 3229 2041 elle vous aurait dit.... -- Ce qu'elle m'a
463 2051 3238 2284 dit aussi, que le particulier qu'elle avait
464 2287 3269 2509 envoyé chez nous, ne se nommait pas
464 2518 3233 2740 Saint - Ange. -- Elle ne me connaissait
459 2749 3214 2973 que sous le nom de Briceval, que nous
455 2978 3218 3168 avions eu le bonheur de faire réhabi-
454 3209 3218 3451 liter. Ce nom était entaché d'un juge-
449 3441 3227 3665 ment infamant que les Déricourt avaient
449 3681 3202 3899 obtenu contre mon père. Mon oncle Ju-
450 3916 3208 4145 les, commandeur de l'ordre de Malthe
445 4145 3207 4359 avant la révolution, se faisait nommer
437 4378 3203 4608 Mellery, et moi Saint-Ange. Il découvre
437 4605 3197 4828 mon amour pour la prétendue Saint-
432 4836 3198 5060 Brice; mon domestique infidèle lui ap-
428 5072 3219 5268 prend tout. Ce vieillard furieux me me-
428 5307 3178 5523 nace de sa malédiction, d'exhérédation,
423 5538 3266 5767 si j'ai l'audace d'engager ma foi avant
424 5773 3214 5961 d'avoir découvert la fille de Félix Dé-
1450 866 2283 1104 t
