4266 7737
2126 952 2609 1113 ce.
989 1156 3720 1380 ricourt que je dois pouser: je l'avais
989 1384 3719 1592 promis  mon pre mourant; il me met-
990 1617 3724 1825 tait toujours cela devant les yeux. Ce
995 1849 3718 2055 vieillard tait violent; je le craignais,
995 2078 3719 2284 il m'en imposait!... Dans l'impossibi-
995 2304 3724 2506 lit de donner ma main  celle que
999 2531 3724 2739 j'aimais, j'osai lui drober son enfant,
995 2757 3724 2968 le mien, que je mis chez une nourrice
1005 2990 3719 3199 qui m'tait dvoue. C'est ainsi que,
1001 3222 3719 3426 voyageant toujours avec mon oncle, je
999 3445 3724 3648 is  son insu lever mon fils; mais cet
899 3675 3734 3879 oncle malin, voulant arracher tout - -
1004 3906 3733 4103 fait l'amour de mon cur, me lut une
1011 4129 3719 4341 lettre suppose ( prsent je le vois),
1011 4355 3729 4563 de madame de Servol, de Calais. Cette
1011 4587 3724 4795 amie nous apprenait que mademoiselle
1011 4814 3718 4980 de Saint-Brice venait de mourir  Paris.
1012 5046 3729 5253 Vous jugez de ma douleur! j'aurais t
1011 5278 3734 5489 capable de me rendre  Calais, auprs
1011 5503 3739 5711 de madame de Servol, pour prendre des
1016 5726 3734 5941 renseignemens plus prcis sur ce mal-
