4266 7867
476 1147 3242 1327 beur, si nous n'eussions appris, quel-
475 1397 3241 1556 que tems aprs, que madame de Servol
471 1619 3242 1747 elle-mme et son mari venaient d'tre
465 1848 3236 2017 plongs au tombeau par une maladie
466 2080 3232 2243 contagieuse. Ds-lors je crus mon mal-
466 2310 3227 2484 heur certain; ce n'est mme que dans
461 2551 3222 2715 cette conviction, Jeannette, que je me
461 2781 3227 2945 suis dcid  obir  mon oncle,  votre
461 3017 3222 3176 mre, aux mnes de mon pre, en vous
461 3242 3212 3411 pousant! Tant que mon oncle a vcu,
456 3473 3206 3637 j'ai cach mon fils chez sa nourrice;
456 3698 3212 3862 mais, aprs la mort de cet oncle, je
446 3923 3212 4098 n'ai pu rsister au dosir d'lever prs de
451 4159 3206 4328 moi cet enfant d'une femme que je
451 4390 3201 4564 croyais ne plus exister: voil, Jean-
446 4620 3196 4784 nette, l'exacte vrit. Votre mre elle-
446 4856 3201 5030 mme ignore les secrets que je viens de
439 5090 3200 5259 vous confier; mon oncle craignait trop
439 5326 3200 5490 qu'elle me refust votre main, si cette
440 5552 3191 5726 femme vertueuse avait su que j'en ai-
440 5793 3191 5962 mais une autre, et que j'avais un en-
440 6018 3196 6193 fant de l'amour. Il ne lui a jamais parl
1629 922 2105 1086 E )
