4266 7867
480 1176 3242 1353 avait racont, ainsi qu' sa sur, sa ten-
476 1413 3242 1611 dre aventure avec un nomm Saint-
466 1639 3242 1824 Ange, et que le plus singulier de tout
481 1873 3237 2052 cela, tait que ce Saint-Ange et M. de
466 2104 3227 2279 Briceval ne faisaient qu'un. Du reste,
465 2330 3232 2510 Ccile faisait des vux pour le bonheur
475 2554 3227 2734 de son amie; elle tait dsespre du fatal
465 2788 3222 2962 trait de lumire que, sans le vouloir, elle
455 3020 3217 3201 avait port dans l'ame de Jeannette; elle
445 3257 3217 3426 jurait de ne jamais revoir Briceval; mais
451 3488 3217 3667 elle regrettait son fils, qui sans doute
440 3716 3201 3898 tait ce bel enfant qu'elle avait vu chez
445 3950 3206 4135 son ami. M. de Verneuil finissait en pro-
434 4181 3196 4359 mettant le secret qu'on lui demandait,
439 4416 3201 4600 et sur-tout de retenir Ccile, ainsi que
440 4649 2802 4784 Jeannette le lui avait recommand.
589 4880 3186 5024 Cette lettre comblait les vux de ma-
424 5106 3186 5291 dame de Briceval. Elle pressa son dpart;
429 5334 3186 5517 et quelques jours aprs, elle embrassa sa
433 5571 3181 5757 mre, assez mcontente de ce brusque
429 5797 3171 5980 abandon, et monta en voiture avec son
430 6032 799 6163 mari.
1608 958 2105 1122 a
