<PcGts xmlns="http://schema.primaresearch.org/PAGE/gts/pagecontent/2017-07-15" xmlns:xsi="http://www.w3.org/2001/XMLSchema-instance" xsi:schemaLocation="http://schema.primaresearch.org/PAGE/gts/pagecontent/2017-07-15 http://schema.primaresearch.org/PAGE/gts/pagecontent/2017-07-15/pagecontent.xsd"><Metadata><Creator/><Created>2020-09-24T09:05:40</Created><LastChange>1970-01-01T00:00:00</LastChange><Comments/></Metadata><Page imageFilename="0217.png" imageHeight="7867" imageWidth="4266"><ReadingOrder><OrderedGroup id="g1"><RegionRefIndexed index="0" regionRef="r1"/><RegionRefIndexed index="1" regionRef="r2"/></OrderedGroup></ReadingOrder><TextRegion id="r1" type="page-number" orientation="1.625"><Coords points="1563,865 1563,870 1553,880 1553,885 1548,889 1548,909 1543,914 1543,939 1538,944 1538,1017 1543,1022 1543,1037 1548,1042 1548,1047 1553,1052 1553,1062 1563,1071 1563,1076 1715,1076 1720,1071 1720,1037 1725,1032 1848,1032 1853,1037 1971,1037 1976,1042 1976,1071 1981,1076 2129,1076 2143,1062 2143,1057 2153,1047 2153,1042 2163,1032 2163,1003 2168,998 2168,934 2163,929 2163,919 2158,914 2158,904 2153,899 2153,885 2143,875 2143,870 2138,870 2133,865 1843,865 1829,880 1829,904 1824,909 1725,909 1720,904 1720,865"/><TextEquiv><Unicode/></TextEquiv><TextLine id="r1_l001"><Coords points="1991,1080 1990,1079 1963,1080 1962,1079 1926,1080 1925,1079 1862,1081 1861,1080 1686,1085 1685,1084 1538,1088 1538,1087 1533,902 1533,901 1632,898 1633,898 1633,891 1633,890 1642,890 1643,889 1643,885 1643,885 1652,885 1653,885 1653,897 1653,898 2166,883 2167,883 2167,878 2167,877 2168,878 2173,1074 2173,1075"/><TextEquiv index="1"><Unicode>i)</Unicode></TextEquiv></TextLine></TextRegion><TextRegion id="r2" type="paragraph" orientation="-0.5"><Coords points="762,1086 757,1091 757,1130 752,1135 560,1135 555,1130 555,1125 413,1125 413,1130 408,1135 398,1135 398,1204 408,1214 408,1224 413,1229 413,1234 415,1236 415,1237 417,1239 417,1243 422,1248 422,1253 427,1258 983,1258 988,1253 1052,1253 1057,1258 1091,1258 1096,1263 1096,1298 1098,1300 1099,1300 1101,1302 1101,1307 1273,1307 1273,1302 1275,1300 1276,1300 1278,1298 1278,1268 1283,1263 1406,1263 1411,1258 1470,1258 1475,1263 1475,1307 1622,1307 1622,1302 1626,1298 1627,1298 1632,1293 1632,1283 1637,1278 1637,1273 1642,1268 1647,1268 1647,1263 1652,1258 1760,1258 1765,1263 1884,1263 1885,1264 1885,1265 1886,1266 1886,1267 1887,1268 1887,1269 1888,1270 1888,1271 1889,1272 1889,1273 1890,1274 1890,1275 1891,1276 1891,1277 1893,1279 1893,1280 1894,1281 1894,1282 1895,1283 1895,1284 1896,1285 1896,1286 1897,1287 1897,1288 1898,1289 1898,1290 1899,1291 1899,1292 1900,1293 1900,1294 1901,1295 1901,1296 1902,1297 1902,1298 1904,1300 1904,1301 1905,1302 1905,1303 1906,1304 1906,1305 1907,1306 1907,1307 1908,1308 1908,1309 1909,1310 1909,1311 1910,1312 1910,1313 1911,1314 1911,1315 1912,1316 1912,1317 1914,1319 1914,1320 1915,1321 1915,1322 1916,1323 1916,1324 1917,1325 1917,1326 1918,1327 1918,1328 1919,1329 1919,1330 1920,1331 1920,1332 1921,1333 1921,1334 1922,1335 1922,1336 1923,1337 1923,1338 1925,1340 1925,1341 1926,1342 1926,1343 1927,1344 1927,1345 1928,1346 1928,1347 1929,1348 1929,1349 1930,1350 1930,1351 1931,1352 1931,1353 1932,1354 1932,1355 1933,1356 1933,1357 1935,1359 1935,1360 1936,1361 1936,1362 1937,1363 1937,1364 1938,1365 1938,1366 1939,1367 1939,1368 1940,1369 1940,1370 1941,1371 1941,1372 1942,1373 1942,1374 1943,1375 1942,1376 1824,1376 1819,1371 1819,1342 1809,1332 1656,1332 1656,1337 1654,1339 1654,1340 1652,1342 1652,1366 1647,1371 1470,1371 1465,1366 1465,1327 1312,1327 1307,1332 1307,1366 1302,1371 1219,1371 1214,1366 1214,1327 1209,1327 1204,1322 1052,1322 1047,1327 983,1327 978,1332 978,1347 973,1352 973,1366 968,1371 830,1371 828,1369 828,1368 826,1366 826,1327 658,1327 658,1366 653,1371 555,1371 550,1366 398,1366 398,1489 1224,1489 1229,1494 1307,1494 1312,1499 1455,1499 1460,1494 1509,1494 1514,1499 1514,1538 1696,1538 1696,1499 1701,1494 1745,1494 1750,1499 1950,1499 1951,1500 1951,1505 1950,1506 1950,1518 1949,1519 1949,1532 1948,1533 1948,1545 1947,1546 1947,1559 1946,1560 1946,1572 1945,1573 1945,1586 1943,1588 1912,1588 1912,1597 1907,1602 1853,1602 1848,1597 1847,1597 1843,1593 1843,1588 1691,1588 1691,1597 1686,1602 1652,1602 1647,1597 1647,1568 1642,1568 1632,1558 1597,1558 1595,1556 1595,1555 1593,1553 1430,1553 1425,1558 1425,1597 1420,1602 1418,1600 1418,1599 1416,1597 1288,1597 1286,1595 1285,1595 1283,1593 1283,1583 1248,1583 1243,1578 1243,1577 1239,1573 1239,1568 1229,1558 1081,1558 1081,1563 1076,1568 1076,1573 1071,1578 1071,1593 1069,1595 1068,1595 1066,1597 1042,1597 1040,1595 1039,1595 1037,1593 540,1593 535,1588 393,1588 388,1593 388,1652 397,1661 398,1661 408,1671 408,1691 413,1696 413,1706 415,1708 415,1709 417,1711 417,1715 771,1715 776,1720 776,1755 781,1760 953,1760 953,1720 958,1715 1042,1715 1047,1720 1194,1720 1199,1715 1234,1715 1239,1720 1386,1720 1391,1715 1416,1715 1418,1717 1418,1718 1420,1720 1607,1720 1612,1725 1877,1725 1878,1726 1876,1728 1876,1729 1872,1733 1872,1734 1869,1737 1869,1738 1865,1742 1865,1743 1862,1746 1862,1747 1858,1751 1858,1752 1855,1755 1855,1756 1851,1760 1851,1761 1847,1765 1847,1766 1844,1769 1844,1770 1840,1774 1840,1775 1837,1778 1837,1779 1833,1783 1833,1784 1830,1787 1830,1788 1826,1792 1826,1793 1823,1796 1823,1797 1819,1801 1819,1802 1816,1805 1816,1806 1812,1810 1812,1811 1809,1814 1809,1815 1805,1819 1805,1820 1802,1823 1802,1824 1798,1828 1798,1829 1794,1833 1588,1833 1586,1831 1585,1831 1583,1829 1583,1789 1327,1789 1327,1794 1322,1799 1322,1824 1317,1829 1170,1829 1165,1824 1165,1784 1012,1784 1007,1789 1007,1819 1005,1821 1005,1822 1003,1824 889,1824 887,1826 887,1827 885,1829 870,1829 865,1824 865,1784 860,1784 855,1779 712,1779 710,1781 710,1782 708,1784 708,1824 703,1829 683,1829 678,1824 417,1824 415,1826 415,1827 413,1829 403,1829 398,1834 397,1834 393,1838 393,1853 388,1858 388,1922 393,1927 393,1937 398,1942 413,1942 415,1944 415,1945 417,1947 417,1991 422,1996 575,1996 580,1991 599,1991 599,1951 601,1949 602,1949 604,1947 693,1947 695,1949 696,1949 698,1951 698,1986 850,1986 860,1976 860,1971 865,1966 865,1951 867,1949 868,1949 870,1947 875,1947 877,1949 878,1949 880,1951 1184,1951 1189,1956 1189,1991 1194,1996 1366,1996 1371,1991 1371,1956 1376,1951 1733,1951 1734,1952 1734,1955 1733,1956 1733,1960 1732,1961 1732,1965 1731,1966 1731,1970 1730,1971 1730,1974 1729,1975 1729,1979 1728,1980 1728,1984 1727,1985 1727,1989 1726,1990 1726,1994 1725,1995 1725,1998 1724,1999 1724,2003 1723,2004 1723,2008 1722,2009 1722,2013 1721,2014 1721,2018 1720,2019 1720,2022 1719,2023 1719,2027 1718,2028 1718,2032 1717,2033 1717,2037 1716,2038 1715,2037 1715,2020 1706,2020 1701,2015 1553,2015 1548,2020 1548,2055 1543,2060 1504,2060 1499,2055 1499,2015 1302,2015 1300,2017 1300,2018 1298,2020 1248,2020 1248,2025 1243,2030 1243,2055 1241,2057 1241,2058 1239,2060 801,2060 791,2050 791,2040 639,2040 639,2045 629,2055 624,2050 624,2020 619,2015 618,2015 614,2011 614,2006 462,2006 462,2011 460,2013 459,2013 457,2015 457,2050 452,2055 422,2055 417,2060 408,2060 403,2065 398,2065 398,2070 396,2072 395,2072 393,2074 393,2079 388,2084 388,2158 393,2163 398,2163 403,2168 408,2168 413,2173 894,2173 899,2178 1042,2178 1047,2173 1101,2173 1106,2178 1106,2222 1111,2227 1288,2227 1293,2222 1293,2183 1298,2178 1361,2178 1366,2173 1445,2173 1450,2178 1733,2178 1735,2180 1735,2182 1736,2183 1736,2185 1737,2186 1737,2188 1738,2189 1738,2191 1739,2192 1739,2194 1740,2195 1740,2197 1741,2198 1741,2200 1742,2201 1742,2203 1743,2204 1743,2205 1744,2206 1744,2208 1745,2209 1745,2211 1746,2212 1746,2214 1747,2215 1747,2217 1748,2218 1748,2220 1749,2221 1749,2223 1750,2224 1750,2226 1751,2227 1751,2229 1752,2230 1752,2232 1753,2233 1753,2235 1754,2236 1754,2238 1755,2239 1755,2241 1756,2242 1756,2244 1757,2245 1757,2246 1756,2247 1681,2247 1681,2251 1676,2256 1676,2291 1671,2296 1435,2296 1430,2301 1430,2325 1425,2330 1371,2330 1366,2325 1366,2296 1361,2291 1357,2291 1352,2286 1204,2286 1199,2291 1081,2291 1076,2286 1076,2247 1071,2242 924,2242 919,2247 919,2286 914,2291 880,2291 875,2286 875,2242 634,2242 629,2247 629,2301 624,2306 540,2306 535,2301 388,2301 388,2374 393,2379 486,2379 491,2384 496,2384 501,2389 644,2389 649,2394 649,2399 651,2401 651,2402 653,2404 663,2404 668,2409 752,2409 757,2414 757,2424 899,2424 901,2426 902,2426 904,2428 904,2453 909,2458 1052,2458 1057,2453 1062,2453 1062,2448 1066,2444 1066,2443 1071,2438 1071,2428 1073,2426 1074,2426 1076,2424 1076,2414 1081,2409 1288,2409 1293,2414 1293,2453 1440,2453 1445,2448 1445,2443 1450,2438 1450,2433 1455,2428 1455,2419 1465,2409 1578,2409 1583,2414 1742,2414 1743,2415 1741,2417 1741,2418 1739,2420 1739,2421 1737,2423 1737,2424 1735,2426 1735,2427 1734,2428 1734,2429 1732,2431 1732,2432 1730,2434 1730,2435 1728,2437 1728,2438 1726,2440 1726,2441 1724,2443 1724,2444 1722,2446 1722,2447 1720,2449 1720,2450 1718,2452 1718,2453 1716,2455 1716,2456 1714,2458 1714,2459 1712,2461 1712,2462 1710,2464 1710,2465 1708,2467 1708,2468 1706,2470 1706,2471 1705,2472 1705,2473 1703,2475 1703,2476 1701,2478 1701,2479 1699,2481 1699,2482 1698,2483 1524,2483 1524,2546 1519,2551 1376,2551 1371,2546 1371,2483 1366,2478 1057,2478 1052,2483 1052,2517 1047,2522 1007,2522 1005,2524 1005,2525 1003,2527 948,2527 946,2525 946,2524 944,2522 880,2522 875,2517 875,2478 870,2473 722,2473 717,2478 717,2517 712,2522 408,2522 398,2532 393,2532 393,2537 388,2542 388,2615 393,2620 393,2625 398,2630 403,2630 408,2635 417,2635 422,2640 422,2689 599,2689 604,2684 604,2645 609,2640 703,2640 708,2645 708,2689 855,2689 860,2684 865,2684 865,2679 870,2674 870,2669 875,2664 875,2645 880,2640 1116,2640 1121,2645 1366,2645 1371,2640 1376,2640 1376,2635 1381,2630 1470,2630 1475,2625 1524,2625 1529,2630 1529,2645 1669,2645 1682,2658 1683,2658 1710,2685 1711,2685 1737,2711 1738,2711 1740,2713 1739,2714 1632,2714 1632,2763 1627,2768 1622,2768 1617,2763 1617,2714 1465,2714 1460,2709 1307,2709 1307,2758 1302,2763 1273,2763 1268,2758 771,2758 769,2756 769,2755 767,2753 644,2753 639,2748 639,2704 422,2704 422,2753 417,2758 408,2758 403,2763 398,2763 388,2773 388,2856 398,2866 594,2866 599,2871 1086,2871 1091,2876 1834,2876 1835,2877 1834,2878 1834,2887 1833,2888 1833,2898 1832,2899 1832,2908 1831,2909 1831,2919 1830,2920 1830,2929 1829,2930 1829,2939 1828,2940 1828,2950 1827,2951 1827,2960 1826,2961 1826,2971 1825,2972 1825,2981 1824,2982 1824,2991 1823,2992 1823,2993 1822,2994 1553,2994 1548,2989 1391,2989 1386,2994 1258,2994 1253,2989 1106,2989 1101,2994 1086,2994 1081,2989 1081,2945 1076,2940 929,2940 919,2950 919,2984 914,2989 678,2989 673,2984 590,2984 585,2979 585,2940 580,2935 408,2935 398,2945 398,2950 393,2955 393,2984 388,2989 383,2989 383,3097 501,3097 506,3102 565,3102 570,3107 570,3141 580,3151 580,3156 811,3156 811,3151 816,3146 826,3146 826,3107 828,3105 828,3104 830,3102 1081,3102 1086,3107 1086,3156 1273,3156 1273,3112 1278,3107 1712,3107 1713,3108 1712,3109 1711,3109 1709,3111 1708,3111 1707,3112 1706,3112 1705,3113 1704,3113 1702,3115 1701,3115 1700,3116 1699,3116 1698,3117 1697,3117 1695,3119 1694,3119 1693,3120 1692,3120 1691,3121 1690,3121 1688,3123 1687,3123 1686,3124 1685,3124 1684,3125 1683,3125 1681,3127 1680,3127 1679,3128 1678,3128 1677,3129 1676,3129 1674,3131 1673,3131 1672,3132 1671,3132 1670,3133 1669,3133 1667,3135 1666,3135 1665,3136 1664,3136 1663,3137 1662,3137 1660,3139 1659,3139 1658,3140 1657,3140 1656,3141 1655,3141 1654,3142 1653,3142 1651,3144 1650,3144 1649,3145 1648,3145 1647,3146 1646,3146 1644,3148 1643,3148 1642,3149 1641,3149 1640,3150 1639,3150 1637,3152 1636,3152 1635,3153 1634,3153 1633,3154 1632,3154 1630,3156 1629,3156 1628,3157 1627,3157 1626,3158 1625,3158 1623,3160 1622,3160 1621,3161 1620,3161 1619,3162 1618,3162 1616,3164 1615,3164 1614,3165 1613,3165 1612,3166 1611,3166 1609,3168 1608,3168 1607,3169 1606,3169 1605,3170 1604,3170 1602,3172 1601,3172 1600,3173 1599,3173 1598,3174 1597,3174 1595,3176 1588,3176 1583,3171 1435,3171 1430,3176 1430,3210 1425,3215 1420,3210 1420,3171 1258,3171 1253,3176 1248,3176 1248,3210 1243,3215 1204,3215 1199,3210 1071,3210 1066,3205 1066,3171 1012,3171 1007,3166 865,3166 860,3171 816,3171 811,3176 811,3210 806,3215 698,3215 693,3210 678,3210 673,3205 673,3195 629,3195 627,3193 626,3193 624,3191 624,3186 619,3181 619,3176 609,3166 467,3166 467,3171 462,3176 462,3181 452,3191 393,3191 391,3193 390,3193 388,3195 388,3205 383,3210 378,3210 378,3269 388,3279 388,3328 393,3333 663,3333 668,3338 668,3377 673,3382 816,3382 821,3377 850,3377 850,3338 855,3333 1160,3333 1165,3338 1600,3338 1659,3397 1660,3397 1713,3450 1712,3451 1425,3451 1420,3446 1376,3446 1371,3441 1371,3407 1366,3402 1204,3402 1199,3407 1175,3407 1175,3461 1170,3466 1091,3466 1086,3461 968,3461 963,3456 963,3446 958,3441 953,3441 948,3436 894,3436 889,3431 889,3422 737,3422 732,3427 732,3436 727,3441 575,3441 570,3436 427,3436 422,3441 383,3441 383,3559 511,3559 516,3564 516,3599 521,3604 526,3604 528,3606 529,3606 531,3608 703,3608 705,3606 706,3606 708,3604 712,3604 727,3589 727,3564 732,3559 737,3564 948,3564 953,3559 1003,3559 1005,3557 1005,3556 1007,3554 1007,3545 1012,3540 1155,3540 1160,3545 1160,3554 1165,3559 1165,3564 1170,3569 1342,3569 1347,3564 1352,3564 1357,3569 1568,3569 1573,3574 1573,3613 1578,3613 1583,3618 1750,3618 1750,3579 1755,3574 1797,3574 1798,3575 1798,3577 1799,3578 1799,3579 1800,3580 1800,3581 1801,3582 1801,3584 1802,3585 1802,3586 1803,3587 1803,3588 1804,3589 1804,3591 1805,3592 1805,3593 1806,3594 1806,3595 1807,3596 1807,3598 1808,3599 1808,3600 1809,3601 1809,3602 1810,3603 1810,3605 1811,3606 1811,3607 1812,3608 1812,3610 1813,3611 1813,3612 1814,3613 1814,3614 1815,3615 1815,3617 1816,3618 1816,3619 1817,3620 1817,3621 1818,3622 1818,3624 1819,3625 1819,3626 1820,3627 1820,3628 1821,3629 1821,3631 1822,3632 1822,3633 1823,3634 1823,3635 1824,3636 1824,3638 1825,3639 1825,3640 1826,3641 1826,3643 1827,3644 1827,3645 1828,3646 1828,3647 1829,3648 1829,3650 1830,3651 1830,3652 1831,3653 1831,3654 1832,3655 1832,3657 1833,3658 1833,3659 1834,3660 1834,3661 1835,3662 1835,3664 1836,3665 1836,3666 1837,3667 1837,3668 1838,3669 1838,3671 1839,3672 1839,3673 1840,3674 1840,3676 1841,3677 1841,3678 1842,3679 1842,3680 1843,3681 1842,3682 1735,3682 1730,3677 1730,3638 1514,3638 1514,3672 1509,3677 1504,3672 1504,3633 1352,3633 1352,3667 1347,3672 1298,3672 1293,3677 1189,3677 1184,3672 1184,3628 1017,3628 1017,3667 1012,3672 776,3672 776,3702 771,3707 747,3707 742,3702 742,3687 737,3682 737,3677 732,3672 732,3633 727,3628 614,3628 609,3623 457,3623 457,3663 455,3665 454,3665 452,3667 383,3667 378,3672 378,3781 380,3783 381,3783 383,3785 383,3790 668,3790 673,3795 673,3830 826,3830 828,3828 828,3827 830,3825 830,3820 835,3815 835,3810 840,3805 840,3800 850,3790 914,3790 919,3795 1293,3795 1298,3800 1440,3800 1445,3795 1514,3795 1519,3800 1725,3800 1730,3805 1730,3840 1732,3842 1733,3842 1735,3844 1811,3844 1812,3845 1811,3846 1811,3847 1810,3848 1810,3849 1809,3850 1809,3851 1808,3852 1808,3853 1807,3854 1807,3855 1806,3856 1806,3858 1805,3859 1805,3860 1804,3861 1804,3862 1803,3863 1803,3864 1802,3865 1802,3866 1801,3867 1801,3868 1800,3869 1661,3869 1661,3903 1656,3908 1632,3908 1627,3903 1627,3869 1622,3864 1475,3864 1470,3869 1470,3899 1468,3901 1467,3901 1465,3903 1175,3903 1170,3908 1165,3903 870,3903 868,3901 867,3901 865,3899 865,3869 860,3864 860,3859 708,3859 703,3864 703,3894 698,3899 403,3899 396,3906 395,3906 388,3913 388,3923 383,3928 383,3992 388,3997 388,4002 398,4012 408,4012 413,4017 413,4061 415,4063 415,4064 417,4066 570,4066 575,4061 594,4061 594,4017 599,4012 683,4012 688,4017 688,4061 693,4066 835,4066 840,4061 845,4061 850,4056 850,4046 855,4041 855,4026 857,4024 858,4024 860,4022 919,4022 919,4017 924,4012 929,4012 934,4007 939,4012 939,4022 941,4024 942,4024 944,4026 944,4031 1229,4031 1234,4026 1322,4026 1327,4031 1483,4031 1484,4032 1483,4033 1478,4033 1477,4034 1472,4034 1471,4035 1466,4035 1465,4036 1460,4036 1459,4037 1454,4037 1453,4038 1448,4038 1447,4039 1442,4039 1441,4040 1436,4040 1435,4041 1430,4041 1429,4042 1424,4042 1423,4043 1418,4043 1417,4044 1412,4044 1411,4045 1406,4045 1405,4046 1400,4046 1399,4047 1394,4047 1393,4048 1388,4048 1387,4049 1382,4049 1381,4050 1376,4050 1375,4051 1370,4051 1369,4052 1364,4052 1363,4053 1358,4053 1357,4054 1352,4054 1351,4055 1346,4055 1345,4056 1340,4056 1339,4057 1334,4057 1333,4058 1328,4058 1327,4059 1322,4059 1321,4060 1316,4060 1315,4061 1310,4061 1309,4062 1304,4062 1303,4063 1298,4063 1297,4064 1292,4064 1291,4065 1286,4065 1285,4066 1280,4066 1279,4067 1274,4067 1273,4068 1268,4068 1267,4069 1262,4069 1261,4070 1256,4070 1255,4071 1250,4071 1249,4072 1244,4072 1243,4073 1238,4073 1237,4074 1233,4074 1232,4075 1227,4075 1226,4076 1221,4076 1220,4077 1215,4077 1214,4078 1209,4078 1208,4079 1203,4079 1202,4080 1197,4080 1196,4081 1191,4081 1190,4082 1185,4082 1184,4083 1179,4083 1178,4084 1173,4084 1172,4085 1167,4085 1166,4086 1161,4086 1160,4087 1155,4087 1154,4088 1149,4088 1148,4089 1143,4089 1142,4090 1137,4090 1136,4091 1131,4091 1130,4092 1125,4092 1124,4093 1119,4093 1118,4094 1113,4094 1112,4095 1107,4095 1106,4096 1101,4096 1100,4097 1095,4097 1094,4098 1089,4098 1088,4099 1083,4099 1082,4100 1077,4100 1076,4101 1071,4101 1070,4102 1065,4102 1064,4103 1059,4103 1058,4104 1053,4104 1052,4105 1047,4105 1046,4106 1041,4106 1040,4107 1035,4107 1034,4108 1029,4108 1028,4109 1023,4109 1022,4110 1017,4110 1016,4111 1011,4111 1010,4112 1005,4112 1004,4113 999,4113 998,4114 993,4114 992,4115 987,4115 986,4116 981,4116 980,4117 975,4117 974,4118 969,4118 968,4119 963,4119 962,4120 957,4120 956,4121 952,4121 951,4122 946,4122 945,4123 940,4123 939,4124 934,4124 933,4125 928,4125 927,4126 922,4126 921,4127 916,4127 915,4128 910,4128 909,4129 904,4129 903,4130 898,4130 897,4131 892,4131 891,4132 886,4132 885,4133 880,4133 879,4134 874,4134 873,4135 868,4135 867,4136 862,4136 861,4137 856,4137 855,4138 850,4138 849,4139 844,4139 843,4140 838,4140 837,4141 836,4141 835,4140 835,4090 683,4090 678,4095 678,4125 673,4130 609,4130 604,4125 604,4081 452,4081 452,4085 447,4090 447,4110 442,4115 393,4115 388,4120 388,4125 383,4130 383,4189 393,4199 393,4243 398,4248 678,4248 683,4253 683,4258 830,4258 830,4253 835,4248 840,4253 840,4258 993,4258 993,4253 998,4248 998,4179 993,4174 840,4174 835,4169 835,4144 836,4143 837,4143 838,4142 843,4142 844,4141 849,4141 850,4140 855,4140 856,4139 861,4139 862,4138 867,4138 868,4137 873,4137 874,4136 879,4136 880,4135 885,4135 886,4134 891,4134 892,4133 897,4133 898,4132 903,4132 904,4131 909,4131 910,4130 914,4130 915,4129 920,4129 921,4128 926,4128 927,4127 932,4127 933,4126 938,4126 939,4125 944,4125 945,4124 950,4124 951,4123 956,4123 957,4122 962,4122 963,4121 968,4121 969,4120 974,4120 975,4119 980,4119 981,4118 986,4118 987,4117 992,4117 993,4116 998,4116 999,4115 1004,4115 1005,4114 1010,4114 1011,4113 1016,4113 1017,4112 1022,4112 1023,4111 1028,4111 1029,4110 1034,4110 1035,4109 1040,4109 1041,4108 1046,4108 1047,4107 1052,4107 1053,4106 1058,4106 1059,4105 1064,4105 1065,4104 1070,4104 1071,4103 1076,4103 1077,4102 1082,4102 1083,4101 1088,4101 1089,4100 1094,4100 1095,4099 1100,4099 1101,4098 1106,4098 1107,4097 1112,4097 1113,4096 1118,4096 1119,4095 1124,4095 1125,4094 1130,4094 1131,4093 1136,4093 1137,4092 1142,4092 1143,4091 1148,4091 1149,4090 1154,4090 1155,4089 1160,4089 1161,4088 1166,4088 1167,4087 1172,4087 1173,4086 1178,4086 1179,4085 1184,4085 1185,4084 1189,4084 1190,4083 1195,4083 1196,4082 1201,4082 1202,4081 1207,4081 1208,4080 1213,4080 1214,4079 1219,4079 1220,4078 1225,4078 1226,4077 1231,4077 1232,4076 1237,4076 1238,4075 1243,4075 1244,4074 1249,4074 1250,4073 1255,4073 1256,4072 1261,4072 1262,4071 1267,4071 1268,4070 1273,4070 1274,4069 1279,4069 1280,4068 1285,4068 1286,4067 1291,4067 1292,4066 1297,4066 1298,4065 1303,4065 1304,4064 1309,4064 1310,4063 1315,4063 1316,4062 1321,4062 1322,4061 1327,4061 1328,4060 1333,4060 1334,4059 1339,4059 1340,4058 1345,4058 1346,4057 1351,4057 1352,4056 1357,4056 1358,4055 1363,4055 1364,4054 1369,4054 1370,4053 1375,4053 1376,4052 1381,4052 1382,4051 1387,4051 1388,4050 1393,4050 1394,4049 1399,4049 1400,4048 1405,4048 1406,4047 1411,4047 1412,4046 1417,4046 1418,4045 1423,4045 1424,4044 1429,4044 1430,4043 1435,4043 1436,4042 1441,4042 1442,4041 1447,4041 1448,4040 1453,4040 1454,4039 1459,4039 1460,4038 1465,4038 1466,4037 1470,4037 1471,4036 1476,4036 1477,4035 1482,4035 1483,4034 1488,4034 1489,4033 1494,4033 1495,4032 1500,4032 1501,4031 1529,4031 1533,4035 1533,4036 1538,4041 1686,4041 1686,4036 1691,4031 1740,4031 1750,4041 1750,4046 1757,4046 1758,4047 1758,4050 1759,4051 1759,4053 1760,4054 1760,4057 1761,4058 1761,4061 1762,4062 1762,4064 1763,4065 1763,4068 1764,4069 1764,4072 1765,4073 1765,4075 1766,4076 1766,4079 1767,4080 1767,4083 1768,4084 1768,4086 1769,4087 1769,4090 1770,4091 1770,4094 1771,4095 1771,4097 1772,4098 1772,4101 1773,4102 1773,4105 1774,4106 1774,4108 1775,4109 1775,4112 1776,4113 1776,4116 1777,4117 1777,4119 1778,4120 1778,4123 1779,4124 1779,4127 1780,4128 1780,4130 1781,4131 1781,4134 1782,4135 1782,4138 1783,4139 1783,4141 1784,4142 1784,4145 1785,4146 1785,4149 1786,4150 1786,4152 1787,4153 1787,4156 1788,4157 1788,4160 1789,4161 1789,4163 1790,4164 1790,4167 1791,4168 1791,4171 1792,4172 1792,4174 1793,4175 1793,4178 1794,4179 1794,4182 1795,4183 1795,4185 1796,4186 1796,4189 1797,4190 1797,4193 1798,4194 1798,4196 1799,4197 1799,4200 1800,4201 1800,4204 1801,4205 1801,4207 1802,4208 1802,4211 1803,4212 1803,4215 1804,4216 1804,4218 1805,4219 1805,4222 1806,4223 1806,4226 1807,4227 1807,4229 1808,4230 1808,4233 1809,4234 1809,4236 1810,4237 1810,4240 1811,4241 1811,4244 1812,4245 1812,4247 1813,4248 1813,4251 1814,4252 1814,4255 1815,4256 1815,4258 1816,4259 1816,4262 1817,4263 1817,4266 1818,4267 1818,4269 1819,4270 1819,4273 1820,4274 1820,4277 1821,4278 1821,4280 1822,4281 1822,4284 1823,4285 1823,4288 1824,4289 1824,4291 1825,4292 1825,4295 1826,4296 1826,4299 1827,4300 1827,4302 1828,4303 1828,4306 1829,4307 1829,4310 1830,4311 1830,4313 1831,4314 1831,4317 1832,4318 1832,4321 1833,4322 1833,4324 1834,4325 1834,4328 1835,4329 1835,4332 1836,4333 1836,4335 1837,4336 1837,4339 1838,4340 1838,4343 1839,4344 1839,4346 1840,4347 1840,4350 1841,4351 1841,4354 1842,4355 1842,4357 1843,4358 1843,4361 1844,4362 1844,4365 1845,4366 1845,4368 1846,4369 1846,4372 1847,4373 1847,4376 1848,4377 1848,4379 1849,4380 1849,4383 1850,4384 1849,4385 1750,4385 1745,4380 1553,4380 1551,4378 1550,4378 1548,4376 1548,4361 1420,4361 1418,4359 1418,4358 1416,4356 1416,4331 1243,4331 1243,4371 1241,4373 1241,4374 1239,4376 1066,4376 1064,4374 1064,4373 1062,4371 1007,4371 1005,4369 1005,4368 1003,4366 1003,4336 998,4331 998,4326 767,4326 762,4321 761,4321 757,4317 590,4317 590,4321 585,4326 580,4326 570,4336 565,4336 565,4341 555,4351 555,4356 550,4361 550,4371 545,4376 545,4439 550,4444 550,4454 555,4459 555,4464 570,4479 575,4479 580,4484 732,4484 737,4489 1032,4489 1037,4494 1037,4498 1514,4498 1519,4503 1632,4503 1637,4508 1637,4548 1642,4553 1841,4553 1842,4554 1842,4558 1841,4559 1841,4566 1840,4567 1686,4567 1686,4597 1681,4602 1573,4602 1573,4607 1568,4612 1450,4612 1445,4607 1302,4607 1300,4609 1300,4610 1298,4612 1170,4612 1165,4607 1155,4607 1150,4602 1150,4597 1145,4592 988,4592 988,4602 983,4607 929,4607 924,4602 850,4602 845,4597 845,4587 806,4587 801,4582 801,4553 644,4553 644,4582 639,4587 590,4587 590,4592 585,4597 403,4597 398,4602 393,4602 388,4607 383,4607 383,4641 378,4646 378,4700 383,4705 383,4715 388,4715 393,4720 767,4720 769,4722 769,4723 771,4725 771,4764 924,4764 924,4759 934,4749 934,4739 939,4734 939,4725 944,4720 998,4720 1003,4725 1116,4725 1121,4730 1121,4774 1130,4774 1135,4779 1302,4779 1302,4734 1304,4732 1305,4732 1307,4730 1578,4730 1580,4732 1581,4732 1583,4734 1765,4734 1766,4735 1765,4736 1765,4737 1758,4744 1758,4745 1752,4751 1752,4752 1745,4759 1745,4760 1738,4767 1738,4768 1732,4774 1732,4775 1725,4782 1725,4783 1718,4790 1718,4791 1711,4798 1278,4798 1273,4803 1273,4843 1268,4848 1263,4848 1258,4843 1160,4843 1155,4838 993,4838 988,4833 988,4818 983,4813 840,4813 835,4818 830,4818 830,4828 828,4830 828,4831 826,4833 673,4833 668,4828 668,4784 447,4784 442,4789 442,4828 437,4833 403,4833 398,4838 393,4838 388,4843 388,4848 386,4850 385,4850 383,4852 383,4941 393,4941 398,4946 511,4946 516,4951 658,4951 663,4946 693,4946 703,4956 1032,4956 1037,4961 1440,4961 1445,4966 1668,4966 1669,4967 1669,4968 1670,4969 1670,4971 1671,4972 1671,4973 1672,4974 1672,4976 1673,4977 1673,4979 1674,4980 1674,4982 1675,4983 1675,4985 1676,4986 1676,4988 1677,4989 1677,4990 1678,4991 1678,4993 1679,4994 1679,4996 1680,4997 1680,4999 1681,5000 1681,5002 1682,5003 1682,5005 1683,5006 1683,5007 1684,5008 1684,5010 1685,5011 1685,5013 1686,5014 1686,5016 1687,5017 1687,5019 1688,5020 1688,5021 1689,5022 1689,5024 1690,5025 1690,5027 1691,5028 1691,5030 1692,5031 1692,5033 1693,5034 1693,5036 1694,5037 1694,5038 1695,5039 1695,5041 1696,5042 1696,5044 1697,5045 1697,5047 1698,5048 1698,5050 1699,5051 1699,5053 1700,5054 1700,5055 1701,5056 1701,5058 1702,5059 1702,5061 1703,5062 1703,5064 1704,5065 1704,5067 1705,5068 1705,5070 1706,5071 1706,5072 1707,5073 1707,5075 1708,5076 1708,5078 1709,5079 1709,5081 1710,5082 1710,5084 1711,5085 1711,5087 1710,5088 1686,5088 1684,5086 1683,5086 1681,5084 1681,5039 1676,5034 1519,5034 1514,5039 1514,5088 1509,5093 1489,5093 1479,5103 1479,5118 1477,5120 1477,5121 1475,5123 1435,5123 1430,5118 1430,5093 1425,5088 1420,5088 1416,5084 1352,5084 1347,5079 1347,5059 1293,5059 1288,5054 1288,5039 1283,5034 1135,5034 1130,5039 1130,5074 1125,5079 1047,5079 1042,5074 1042,5069 806,5069 801,5064 742,5064 737,5059 737,5025 732,5020 580,5020 580,5044 575,5049 531,5049 531,5054 526,5059 398,5059 388,5069 388,5074 383,5079 383,5177 388,5182 531,5182 533,5184 533,5185 535,5187 875,5187 880,5192 1135,5192 1140,5197 1342,5197 1347,5202 1347,5241 1494,5241 1499,5236 1499,5231 1514,5216 1519,5216 1519,5206 1521,5204 1522,5204 1524,5202 1578,5202 1580,5204 1581,5204 1583,5206 1718,5206 1719,5207 1719,5209 1718,5210 1718,5236 1717,5237 1717,5263 1716,5264 1716,5289 1715,5290 1715,5316 1714,5317 1714,5319 1713,5320 1593,5320 1588,5315 1588,5275 1391,5275 1391,5290 1386,5295 1219,5295 1214,5290 1214,5265 1052,5265 1052,5300 1047,5305 1027,5305 1022,5300 1022,5261 870,5261 868,5263 867,5263 865,5265 865,5275 860,5280 860,5300 855,5305 826,5305 821,5300 771,5300 769,5298 769,5297 767,5295 767,5256 609,5256 604,5261 457,5261 457,5270 447,5280 388,5280 383,5285 383,5295 378,5300 368,5300 368,5359 373,5359 378,5364 383,5364 388,5369 388,5423 535,5423 540,5418 599,5418 604,5423 909,5423 914,5428 1111,5428 1116,5433 1381,5433 1385,5437 1386,5437 1391,5442 1543,5442 1545,5440 1546,5440 1548,5438 1573,5438 1575,5440 1576,5440 1578,5442 1709,5442 1710,5443 1710,5463 1709,5464 1709,5494 1708,5495 1708,5525 1707,5526 1707,5555 1706,5556 1701,5551 1597,5551 1595,5549 1595,5548 1593,5546 1593,5541 1583,5531 1583,5511 1578,5506 1430,5506 1425,5511 1425,5531 1420,5536 1347,5536 1342,5531 1342,5506 1189,5506 1189,5541 1184,5546 1047,5546 1042,5541 1042,5531 1037,5526 885,5526 885,5536 880,5541 830,5541 828,5543 828,5544 826,5546 821,5546 811,5556 811,5580 806,5585 786,5585 781,5580 781,5546 771,5536 649,5536 644,5531 555,5531 550,5526 550,5521 545,5516 388,5516 388,5526 378,5536 378,5595 388,5605 388,5649 393,5654 393,5659 540,5659 545,5654 708,5654 712,5658 712,5659 717,5664 717,5703 722,5708 870,5708 880,5698 880,5693 885,5688 889,5688 889,5669 894,5664 1130,5664 1135,5669 1332,5669 1337,5674 1413,5674 1414,5675 1415,5675 1416,5676 1417,5676 1418,5677 1419,5677 1420,5678 1421,5678 1423,5680 1424,5680 1425,5681 1426,5681 1427,5682 1428,5682 1429,5683 1430,5683 1431,5684 1432,5684 1433,5685 1434,5685 1435,5686 1436,5686 1437,5687 1438,5687 1439,5688 1440,5688 1441,5689 1442,5689 1443,5690 1444,5690 1445,5691 1446,5691 1447,5692 1448,5692 1449,5693 1450,5693 1451,5694 1452,5694 1453,5695 1454,5695 1455,5696 1456,5696 1457,5697 1458,5697 1459,5698 1460,5698 1461,5699 1462,5699 1463,5700 1464,5700 1465,5701 1466,5701 1467,5702 1468,5702 1469,5703 1470,5703 1471,5704 1472,5704 1473,5705 1474,5705 1475,5706 1476,5706 1477,5707 1478,5707 1479,5708 1480,5708 1481,5709 1482,5709 1483,5710 1484,5710 1485,5711 1486,5711 1487,5712 1488,5712 1489,5713 1490,5713 1491,5714 1492,5714 1493,5715 1494,5715 1495,5716 1496,5716 1497,5717 1498,5717 1499,5718 1500,5718 1501,5719 1502,5719 1503,5720 1504,5720 1505,5721 1506,5721 1507,5722 1508,5722 1509,5723 1510,5723 1511,5724 1512,5724 1513,5725 1514,5725 1516,5727 1517,5727 1518,5728 1519,5728 1520,5729 1521,5729 1522,5730 1523,5730 1524,5731 1525,5731 1526,5732 1527,5732 1528,5733 1529,5733 1530,5734 1531,5734 1532,5735 1533,5735 1534,5736 1535,5736 1536,5737 1537,5737 1538,5738 1539,5738 1540,5739 1541,5739 1542,5740 1543,5740 1544,5741 1545,5741 1546,5742 1547,5742 1548,5743 1549,5743 1550,5744 1551,5744 1552,5745 1553,5745 1554,5746 1555,5746 1556,5747 1557,5747 1558,5748 1559,5748 1560,5749 1561,5749 1562,5750 1563,5750 1564,5751 1565,5751 1566,5752 1567,5752 1568,5753 1569,5753 1570,5754 1571,5754 1572,5755 1573,5755 1574,5756 1575,5756 1576,5757 1577,5757 1578,5758 1579,5758 1580,5759 1581,5759 1582,5760 1583,5760 1584,5761 1585,5761 1586,5762 1587,5762 1588,5763 1589,5763 1590,5764 1591,5764 1592,5765 1593,5765 1594,5766 1595,5766 1596,5767 1597,5767 1598,5768 1599,5768 1600,5769 1601,5769 1602,5770 1603,5770 1604,5771 1605,5771 1606,5772 1607,5772 1608,5773 1609,5773 1611,5775 1612,5775 1613,5776 1614,5776 1615,5777 1616,5777 1617,5778 1618,5778 1619,5779 1620,5779 1621,5780 1622,5780 1623,5781 1624,5781 1625,5782 1626,5782 1627,5783 1628,5783 1629,5784 1630,5784 1631,5785 1632,5785 1633,5786 1632,5787 1627,5787 1617,5797 1616,5797 1607,5806 1607,5811 1602,5816 1602,5821 1597,5826 1593,5826 1588,5821 1588,5782 1499,5782 1494,5777 1494,5733 1342,5733 1340,5735 1339,5735 1337,5737 1337,5772 1332,5777 1175,5777 1170,5772 1170,5733 1165,5728 1003,5728 1003,5767 998,5772 929,5772 924,5767 924,5733 919,5728 762,5728 757,5733 757,5767 752,5772 742,5772 737,5767 737,5728 732,5723 550,5723 545,5728 540,5728 540,5787 550,5787 555,5792 555,5816 550,5821 535,5821 535,5885 604,5885 614,5895 624,5895 629,5900 771,5900 771,5895 776,5890 983,5890 988,5895 1130,5895 1135,5890 1140,5890 1145,5895 1307,5895 1312,5900 1519,5900 1524,5905 1524,5939 1671,5939 1671,5934 1681,5924 1681,5919 1683,5917 1684,5917 1686,5915 1686,5910 1691,5905 1776,5905 1779,5908 1779,5909 1788,5918 1788,5919 1797,5928 1797,5929 1807,5939 1807,5940 1816,5949 1816,5950 1825,5959 1825,5960 1834,5969 1834,5970 1843,5979 1843,5980 1853,5990 1853,5991 1862,6000 1862,6001 1871,6010 1871,6011 1877,6017 1876,6018 1814,6018 1809,6013 1809,5974 1804,5969 1656,5969 1654,5971 1654,5972 1652,5974 1568,5974 1563,5969 1416,5969 1411,5974 1411,6013 1401,6023 1401,6047 1396,6052 1327,6052 1322,6047 1322,6023 1317,6018 1317,6013 1312,6013 1307,6008 1189,6008 1184,6003 1184,5964 1052,5964 1047,5959 889,5959 887,5961 887,5962 885,5964 885,5998 880,6003 580,6003 575,5998 575,5954 403,5954 403,5998 398,6003 393,6003 388,6008 383,6008 383,6013 373,6023 368,6023 368,6096 373,6096 378,6101 378,6126 383,6131 526,6131 531,6126 634,6126 639,6131 1253,6131 1258,6136 1258,6175 1406,6175 1411,6170 1411,6165 1416,6160 1416,6155 1420,6151 1420,6146 1430,6136 1578,6136 1583,6141 1789,6141 1794,6146 2192,6146 2197,6151 2271,6151 2273,6153 2274,6153 2276,6155 2876,6155 2881,6160 2881,6194 3033,6194 3033,6185 3038,6180 3038,6175 3058,6155 3254,6155 3256,6153 3257,6153 3259,6151 3264,6151 3274,6141 3274,6077 3269,6072 3269,6047 3264,6042 3264,6037 3262,6035 3261,6035 3259,6033 3195,6033 3193,6031 3193,6030 3191,6028 3191,6013 3186,6008 3186,5988 3018,5988 3016,5990 3016,5991 3014,5993 3014,6047 3023,6047 3028,6052 3028,6067 3023,6072 2969,6072 2964,6067 2964,6033 2959,6028 2807,6028 2802,6033 2787,6033 2782,6028 2728,6028 2723,6023 2723,5983 2566,5983 2566,6018 2561,6023 2522,6023 2517,6028 2433,6028 2428,6023 2188,6023 2183,6018 2183,6003 2178,5998 2178,5978 2173,5978 2171,5976 2170,5976 2168,5974 2020,5974 2018,5976 2017,5976 2015,5978 2011,5978 2011,6013 2006,6018 1881,6018 1877,6014 1877,6013 1868,6004 1868,6003 1859,5994 1859,5993 1849,5983 1849,5982 1840,5973 1840,5972 1831,5963 1831,5962 1822,5953 1822,5952 1813,5943 1813,5942 1803,5932 1803,5931 1794,5922 1794,5921 1785,5912 1785,5911 1780,5906 1781,5905 1902,5905 1907,5910 2379,5910 2384,5915 2566,5915 2571,5910 2586,5910 2591,5915 2817,5915 2819,5917 2820,5917 2822,5919 3112,5919 3117,5924 3269,5924 3274,5919 3274,5860 3267,5853 3266,5853 3259,5846 3259,5767 3254,5762 3254,5757 3082,5757 3082,5792 3080,5794 3079,5794 3077,5796 2822,5796 2820,5794 2819,5794 2817,5792 2817,5772 2812,5767 2812,5762 2807,5757 2802,5757 2797,5752 2492,5752 2492,5787 2487,5792 2379,5792 2374,5787 2222,5787 2217,5782 2217,5742 2060,5742 2055,5747 2055,5782 2050,5787 1892,5787 1890,5785 1890,5784 1888,5782 1888,5742 1704,5742 1703,5741 1703,5711 1704,5710 1704,5680 1706,5678 2325,5678 2327,5676 2328,5676 2330,5674 2330,5610 2325,5605 2281,5605 2276,5600 2276,5516 2104,5516 2104,5536 2099,5541 2094,5536 2094,5531 2089,5526 2089,5516 1981,5516 1976,5511 1814,5511 1814,5551 1809,5556 1710,5556 1709,5555 1709,5526 1710,5525 1710,5495 1711,5494 1711,5464 1712,5463 1712,5443 1713,5442 1720,5442 1722,5440 1723,5440 1725,5438 1799,5438 1801,5440 1802,5440 1804,5442 2369,5442 2374,5447 2581,5447 2586,5452 2699,5452 2704,5457 2704,5472 2846,5472 2846,5457 2851,5452 2925,5452 2930,5457 3073,5457 3075,5459 3075,5460 3077,5462 3235,5462 3235,5438 3240,5433 3274,5433 3279,5428 3279,5369 3269,5359 3225,5359 3220,5354 3220,5290 3063,5290 3063,5334 3058,5339 3053,5339 3048,5334 2689,5334 2684,5329 2684,5315 2679,5310 2537,5310 2532,5315 2532,5324 2527,5329 2074,5329 2072,5327 2072,5326 2070,5324 2070,5310 2065,5305 1863,5305 1858,5310 1858,5315 1853,5320 1717,5320 1716,5319 1716,5317 1717,5316 1717,5290 1718,5289 1718,5264 1719,5263 1719,5237 1720,5236 1720,5210 1721,5209 1721,5207 1722,5206 1725,5206 1727,5204 1728,5204 1730,5202 1735,5202 1737,5204 1738,5204 1740,5206 1976,5206 1981,5211 2709,5211 2714,5216 3087,5216 3092,5221 3235,5221 3235,5202 3240,5197 3279,5197 3279,5192 3284,5187 3284,5128 3279,5123 3230,5123 3225,5118 3225,5108 3220,5103 3161,5103 3156,5098 3073,5098 3068,5093 3068,5054 3063,5049 2915,5049 2910,5054 2812,5054 2812,5093 2807,5098 2492,5098 2487,5093 1917,5093 1912,5088 1892,5088 1888,5084 1888,5069 1735,5069 1735,5084 1733,5086 1732,5086 1730,5088 1714,5088 1713,5087 1713,5085 1712,5084 1712,5082 1711,5081 1711,5079 1710,5078 1710,5077 1709,5076 1709,5074 1708,5073 1708,5071 1707,5070 1707,5068 1706,5067 1706,5065 1705,5064 1705,5062 1704,5061 1704,5060 1703,5059 1703,5057 1702,5056 1702,5054 1701,5053 1701,5051 1700,5050 1700,5048 1699,5047 1699,5045 1698,5044 1698,5043 1697,5042 1697,5040 1696,5039 1696,5037 1695,5036 1695,5034 1694,5033 1694,5031 1693,5030 1693,5028 1692,5027 1692,5026 1691,5025 1691,5023 1690,5022 1690,5020 1689,5019 1689,5017 1688,5016 1688,5014 1687,5013 1687,5011 1686,5010 1686,5009 1685,5008 1685,5006 1684,5005 1684,5003 1683,5002 1683,5000 1682,4999 1682,4997 1681,4996 1681,4994 1680,4993 1680,4992 1679,4991 1679,4989 1678,4988 1678,4986 1677,4985 1677,4983 1676,4982 1676,4980 1675,4979 1675,4978 1674,4977 1674,4975 1673,4974 1673,4972 1672,4971 1672,4969 1671,4968 1671,4967 1672,4966 1765,4966 1774,4975 1917,4975 1922,4970 2070,4970 2072,4972 2072,4973 2074,4975 2660,4975 2662,4977 2662,4978 2664,4980 2915,4980 2920,4985 3200,4985 3205,4980 3210,4980 3210,4966 3215,4961 3264,4961 3269,4956 3269,4897 3264,4892 3230,4892 3225,4887 3225,4872 3220,4867 2910,4867 2905,4862 2428,4862 2426,4860 2426,4859 2424,4857 2424,4813 2374,4813 2369,4808 2217,4808 2217,4852 2212,4857 1971,4857 1966,4852 1966,4808 1961,4803 1720,4803 1715,4798 1716,4797 1716,4796 1723,4789 1723,4788 1730,4781 1730,4780 1736,4774 1736,4773 1743,4766 1743,4765 1750,4758 1750,4757 1757,4750 1757,4749 1763,4743 1763,4742 1771,4734 2104,4734 2109,4739 2502,4739 2507,4744 2507,4749 2650,4749 2650,4744 2655,4739 2709,4739 2714,4744 2714,4793 2896,4793 2896,4754 2898,4752 2898,4751 2900,4749 2935,4749 2940,4754 3092,4754 3097,4759 3097,4798 3245,4798 3250,4793 3254,4793 3261,4786 3262,4786 3269,4779 3269,4764 3274,4759 3274,4690 3269,4685 3269,4675 3264,4675 3262,4673 3261,4673 3259,4671 3186,4671 3181,4666 3181,4646 3166,4631 3028,4631 3023,4626 3023,4616 3021,4614 3020,4614 3018,4612 3018,4597 3016,4595 3016,4594 3014,4592 2969,4592 2964,4587 2807,4587 2807,4626 2802,4631 2782,4631 2780,4629 2780,4628 2778,4626 2655,4626 2650,4621 2650,4612 2492,4612 2492,4621 2487,4626 2369,4626 2367,4624 2367,4623 2365,4621 2079,4621 2074,4616 1863,4616 1861,4614 1860,4614 1858,4612 1858,4577 1853,4572 1853,4567 1844,4567 1843,4566 1843,4559 1844,4558 1844,4554 1845,4553 1902,4553 1902,4508 1907,4503 1942,4503 1947,4508 2119,4508 2124,4513 2537,4513 2542,4518 2812,4518 2817,4523 2817,4557 2964,4557 2971,4550 2972,4550 2979,4543 2979,4538 2984,4533 2984,4523 2989,4518 3097,4518 3102,4523 3264,4523 3269,4518 3274,4518 3284,4508 3284,4420 3279,4415 3279,4410 3264,4395 3205,4395 3200,4390 3200,4361 3195,4356 3195,4351 2979,4351 2974,4356 2974,4385 2969,4390 2807,4390 2802,4385 2802,4376 2591,4376 2591,4385 2586,4390 2325,4390 2320,4385 2320,4346 2119,4346 2114,4351 2114,4380 2109,4385 2045,4385 2040,4380 2040,4341 1868,4341 1868,4380 1863,4385 1853,4385 1851,4383 1851,4381 1850,4380 1850,4377 1849,4376 1849,4373 1848,4372 1848,4370 1847,4369 1847,4366 1846,4365 1846,4362 1845,4361 1845,4359 1844,4358 1844,4355 1843,4354 1843,4351 1842,4350 1842,4348 1841,4347 1841,4344 1840,4343 1840,4340 1839,4339 1839,4337 1838,4336 1838,4333 1837,4332 1837,4329 1836,4328 1836,4326 1835,4325 1835,4322 1834,4321 1834,4318 1833,4317 1833,4315 1832,4314 1832,4311 1831,4310 1831,4307 1830,4306 1830,4304 1829,4303 1829,4300 1828,4299 1828,4296 1827,4295 1827,4293 1826,4292 1826,4289 1825,4288 1825,4285 1824,4284 1824,4282 1823,4281 1823,4278 1822,4277 1822,4274 1821,4273 1821,4271 1820,4270 1820,4267 1819,4266 1819,4263 1818,4262 1818,4260 1817,4259 1817,4256 1816,4255 1816,4252 1815,4251 1815,4249 1814,4248 1814,4245 1813,4244 1813,4241 1812,4240 1812,4238 1811,4237 1811,4234 1810,4233 1810,4230 1809,4229 1809,4227 1808,4226 1808,4223 1807,4222 1807,4219 1806,4218 1806,4216 1805,4215 1805,4212 1804,4211 1804,4208 1803,4207 1803,4205 1802,4204 1802,4201 1801,4200 1801,4197 1800,4196 1800,4194 1799,4193 1799,4190 1798,4189 1798,4186 1797,4185 1797,4183 1796,4182 1796,4179 1795,4178 1795,4176 1794,4175 1794,4172 1793,4171 1793,4168 1792,4167 1792,4165 1791,4164 1791,4161 1790,4160 1790,4157 1789,4156 1789,4154 1788,4153 1788,4150 1787,4149 1787,4146 1786,4145 1786,4143 1785,4142 1785,4139 1784,4138 1784,4135 1783,4134 1783,4132 1782,4131 1782,4128 1781,4127 1781,4124 1780,4123 1780,4121 1779,4120 1779,4117 1778,4116 1778,4113 1777,4112 1777,4110 1776,4109 1776,4106 1775,4105 1775,4102 1774,4101 1774,4099 1773,4098 1773,4095 1772,4094 1772,4091 1771,4090 1771,4088 1770,4087 1770,4084 1769,4083 1769,4080 1768,4079 1768,4077 1767,4076 1767,4073 1766,4072 1766,4069 1765,4068 1765,4066 1764,4065 1764,4062 1763,4061 1763,4058 1762,4057 1762,4055 1761,4054 1761,4051 1760,4050 1760,4047 1761,4046 1824,4046 1829,4051 1829,4081 2011,4081 2011,4041 2013,4039 2013,4038 2015,4036 2065,4036 2070,4041 2360,4041 2365,4046 2365,4100 2369,4100 2374,4105 2517,4105 2517,4090 2522,4085 2527,4085 2532,4090 2684,4090 2684,4085 2686,4083 2687,4083 2689,4081 2817,4081 2817,4051 2822,4046 2851,4046 2856,4051 3038,4051 3043,4056 3043,4061 3082,4061 3087,4066 3087,4090 3230,4090 3230,4041 3235,4036 3274,4036 3279,4031 3279,3958 3274,3953 3220,3953 3215,3948 3215,3938 3205,3928 2905,3928 2900,3923 2704,3923 2699,3918 2699,3884 2694,3879 2546,3879 2544,3881 2544,3882 2542,3884 2542,3918 2537,3923 2404,3923 2399,3918 2222,3918 2217,3913 2217,3903 2215,3901 2214,3901 2212,3899 2065,3899 2065,3903 2055,3913 1824,3913 1819,3908 1819,3869 1804,3869 1803,3868 1803,3866 1804,3865 1804,3864 1805,3863 1805,3862 1806,3861 1806,3860 1807,3859 1807,3858 1808,3857 1808,3856 1809,3855 1809,3854 1810,3853 1810,3852 1811,3851 1811,3850 1812,3849 1812,3848 1813,3847 1813,3846 1815,3844 1878,3844 1882,3840 1883,3840 1888,3835 1888,3830 1890,3828 1890,3827 1892,3825 1897,3825 1897,3810 1902,3805 2207,3805 2212,3810 2212,3849 2365,3849 2367,3847 2367,3846 2369,3844 2369,3840 2374,3835 2374,3825 2379,3820 2379,3810 2384,3805 2414,3805 2419,3810 2674,3810 2679,3815 2679,3854 2684,3859 2851,3859 2856,3854 2856,3820 2861,3815 2900,3815 2905,3820 2905,3844 2915,3854 3077,3854 3077,3825 3082,3820 3269,3820 3279,3810 3279,3702 3269,3692 3210,3692 3205,3687 3205,3648 3053,3648 3048,3653 3048,3692 3043,3697 3023,3697 3018,3692 2787,3692 2782,3687 2728,3687 2723,3682 2723,3653 2719,3653 2714,3648 2566,3648 2561,3653 2561,3687 2556,3692 2448,3692 2443,3687 2384,3687 2379,3682 2379,3648 2374,3643 2242,3643 2237,3638 2237,3589 2084,3589 2084,3633 2079,3638 2060,3638 2060,3643 2055,3648 2055,3677 2050,3682 1845,3682 1844,3681 1844,3679 1843,3678 1843,3677 1842,3676 1842,3675 1841,3674 1841,3672 1840,3671 1840,3670 1839,3669 1839,3668 1838,3667 1838,3665 1837,3664 1837,3663 1836,3662 1836,3660 1835,3659 1835,3658 1834,3657 1834,3656 1833,3655 1833,3653 1832,3652 1832,3651 1831,3650 1831,3649 1830,3648 1830,3646 1829,3645 1829,3644 1828,3643 1828,3642 1827,3641 1827,3639 1826,3638 1826,3637 1825,3636 1825,3635 1824,3634 1824,3632 1823,3631 1823,3630 1822,3629 1822,3627 1821,3626 1821,3625 1820,3624 1820,3623 1819,3622 1819,3620 1818,3619 1818,3618 1817,3617 1817,3616 1816,3615 1816,3613 1815,3612 1815,3611 1814,3610 1814,3609 1813,3608 1813,3606 1812,3605 1812,3604 1811,3603 1811,3602 1810,3601 1810,3599 1809,3598 1809,3597 1808,3596 1808,3594 1807,3593 1807,3592 1806,3591 1806,3590 1805,3589 1805,3587 1804,3586 1804,3585 1803,3584 1803,3583 1802,3582 1802,3580 1801,3579 1801,3578 1800,3577 1800,3576 1799,3575 1800,3574 2291,3574 2296,3579 2542,3579 2544,3581 2544,3582 2546,3584 2546,3623 2551,3628 2694,3628 2699,3623 2728,3623 2728,3589 2733,3584 3225,3584 3230,3579 3230,3569 3235,3564 3279,3564 3284,3559 3284,3495 3240,3495 3235,3490 3235,3486 3230,3481 3230,3427 3225,3422 3073,3422 3073,3427 3071,3429 3070,3429 3068,3431 3068,3461 3063,3466 3038,3466 3033,3461 2969,3461 2964,3456 2964,3422 2959,3417 2797,3417 2792,3422 2792,3456 2787,3461 2551,3461 2546,3456 2478,3456 2473,3451 2473,3412 2261,3412 2261,3446 2256,3451 1922,3451 1917,3446 1917,3417 1912,3412 1912,3407 1760,3407 1760,3446 1755,3451 1717,3451 1605,3339 1606,3338 1676,3338 1681,3343 2532,3343 2537,3348 2955,3348 2957,3350 2957,3351 2959,3353 3097,3353 3102,3358 3269,3358 3279,3348 3279,3240 3274,3235 2950,3235 2945,3230 2945,3225 2807,3225 2802,3220 2802,3181 2650,3181 2650,3220 2645,3225 2453,3225 2448,3220 2448,3181 2443,3176 2296,3176 2291,3181 2291,3215 2286,3220 2261,3220 2256,3215 2256,3181 2251,3176 2045,3176 2045,3215 2040,3220 1735,3220 1730,3215 1730,3186 1720,3176 1601,3176 1600,3175 1601,3174 1602,3174 1603,3173 1604,3173 1606,3171 1607,3171 1608,3170 1609,3170 1610,3169 1611,3169 1613,3167 1614,3167 1615,3166 1616,3166 1617,3165 1618,3165 1620,3163 1621,3163 1622,3162 1623,3162 1624,3161 1625,3161 1627,3159 1628,3159 1629,3158 1630,3158 1631,3157 1632,3157 1634,3155 1635,3155 1636,3154 1637,3154 1638,3153 1639,3153 1641,3151 1642,3151 1643,3150 1644,3150 1645,3149 1646,3149 1648,3147 1649,3147 1650,3146 1651,3146 1652,3145 1653,3145 1655,3143 1656,3143 1657,3142 1658,3142 1659,3141 1660,3141 1661,3140 1662,3140 1664,3138 1665,3138 1666,3137 1667,3137 1668,3136 1669,3136 1671,3134 1672,3134 1673,3133 1674,3133 1675,3132 1676,3132 1678,3130 1679,3130 1680,3129 1681,3129 1682,3128 1683,3128 1685,3126 1686,3126 1687,3125 1688,3125 1689,3124 1690,3124 1692,3122 1693,3122 1694,3121 1695,3121 1696,3120 1697,3120 1699,3118 1700,3118 1701,3117 1702,3117 1703,3116 1704,3116 1706,3114 1707,3114 1708,3113 1709,3113 1710,3112 1711,3112 1713,3110 1714,3110 1715,3109 1716,3109 1717,3108 1718,3108 1719,3107 1809,3107 1814,3112 1814,3161 1986,3161 1986,3117 1991,3112 2138,3112 2143,3117 2143,3127 2360,3127 2360,3117 2365,3112 2546,3112 2551,3117 2684,3117 2689,3122 2856,3122 2861,3127 2861,3171 3048,3171 3048,3132 3053,3127 3176,3127 3181,3122 3225,3122 3225,3107 3230,3102 3279,3102 3284,3097 3284,3043 3279,3038 3279,3033 3220,3033 3215,3028 3215,3009 3127,3009 3122,3004 3122,2959 2955,2959 2955,3004 2950,3009 2945,3009 2940,3004 2605,3004 2603,3002 2603,3001 2601,2999 2463,2999 2458,2994 2458,2955 2453,2950 2286,2950 2286,2994 2281,2999 2192,2999 2190,2997 2190,2996 2188,2994 2040,2994 2035,2999 1863,2999 1858,2994 1826,2994 1825,2993 1825,2992 1826,2991 1826,2982 1827,2981 1827,2972 1828,2971 1828,2961 1829,2960 1829,2951 1830,2950 1830,2940 1831,2939 1831,2930 1832,2929 1832,2920 1833,2919 1833,2909 1834,2908 1834,2899 1835,2898 1835,2888 1836,2887 1836,2878 1838,2876 1858,2876 1863,2881 1878,2881 1883,2886 1883,2930 1888,2935 2035,2935 2040,2930 2065,2930 2065,2886 2070,2881 2207,2881 2212,2886 2428,2886 2433,2891 2433,2940 2610,2940 2610,2896 2615,2891 2837,2891 2839,2893 2839,2894 2841,2896 2984,2896 2989,2891 2999,2891 3004,2896 3274,2896 3284,2886 3284,2792 3274,2782 3269,2782 3267,2780 3266,2780 3264,2778 2994,2778 2989,2773 2384,2773 2379,2768 2271,2768 2266,2763 2266,2728 2261,2723 2260,2723 2256,2719 2109,2719 2107,2721 2106,2721 2104,2723 2089,2723 2089,2763 2084,2768 1863,2768 1858,2763 1804,2763 1799,2758 1799,2714 1744,2714 1728,2698 1727,2698 1701,2672 1700,2672 1674,2646 1675,2645 1711,2645 1713,2647 1713,2648 1715,2650 1961,2650 1966,2645 1991,2645 1996,2650 2099,2650 2104,2655 2104,2694 2251,2694 2251,2689 2266,2674 2266,2669 2270,2665 2271,2665 2276,2660 2278,2662 2279,2662 2281,2664 2281,2699 2286,2704 2453,2704 2458,2699 2458,2655 2463,2650 2512,2650 2517,2655 2532,2655 2537,2660 2866,2660 2868,2662 2869,2662 2871,2664 3102,2664 3107,2669 3254,2669 3259,2664 3264,2664 3271,2657 3272,2657 3279,2650 3279,2546 3277,2544 3276,2544 3274,2542 2827,2542 2822,2537 2586,2537 2581,2532 2581,2492 2424,2492 2424,2532 2419,2537 2271,2537 2266,2542 2261,2542 2247,2556 2242,2556 2242,2566 2237,2571 2178,2571 2173,2566 2173,2546 2168,2541 2167,2541 2163,2537 2153,2537 2148,2532 1765,2532 1760,2527 1760,2487 1758,2485 1757,2485 1755,2483 1703,2483 1702,2482 1702,2481 1704,2479 1704,2478 1706,2476 1706,2475 1708,2473 1708,2472 1709,2471 1709,2470 1711,2468 1711,2467 1713,2465 1713,2464 1715,2462 1715,2461 1717,2459 1717,2458 1719,2456 1719,2455 1721,2453 1721,2452 1723,2450 1723,2449 1725,2447 1725,2446 1727,2444 1727,2443 1729,2441 1729,2440 1731,2438 1731,2437 1733,2435 1733,2434 1735,2432 1735,2431 1736,2430 1736,2429 1738,2427 1738,2426 1740,2424 1740,2423 1742,2421 1742,2420 1744,2418 1744,2417 1747,2414 2065,2414 2070,2419 2070,2424 2758,2424 2760,2426 2761,2426 2763,2428 2763,2463 2768,2468 2851,2468 2861,2478 3009,2478 3014,2473 3043,2473 3043,2433 3048,2428 3279,2428 3281,2426 3282,2426 3284,2424 3284,2350 3279,2345 3279,2310 3274,2310 3272,2308 3271,2308 3269,2306 3117,2306 3112,2301 3112,2266 2945,2266 2945,2301 2940,2306 2861,2306 2859,2308 2858,2308 2856,2310 2856,2340 2851,2345 2827,2345 2822,2340 2822,2320 2817,2315 2817,2310 2815,2308 2814,2308 2812,2306 2782,2306 2780,2304 2780,2303 2778,2301 2778,2261 2605,2261 2605,2296 2603,2298 2603,2299 2601,2301 2561,2301 2556,2306 2463,2306 2458,2301 2399,2301 2394,2296 2394,2256 2188,2256 2183,2261 2183,2291 2178,2296 2173,2291 2173,2256 2168,2251 2168,2247 2025,2247 2025,2251 2015,2261 2015,2296 2013,2298 2013,2299 2011,2301 1907,2301 1902,2296 1848,2296 1843,2291 1843,2247 1760,2247 1759,2246 1759,2245 1758,2244 1758,2242 1757,2241 1757,2239 1756,2238 1756,2236 1755,2235 1755,2233 1754,2232 1754,2231 1753,2230 1753,2228 1752,2227 1752,2225 1751,2224 1751,2222 1750,2221 1750,2219 1749,2218 1749,2216 1748,2215 1748,2213 1747,2212 1747,2210 1746,2209 1746,2207 1745,2206 1745,2204 1744,2203 1744,2201 1743,2200 1743,2198 1742,2197 1742,2195 1741,2194 1741,2192 1740,2191 1740,2189 1739,2188 1739,2186 1738,2185 1738,2183 1737,2182 1737,2180 1736,2179 1737,2178 1966,2178 1971,2173 1971,2168 1976,2163 2114,2163 2119,2168 2119,2188 2527,2188 2529,2190 2530,2190 2532,2192 3058,2192 3063,2197 3205,2197 3210,2192 3269,2192 3271,2190 3272,2190 3274,2188 3274,2124 3269,2119 3269,2114 3068,2114 3063,2109 3068,2104 3068,2045 3063,2040 3063,2035 3058,2035 3053,2030 2896,2030 2891,2035 2881,2035 2881,2070 2879,2072 2878,2072 2876,2074 2874,2072 2873,2072 2871,2070 2763,2070 2758,2065 2758,2030 2753,2030 2748,2025 2438,2025 2433,2030 2433,2065 2428,2070 2365,2070 2360,2065 2360,2030 2355,2025 2119,2025 2119,2079 2114,2084 1932,2084 1927,2079 1927,2074 1922,2069 1921,2069 1917,2065 1863,2065 1858,2060 1720,2060 1715,2055 1715,2052 1716,2051 1716,2047 1717,2046 1717,2042 1718,2041 1718,2037 1719,2036 1719,2033 1720,2032 1720,2028 1721,2027 1721,2023 1722,2022 1722,2018 1723,2017 1723,2014 1724,2013 1724,2009 1725,2008 1725,2004 1726,2003 1726,1999 1727,1998 1727,1994 1728,1993 1728,1990 1729,1989 1729,1985 1730,1984 1730,1980 1731,1979 1731,1975 1732,1974 1732,1971 1733,1970 1733,1966 1734,1965 1734,1961 1735,1960 1735,1956 1736,1955 1736,1952 1737,1951 1824,1951 1829,1956 2320,1956 2325,1961 2325,2006 2497,2006 2502,2001 2502,1966 2507,1961 2601,1961 2603,1963 2603,1964 2605,1966 2605,2001 2758,2001 2768,1991 2768,1986 2773,1981 2773,1971 2777,1967 2777,1966 2782,1961 2817,1961 2822,1966 2930,1966 2935,1971 2935,2011 3117,2011 3117,1971 3122,1966 3259,1966 3264,1961 3269,1961 3274,1956 3274,1858 3264,1848 3259,1848 3254,1843 2969,1843 2964,1838 2964,1829 2812,1829 2812,1838 2807,1843 2753,1843 2743,1853 2738,1853 2733,1858 2733,1863 2728,1868 2728,1873 2723,1878 2679,1878 2674,1873 2674,1843 2669,1838 2438,1838 2433,1843 2355,1843 2350,1838 2158,1838 2153,1833 2153,1789 1873,1789 1863,1799 1863,1829 1861,1831 1860,1831 1858,1833 1799,1833 1798,1832 1802,1828 1802,1827 1805,1824 1805,1823 1809,1819 1809,1818 1812,1815 1812,1814 1816,1810 1816,1809 1819,1806 1819,1805 1823,1801 1823,1800 1826,1797 1826,1796 1830,1792 1830,1791 1833,1788 1833,1787 1837,1783 1837,1782 1841,1778 1841,1777 1844,1774 1844,1773 1848,1769 1848,1768 1851,1765 1851,1764 1855,1760 1855,1759 1858,1756 1858,1755 1862,1751 1862,1750 1865,1747 1865,1746 1869,1742 1869,1741 1872,1738 1872,1737 1876,1733 1876,1732 1879,1729 1879,1728 1882,1725 1897,1725 1902,1720 1917,1720 1922,1725 2040,1725 2045,1730 2045,1770 2222,1770 2227,1765 2227,1730 2232,1725 2276,1725 2281,1730 2433,1730 2438,1725 2448,1725 2453,1720 2458,1725 2522,1725 2527,1730 2689,1730 2694,1735 3102,1735 3107,1740 3107,1774 3264,1774 3264,1770 3279,1755 3279,1750 3284,1745 3284,1686 3279,1681 3279,1661 3274,1661 3269,1656 3181,1656 3179,1654 3178,1654 3176,1652 3176,1617 3166,1617 3156,1607 3156,1597 3009,1597 3004,1602 3004,1607 2999,1612 2743,1612 2738,1607 2679,1607 2674,1602 2674,1593 2630,1593 2625,1588 2625,1568 2620,1563 2478,1563 2473,1568 2473,1588 2468,1593 2468,1607 2463,1612 2453,1612 2448,1607 2443,1607 2438,1602 2301,1602 2296,1597 2296,1563 2291,1563 2286,1558 2133,1558 2131,1560 2131,1561 2129,1563 2129,1602 2124,1607 2074,1607 2072,1605 2072,1604 2070,1602 2070,1588 1947,1588 1946,1587 1947,1586 1947,1573 1948,1572 1948,1560 1949,1559 1949,1546 1950,1545 1950,1533 1951,1532 1951,1519 1952,1518 1952,1506 1953,1505 1953,1500 1954,1499 2065,1499 2070,1504 2360,1504 2365,1499 2384,1499 2389,1504 2733,1504 2738,1509 3136,1509 3141,1514 3289,1514 3298,1505 3298,1449 3294,1445 3289,1445 3284,1440 3284,1401 3274,1391 3205,1391 3200,1386 3200,1347 3033,1347 3033,1391 3028,1396 2955,1396 2950,1391 2950,1376 2945,1371 2797,1371 2792,1376 2792,1391 2787,1396 2773,1396 2768,1391 2768,1352 2758,1342 2448,1342 2448,1381 2443,1386 2271,1386 2266,1381 2266,1376 2119,1376 2119,1381 2114,1386 2104,1386 2099,1381 2099,1376 1946,1376 1944,1374 1944,1373 1943,1372 1943,1371 1942,1370 1942,1369 1940,1367 1940,1366 1939,1365 1939,1364 1938,1363 1938,1362 1937,1361 1937,1360 1936,1359 1936,1358 1935,1357 1935,1356 1934,1355 1934,1354 1933,1353 1933,1352 1932,1351 1932,1350 1930,1348 1930,1347 1929,1346 1929,1345 1928,1344 1928,1343 1927,1342 1927,1341 1926,1340 1926,1339 1925,1338 1925,1337 1924,1336 1924,1335 1923,1334 1923,1333 1922,1332 1922,1331 1921,1330 1921,1329 1919,1327 1919,1326 1918,1325 1918,1324 1917,1323 1917,1322 1916,1321 1916,1320 1915,1319 1915,1318 1914,1317 1914,1316 1913,1315 1913,1314 1912,1313 1912,1312 1911,1311 1911,1310 1910,1309 1910,1308 1908,1306 1908,1305 1907,1304 1907,1303 1906,1302 1906,1301 1905,1300 1905,1299 1904,1298 1904,1297 1903,1296 1903,1295 1902,1294 1902,1293 1901,1292 1901,1291 1900,1290 1900,1289 1898,1287 1898,1286 1897,1285 1897,1284 1896,1283 1896,1282 1895,1281 1895,1280 1894,1279 1894,1278 1893,1277 1893,1276 1892,1275 1892,1274 1891,1273 1891,1272 1890,1271 1890,1270 1889,1269 1889,1268 1887,1266 1887,1265 1886,1264 1887,1263 2414,1263 2419,1268 2419,1317 2424,1317 2426,1319 2426,1320 2428,1322 2596,1322 2601,1317 2601,1278 2603,1276 2603,1275 2605,1273 3033,1273 3038,1278 3038,1322 3191,1322 3193,1320 3193,1319 3195,1317 3195,1312 3200,1307 3200,1293 3205,1288 3205,1283 3210,1278 3259,1278 3264,1273 3274,1273 3284,1263 3284,1175 3269,1160 3210,1160 3205,1155 3205,1111 3048,1111 3043,1116 3043,1160 3038,1165 3038,1194 3033,1199 2964,1199 2959,1194 2959,1111 2957,1109 2957,1108 2955,1106 2802,1106 2797,1111 2797,1150 2792,1155 2694,1155 2689,1150 2551,1150 2546,1145 2546,1106 2389,1106 2389,1130 2384,1135 2384,1145 2379,1150 2315,1150 2310,1145 1996,1145 1991,1140 1991,1096 1838,1096 1838,1140 1833,1145 1627,1145 1622,1140 1420,1140 1418,1138 1418,1137 1416,1135 1416,1121 1371,1121 1366,1116 1366,1091 1214,1091 1209,1086 1066,1086 1064,1088 1064,1089 1062,1091 1062,1121 1060,1123 1059,1123 1057,1125 1057,1135 1052,1140 939,1140 934,1135 934,1096 924,1086"/><TextEquiv><Unicode/></TextEquiv><TextLine id="r2_l001"><Coords points="466,1104 3217,1128 3216,1301 464,1277"/><TextEquiv index="1"><Unicode>vous le rpter; mais mon poux!... je</Unicode></TextEquiv></TextLine><TextLine id="r2_l002"><Coords points="466,1340 3232,1365 3231,1530 464,1505"/><TextEquiv index="1"><Unicode>ne le cderais qu'avec ma vie! et cela</Unicode></TextEquiv></TextLine><TextLine id="r2_l003"><Coords points="456,1567 3217,1592 3216,1757 454,1732"/><TextEquiv index="1"><Unicode>vous paratra d'autant plus tonnant,</Unicode></TextEquiv></TextLine><TextLine id="r2_l004"><Coords points="509,1966 500,1957 500,1954 499,1953 496,1953 496,1953 496,1916 495,1915 465,1915 465,1915 465,1911 465,1910 461,1910 460,1909 460,1899 460,1899 456,1899 455,1898 455,1884 456,1884 460,1884 460,1883 460,1863 461,1863 465,1863 465,1863 465,1859 466,1858 469,1858 469,1858 470,1854 470,1853 485,1853 486,1853 486,1849 486,1848 582,1849 583,1848 608,1848 609,1849 609,1852 609,1852 771,1854 772,1853 777,1853 778,1852 778,1807 778,1807 782,1807 783,1806 783,1802 783,1802 787,1802 788,1802 788,1806 788,1807 797,1807 798,1807 798,1852 798,1853 940,1854 941,1853 956,1853 957,1853 957,1849 957,1848 1074,1849 1075,1849 1075,1813 1075,1812 1079,1812 1080,1812 1080,1808 1080,1807 1093,1807 1094,1806 1095,1807 1095,1852 1095,1852 1253,1854 1254,1853 1391,1854 1392,1854 1392,1823 1392,1822 1396,1822 1397,1822 1397,1813 1397,1812 1448,1813 1449,1812 1514,1812 1515,1813 1515,1857 1515,1857 1704,1859 1705,1858 1801,1859 1802,1858 1896,1858 1897,1857 1934,1858 1935,1857 1935,1822 1935,1822 1939,1822 1940,1821 1940,1817 1940,1817 1944,1817 1945,1816 1945,1812 1945,1812 2072,1813 2073,1812 2083,1812 2084,1813 2084,1862 2084,1862 2262,1864 2263,1863 2288,1863 2289,1863 2288,1867 2289,1868 2499,1870 2500,1869 2508,1869 2508,1868 2509,1863 2509,1863 2583,1863 2584,1862 2600,1863 2601,1863 2600,1867 2601,1868 2602,1869 2606,1869 2606,1869 2606,1903 2607,1904 2801,1905 2801,1905 2801,1895 2802,1894 2806,1894 2806,1894 2806,1885 2807,1884 2811,1884 2811,1884 2811,1880 2813,1878 2816,1879 2816,1878 2816,1874 2817,1874 2820,1874 2820,1873 2820,1869 2821,1869 2882,1869 2882,1869 2883,1854 2883,1853 2897,1853 2898,1854 2898,1868 2898,1868 3112,1870 3113,1869 3174,1870 3175,1869 3184,1869 3184,1869 3184,1870 3185,1871 3185,1873 3186,1874 3195,1874 3195,1874 3195,1878 3196,1879 3200,1879 3200,1879 3200,1883 3201,1884 3205,1884 3205,1884 3205,1929 3204,1930 3200,1930 3200,1930 3200,1934 3199,1935 3190,1935 3190,1935 3190,1939 3189,1940 3134,1939 3133,1940 3053,1940 3053,1940 3052,1985 3052,1986 3042,1985 3041,1986 3007,1986 3006,1986 3006,1985 3005,1984 3006,1942 3005,1941 2893,1940 2893,1940 2893,1936 2892,1935 2709,1934 2709,1934 2709,1939 2708,1940 2703,1940 2703,1940 2703,1955 2702,1956 2698,1955 2698,1956 2698,1966 2697,1966 2693,1966 2693,1967 2693,1971 2692,1971 2688,1971 2688,1972 2688,1976 2687,1976 2678,1976 2678,1976 2678,1937 2677,1936 2437,1934 2437,1935 2437,1976 2436,1976 2432,1976 2432,1977 2431,1981 2431,1981 2396,1981 2396,1980 2396,1931 2395,1931 2232,1929 2231,1930 2048,1929 2047,1930 2002,1929 2001,1930 1899,1930 1899,1929 1899,1926 1898,1926 1725,1924 1724,1925 1658,1924 1657,1925 1525,1924 1524,1925 1382,1924 1381,1925 1305,1924 1305,1925 1305,1966 1304,1966 1300,1966 1300,1967 1300,1971 1299,1971 1264,1971 1264,1970 1264,1966 1263,1966 1259,1966 1259,1965 1259,1926 1258,1926 1059,1924 1058,1925 967,1924 966,1925 947,1925 947,1925 947,1922 946,1921 798,1920 798,1920 798,1939 797,1940 793,1940 793,1940 793,1949 792,1950 788,1950 788,1950 788,1955 787,1956 783,1956 783,1956 783,1960 782,1961 767,1961 767,1960 767,1921 766,1921 619,1919 618,1920 532,1920 532,1920 532,1965 531,1966 521,1965 520,1966"/><TextEquiv index="1"><Unicode>que je sais qu'il ne m'aime pas, et que</Unicode></TextEquiv></TextLine><TextLine id="r2_l005"><Coords points="457,2028 3206,2052 3205,2219 455,2195"/><TextEquiv index="1"><Unicode>c'est vous qu'il adore. -- Il m'adore? ....</Unicode></TextEquiv></TextLine><TextLine id="r2_l006"><Coords points="456,2259 3217,2284 3216,2455 455,2430"/><TextEquiv index="1"><Unicode>-- Toujours, mademoiselle: oh, plus</Unicode></TextEquiv></TextLine><TextLine id="r2_l007"><Coords points="456,2496 3212,2520 3211,2686 455,2662"/><TextEquiv index="1"><Unicode>que jamais! -- Femme, qui osez vous</Unicode></TextEquiv></TextLine><TextLine id="r2_l008"><Coords points="456,2726 3217,2751 3216,2920 455,2895"/><TextEquiv index="1"><Unicode>dire mon amie! de quel coup vous me</Unicode></TextEquiv></TextLine><TextLine id="r2_l009"><Coords points="451,2958 3217,2983 3216,3152 450,3127"/><TextEquiv index="1"><Unicode>frappez! que ne me persuadez-vous plu-</Unicode></TextEquiv></TextLine><TextLine id="r2_l010"><Coords points="446,3183 3212,3208 3211,3381 445,3356"/><TextEquiv index="1"><Unicode>tt qu'il me hait? vous diminueriez mes</Unicode></TextEquiv></TextLine><TextLine id="r2_l011"><Coords points="451,3419 3217,3444 3216,3628 450,3603"/><TextEquiv index="1"><Unicode>regrets. -- Je ne puis vous dire que la v-</Unicode></TextEquiv></TextLine><TextLine id="r2_l012"><Coords points="446,3645 3212,3670 3211,3840 445,3815"/><TextEquiv index="1"><Unicode>rit, mademoiselle; mais je m'aperois</Unicode></TextEquiv></TextLine><TextLine id="r2_l013"><Coords points="451,3877 3217,3902 3216,4089 450,4064"/><TextEquiv index="1"><Unicode>que je vous suis importune; je me re-</Unicode></TextEquiv></TextLine><TextLine id="r2_l014"><Coords points="451,4106 932,4111 931,4232 450,4227"/><TextEquiv index="1"><Unicode>tire!...</Unicode></TextEquiv></TextLine><TextLine id="r2_l015"><Coords points="615,4342 3217,4365 3216,4541 614,4518"/><TextEquiv index="1"><Unicode>Ccile voulut rappeler Jeannette; elle</Unicode></TextEquiv></TextLine><TextLine id="r2_l016"><Coords points="446,4576 3206,4601 3205,4774 445,4749"/><TextEquiv index="1"><Unicode>sortit; et passant dans une autre pice,</Unicode></TextEquiv></TextLine><TextLine id="r2_l017"><Coords points="446,4808 3201,4832 3200,4964 445,4940"/><TextEquiv index="1"><Unicode>elle eut avec M. de Verneuil une conver-</Unicode></TextEquiv></TextLine><TextLine id="r2_l018"><Coords points="451,5042 3217,5067 3216,5235 450,5210"/><TextEquiv index="1"><Unicode>sation secrte, dont nous saurons bien-</Unicode></TextEquiv></TextLine><TextLine id="r2_l019"><Coords points="440,5278 3212,5303 3211,5454 439,5429"/><TextEquiv index="1"><Unicode>tt le rsultat. Jeannette remonta en voi-</Unicode></TextEquiv></TextLine><TextLine id="r2_l020"><Coords points="446,5522 2265,5538 2264,5697 445,5681"/><TextEquiv index="1"><Unicode>ture, et revint  son htel.</Unicode></TextEquiv></TextLine><TextLine id="r2_l021"><Coords points="604,5746 3207,5769 3206,5930 603,5907"/><TextEquiv index="1"><Unicode>Le lendemain, elle ordonna  Bernard</Unicode></TextEquiv></TextLine><TextLine id="r2_l022"><Coords points="440,5975 3207,6000 3205,6174 439,6149"/><TextEquiv index="1"><Unicode>de conduire,  l'insu de monsieur, le</Unicode></TextEquiv></TextLine></TextRegion></Page></PcGts>