4266 7774
2149 848 2772 1089 (.
1123 1089 3836 1301 ramena, en promettant  sa mre de lui
1128 1340 3405 1580 procurer souvent cette satisfaction.
1168 1563 3846 1758 Le lendemain, Jeannette ordonna
1127 1780 3852 1997 Bernard de conduire monsieur, sans qu'il
1133 2008 3868 2210 s'en doutt, chez M. de Verneuil. Et voi-
1132 2241 3851 2404 ci comment le fidle serviteur s'y prit.
1133 2459 3863 2671 Briceval voulait absolument parler  son
1132 2688 3863 2905 notaire pour une affaire presse. Bernard
1138 2915 3868 3128 lui dit que ce notaire tait sorti; mais
1137 3148 3868 3362 qu'il l'avait vu entrer chez un de ses
1146 3375 3853 3587 cliens, dans une maison prs de la sienne.
1152 3600 3853 3817 Comme il est possible, monsieur, ajouta
1148 3841 3866 4034 Bernard, que le notaire v passe la jour-
1146 4062 3873 4273 ne, et comme vous n'avez que deux mots
1156 4291 3878 4506 lui dire, je vais vous conduire, si vous
1159 4528 3711 4744 le permettez, dans la maison o il est.
1309 4758 3883 4966 Briceval y consentit, monta dans son
1157 4988 3873 5199 cabriolet, et Bernard le fit arrter  la
1158 5232 3881 5406 porte de M. de Verneuil. Ils montent
1157 5436 3883 5655 tous deux; Briceval entre, et la premire
1158 5663 3881 5890 personne qu'il aperoit est... Ccile! C-
1167 5905 3883 6127 cile, mue, veut passer dans une autre
3460 6128 3878 6302 pice,
