4266 7811
431 1204 3198 1377 pice, Briceval, non moins tonn qu'elle,
441 1434 3209 1618 l'arrte: Pardon, mademoiselle, j'igno-
441 1667 3203 1831 rais que vous demeurassiez ici: j'v venais
447 1901 3208 2064 chercher M. B..., mon notaire, qu'on
452 2130 3203 2293 m'avait dit v tre. -- Je me doutais bien,
447 2357 3209 2532 monsieur, que ce n'tait pas ma prsence
462 2582 3204 2763 que vous recherchiez! -- Ah, Ccile!...
467 2815 3214 2991 quoi nous servirait-il de nous voir, de
462 3043 3214 3229 nourrir notre amour inutile maintenant,
457 3273 3209 3460 et qui ne peut que doubler nos regrets?
462 3507 3219 3685 -- Je n'ai pas la ridicule ambition de
467 3741 3224 3924 vous voir soupirer sans cesse pour une
472 3968 3214 4165 infortune qui vous doit tous ses maux,
467 4197 3214 4390 sans espoir d'en obtenir jamais la rpara-
462 4426 3209 4618 tion. -- Ccile!... -- Vous tes mari;
467 4656 3214 4843 vous avez une pouse estimable, digne de
467 4889 3209 5094 votre tendresse; vous lui devez votre cur.
472 5113 3224 5298 -- Sans doute, Ccile, je me dois tout
477 5346 3219 5536 entier  ma femme. Je l'ai pouse sans
482 5578 3214 5765 inclination, bien certainement, et dans
487 5812 3209 6012 la fatale certitude que vous n'tiez plus.
823 6086 1011 6163 I.
1576 981 2065 1144 .
