4266 7801
964 1156 3713 1361 Des sermens, une histoire de famille,
974 1401 3732 1598 qu'on vous aura raconte sans doute; tout
932 1622 3718 1827 me portait au seul hymen dont je pusse
978 1854 3728 2052 serrer les nuds: ma femme, douce,
978 2078 3734 2279 modeste, vertueuse, n'a point mrit
973 2310 3733 2519 qu'un clat scandaleux, un divorce!...
983 2546 3744 2746 -- Ah, monsieur! quel mot avez - vous
984 2782 3748 2961 prononc? repoussez  jamais ce moyen
994 3002 3754 3163 extrme! Voir mon amie malheureuse
999 3238 3754 3439 par ma flicit, serait le comble de mes
995 3464 3749 3662 maux! Jeannette vous aime, monsieur;
994 3697 3756 3901 je juge, d'aprs mon cur,  quel point
1000 3933 3744 4138 elle souffrirait! -- Elle est ma femme,
1000 4160 3755 4366 Ccile. -- Qu'elle le soit toujours! -- Tou-
999 4434 1378 4597 jours.
1151 4630 3755 4833 Et il soupire, et Ccile le regarde, li-
989 4860 3739 5057 vre  la mme motion. Ah, Ccile!
974 5077 3739 5294 poursuit Briceval, qu'elle est bizarre no-
979 5312 3755 5519 tre destine! -- Elle est affreuse! pour moi
984 5544 3750 5747 seule. -- Vous ne croyez donc pas, C-
963 5775 3744 5979 cile, que je vous aime encore; que je re-
2010 910 2640 1142 .
