4266 7811
529 2217 687 2303 LE
528 2282 3269 2445 eeendant Jeannette témoigne à son
519 2507 3265 2685 époux étonné une froideur à laquelle il
514 2746 3265 2914 n'est pas accoutumé. Jeannette, cette
514 2980 3260 3143 femme autrefois si sage, si réservée, ne
513 3208 3254 3376 parle plus, n'agit plus qu'en étourdie,
503 3438 3270 3600 qu'en femme du monde, légère, évapo-
509 3667 3275 3829 rée. Elle a doublé son train, son domes-
509 3895 3260 4063 tique; elle ne rêve que fêtes, bals, fes-
509 4129 3255 4297 tins, et semble prendre à tâche de con-
503 4368 3250 4531 traster avec son époux, d'insulter à sa
503 4592 3239 4760 sombre mélancolie, à ses justes regrets.
503 4816 3255 4989 Elle a réuni à sa table tout ce que Paris
503 5045 3255 5218 offre de jeunes gens sots, étourdis; c'est
493 5279 3250 5452 un bourdonnement perpétuel de mots dif-
503 5508 3244 5680 ſus qui ne signifient rien. Madame de
498 5736 3239 5899 Briceval paraît vouloir se mettre à la mode
493 5970 3234 6143 comme ces femme perdues de réputation,
1668 931 2151 1088 (22)
793 1566 2995 1704 CHAPITRE XXXIV.
1124 1912 2650 2060 Cela va de pis en pis.
