4266 7811
568 1153 3326 1350 que est contre vous. -- Eh! que m'im-
562 1386 3326 1580 porte l'opinion, monsieur, si je suis tou-
548 1612 3317 1814 jours digne de mon estime? -- Tel est le
543 1840 3320 2013 langage de la vanit... mais les anparen-
552 2073 3306 2271 ces vous accusent. Qu'est-ce que c'est que
548 2303 3300 2465 cet essaim d'tourdis et de femmes frivo-
538 2541 3296 2742 les que vous rassemblez journellement
538 2779 3295 2938 ici? et vous nommez cela vos amis! Ils
527 3012 3290 3213 ne sont pas les miens, madame; et il fut
538 3244 3276 3411 un tems o nos amis taient communs
527 3473 3281 3670 nous deux. Jeannette, expliquez-moi
527 3704 3270 3901 cette conduite singulire, qui sans doute
518 3937 3276 4126 a un motif secret; car votre caractre n'a
508 4174 3264 4342 pu changer d'une manire aussi tran-
508 4397 3256 4597 chante! -- Mon caractre, monsieur,
501 4633 3256 4827 est toujours le mme. Tant que je me suis
497 4862 3255 5059 crue aime de vous, tant que j'ai eu la
492 5084 3256 5291 faiblesse de penser que j'occupais seule
486 5319 3245 5512 votre cur, j'ai cru devoir sacrifier mes
487 5550 3235 5748 gots aux vtres, et rgler ma conduite
477 5779 3382 5990 sur la mysanthropie de votre caractre; je
471 6021 3235 6224 me disais: Mon poux est ennemi des
2487 6246 2836 6484 L.
1719 946 2212 1104 a).
