4266 7801
2046 974 2675 1177 (.
974 1193 3707 1365 plaisirs, je lui ferai ce sacrifice, puisque
985 1427 3718 1598 je suis l'unique objet de sa tendre affec-
979 1655 3722 1823 tion: mes murs doivent tre pures
975 1879 3728 2046 comme les siennes: voil, monsieur, ce
974 2112 3732 2275 qui me faisait agir d'une manire con-
974 2341 3727 2503 forme  vos desirs. Rappelez-vous cepen-
984 2569 3722 2745 dant notre premier sjour  Paris? je me
985 2797 3723 2966 livrais  toutes les ftes, tous les plaisirs,
984 3032 3732 3206 parce qu'il tait dans mon caractre d'ai-
980 3264 3728 3438 mer les cercles et la dissipation. Cette vie
979 3494 3722 3666 a paru vous dplaire, j'y ai mis un terme:
974 3722 3742 3895 par complaisance pour vous, je suis re-
979 3950 3737 4118 tourne dans notre triste province. Vous
975 4179 3738 4358 m'y avez laisse une anne entire livre
974 4411 3737 4589 l'ennui le plus profond. Vous revenez,
975 4642 3749 4817 et je dcouvre que vous n'avez jamais eu
995 4880 3748 5043 pour moi que des gards; que votre cur
1001 5104 3754 5273 tait, est encore  une autre! je me dis
995 5332 3742 5500 prsent: Puisque je me suis trompe,
1000 5561 3753 5739 puisque l'on m'a abuse, je n'ai plus rien
1010 5789 3758 5969 mnager; j'aime le plaisir, le plaisir
1006 6019 3759 6199 sera mon unique loi. Je ne crains point
