4266 7737
972 1139 3723 1312 ment pour une amie dont les parens vous
971 1369 3707 1496 ont leve. Au lieu de vous montrer rivale
982 1600 3713 1769 gnreuse, amie sensible, vous ne parlez
981 1828 3717 1999 plus de cette amie qu'avec ironie; vous la
982 2058 3733 2236 fuyez, vous fuyez ses amis, ce M. de
991 2290 3727 2452 ernenil dont je vous ai entendu vanter
987 2516 3738 2693 l'esprit et laprobit; et pour ajouter  l'in-
996 2746 3742 2917 consquence, vous vous jetez dans tous les
992 2978 3748 3149 travers, et tout cela, dites-vous, parce
996 3205 3727 3376 que vous tes sre de n'avoir point mon
1002 3434 3743 3603 cur!... Jeannette, ce n'est pas l le
1001 3656 3732 3833 moyen de le ramener vers vous! J'espre
887 3887 3748 4071 que cet entretien suffira pour vous rendre
1012 4118 2623 4243 votre ancienne raison.
1169 4346 3738 4510 Briceval veut sortir, Jeannette l'ar-
951 4573 3737 4737 rte: Monsieur? -- Qu'est-ce? -- J'ai
1007 4805 3753 4981 besoin d'argent. -- Encore, madame?
1006 5032 3737 5210 jamais je ne vous ai vue tant dpenser!...
1007 5264 3738 5440 Au surplus, madame, voil un rouleau;
1017 5491 3747 5661 c'est le sixime, notez cela, depuis votre
1018 5724 3748 5900 sjour  Paris. Je vous avertis que vous me
1017 5953 3747 6090 ruineriez si vous reveniez souvent  la
