<PcGts xmlns="http://schema.primaresearch.org/PAGE/gts/pagecontent/2017-07-15" xmlns:xsi="http://www.w3.org/2001/XMLSchema-instance" xsi:schemaLocation="http://schema.primaresearch.org/PAGE/gts/pagecontent/2017-07-15 http://schema.primaresearch.org/PAGE/gts/pagecontent/2017-07-15/pagecontent.xsd"><Metadata><Creator/><Created>2020-09-24T09:26:35</Created><LastChange>1970-01-01T00:00:00</LastChange><Comments/></Metadata><Page imageFilename="0232.png" imageHeight="7737" imageWidth="4266"><ReadingOrder><OrderedGroup id="g1"><RegionRefIndexed index="0" regionRef="r1"/><RegionRefIndexed index="1" regionRef="r2"/></OrderedGroup></ReadingOrder><TextRegion id="r1" type="page-number" orientation="-1.625"><Coords points="2446,889 2441,894 2316,894 2301,909 2301,928 2296,933 2234,933 2229,938 2200,938 2195,933 2195,904 2190,899 2190,894 2035,894 2030,899 2030,909 2026,913 2026,918 2021,923 2021,928 2016,933 2016,947 2011,952 2011,1049 2016,1054 2016,1063 2021,1068 2021,1078 2030,1088 2030,1092 2040,1102 2190,1102 2195,1097 2195,1063 2200,1059 2441,1059 2446,1063 2446,1092 2591,1092 2596,1088 2601,1088 2606,1083 2606,1078 2611,1073 2611,1068 2616,1063 2616,1059 2620,1054 2620,1034 2625,1029 2625,942 2620,938 2620,923 2616,918 2616,913 2611,909 2611,904 2596,889"/><TextEquiv><Unicode/></TextEquiv><TextLine id="r1_l001"><Coords points="2005,1101 2005,1101 2010,925 2010,924 2099,927 2100,926 2100,921 2101,921 2105,921 2105,920 2105,916 2106,916 2120,916 2120,917 2120,925 2120,925 2124,925 2125,926 2124,957 2124,958 2295,962 2296,961 2299,961 2301,960 2301,956 2302,956 2366,957 2366,957 2367,932 2367,931 2370,931 2372,930 2372,926 2372,926 2376,926 2377,925 2377,921 2378,921 2382,921 2382,920 2382,916 2383,916 2406,916 2407,916 2513,919 2513,918 2513,911 2514,911 2528,911 2528,911 2528,915 2529,916 2533,916 2533,917 2533,921 2534,921 2538,921 2538,922 2538,926 2539,926 2629,929 2629,929 2624,1118 2623,1119"/><TextEquiv index="1"><Unicode>(.</Unicode></TextEquiv></TextLine></TextRegion><TextRegion id="r2" type="paragraph" orientation="0.5"><Coords points="2882,1107 2877,1112 2756,1112 2756,1117 2754,1119 2753,1119 2751,1121 2751,1175 2749,1177 2748,1177 2746,1179 2688,1179 2683,1184 2538,1184 2529,1175 2529,1165 2258,1165 2253,1160 2253,1126 2248,1121 2248,1117 2088,1117 2088,1160 2086,1162 2086,1163 2084,1165 1856,1165 1854,1167 1854,1168 1852,1170 1827,1170 1825,1168 1825,1167 1823,1165 1823,1131 1818,1126 1648,1126 1648,1160 1646,1162 1646,1163 1644,1165 1619,1165 1617,1163 1617,1162 1615,1160 1615,1146 1610,1141 1610,1131 1605,1131 1600,1126 1455,1126 1450,1131 1450,1165 1445,1170 1160,1170 1155,1175 1049,1175 1044,1170 1044,1136 889,1136 889,1141 884,1146 884,1179 882,1181 882,1182 880,1184 880,1242 882,1244 882,1245 884,1247 884,1271 882,1273 882,1274 880,1276 880,1339 1073,1339 1073,1295 1075,1293 1076,1293 1078,1291 1170,1291 1175,1286 1228,1286 1233,1291 1295,1291 1297,1293 1298,1293 1300,1295 1300,1339 1479,1339 1479,1291 1484,1286 1866,1286 1871,1291 1871,1295 1866,1300 1842,1300 1842,1349 1840,1351 1839,1351 1837,1353 1769,1353 1767,1355 1767,1356 1765,1358 1760,1358 1760,1378 1758,1380 1757,1380 1755,1382 1711,1382 1706,1387 1706,1397 1704,1399 1704,1400 1702,1402 1295,1402 1293,1400 1293,1399 1291,1397 1291,1358 1126,1358 1126,1397 1121,1402 884,1402 884,1450 882,1452 882,1453 880,1455 880,1513 889,1513 894,1518 1034,1518 1039,1513 1126,1513 1131,1518 1271,1518 1276,1523 1276,1561 1281,1566 1450,1566 1450,1523 1455,1518 1595,1518 1600,1513 1929,1513 1934,1508 1934,1494 1939,1489 2079,1489 2093,1503 2098,1503 2103,1508 2108,1508 2113,1513 2345,1513 2350,1518 2350,1552 2495,1552 2499,1548 2499,1547 2504,1542 2504,1532 2506,1530 2507,1530 2509,1528 2509,1523 2514,1518 2514,1513 2519,1508 2693,1508 2694,1509 2692,1511 2691,1511 2690,1512 2689,1512 2687,1514 2686,1514 2684,1516 2683,1516 2682,1517 2681,1517 2679,1519 2678,1519 2676,1521 2675,1521 2674,1522 2673,1522 2671,1524 2670,1524 2669,1525 2668,1525 2666,1527 2665,1527 2663,1529 2662,1529 2661,1530 2660,1530 2658,1532 2657,1532 2655,1534 2654,1534 2653,1535 2652,1535 2650,1537 2649,1537 2648,1538 2647,1538 2645,1540 2644,1540 2642,1542 2641,1542 2640,1543 2639,1543 2637,1545 2636,1545 2635,1546 2634,1546 2632,1548 2631,1548 2629,1550 2628,1550 2627,1551 2626,1551 2624,1553 2623,1553 2621,1555 2620,1555 2619,1556 2618,1556 2616,1558 2615,1558 2614,1559 2613,1559 2611,1561 2610,1561 2608,1563 2607,1563 2606,1564 2605,1564 2603,1566 2602,1566 2601,1567 2600,1567 2598,1569 2597,1569 2595,1571 2594,1571 2593,1572 2592,1572 2590,1574 2589,1574 2587,1576 2548,1576 2548,1599 2546,1601 2545,1601 2543,1603 2542,1603 2540,1605 2539,1605 2538,1606 2537,1606 2535,1608 2534,1608 2532,1610 2531,1610 2530,1611 2529,1611 2527,1613 2526,1613 2525,1614 2524,1614 2522,1616 2521,1616 2519,1618 2518,1618 2517,1619 2516,1619 2514,1621 2513,1621 2511,1623 2510,1623 2509,1624 2508,1624 2506,1626 2505,1626 2504,1627 2503,1627 2501,1629 2500,1629 2498,1631 2497,1631 2496,1632 2495,1632 2493,1634 2492,1634 2491,1635 2490,1635 2488,1637 2487,1637 2485,1639 2484,1639 2483,1640 2482,1640 2480,1642 2479,1642 2477,1644 2359,1644 2357,1646 2356,1646 2354,1648 2354,1658 2352,1660 2352,1661 2350,1663 2345,1663 2340,1658 2243,1658 2238,1653 2238,1586 2236,1584 2236,1583 2234,1581 2234,1576 1958,1576 1958,1619 1953,1624 1852,1624 1847,1629 1832,1629 1827,1624 1677,1624 1675,1626 1675,1627 1673,1629 1470,1629 1465,1624 1465,1581 1460,1576 1310,1576 1305,1581 1300,1581 1300,1624 1295,1629 1117,1629 1112,1634 1107,1629 1107,1581 957,1581 957,1624 952,1629 894,1629 889,1634 884,1634 882,1636 882,1637 880,1639 880,1731 884,1735 884,1745 1552,1745 1557,1740 2234,1740 2236,1738 2236,1737 2238,1735 2393,1735 2395,1733 2396,1733 2398,1731 2398,1716 2403,1711 2426,1711 2427,1712 2427,1714 2426,1715 2426,1717 2425,1718 2425,1720 2424,1721 2424,1723 2423,1724 2423,1726 2422,1727 2422,1729 2421,1730 2421,1732 2420,1733 2420,1735 2419,1736 2419,1739 2418,1740 2418,1742 2417,1743 2417,1745 2416,1746 2416,1748 2415,1749 2415,1751 2414,1752 2414,1754 2413,1755 2413,1757 2412,1758 2412,1760 2411,1761 2411,1763 2410,1764 2410,1766 2409,1767 2409,1770 2408,1771 2408,1773 2407,1774 2407,1776 2406,1777 2406,1779 2405,1780 2405,1782 2404,1783 2404,1785 2403,1786 2403,1788 2402,1789 2402,1791 2401,1792 2401,1794 2400,1795 2400,1797 2399,1798 2399,1801 2398,1802 2398,1804 2397,1805 2397,1807 2396,1808 2396,1810 2395,1811 2395,1813 2394,1814 2394,1816 2393,1817 2393,1819 2392,1820 2392,1822 2391,1823 2391,1825 2390,1826 2390,1828 2389,1829 2389,1832 2388,1833 2388,1835 2387,1836 2387,1838 2386,1839 2386,1841 2385,1842 2385,1844 2384,1845 2384,1847 2383,1848 2383,1850 2382,1851 2382,1853 2381,1854 2381,1855 2380,1856 2301,1856 2299,1854 2298,1854 2296,1852 2296,1808 2294,1806 2294,1805 2292,1803 2147,1803 2142,1808 1842,1808 1837,1813 1798,1813 1798,1871 1818,1871 1823,1876 1818,1881 1774,1881 1769,1876 1653,1876 1648,1871 1648,1827 1644,1823 1644,1818 1639,1818 1634,1813 1474,1813 1472,1815 1472,1816 1470,1818 1465,1818 1465,1856 1460,1861 1329,1861 1324,1856 1324,1813 1160,1813 1160,1856 1155,1861 1141,1861 1136,1856 1136,1813 991,1813 986,1818 918,1818 918,1861 913,1866 913,1867 909,1871 904,1871 894,1881 894,1890 889,1895 889,1958 894,1963 894,1968 896,1970 897,1970 899,1972 904,1972 909,1977 1131,1977 1136,1972 1233,1972 1235,1974 1235,1975 1237,1977 1378,1977 1380,1975 1380,1974 1382,1972 1397,1972 1402,1977 1552,1977 1557,1972 1629,1972 1631,1970 1632,1970 1634,1968 1634,1953 1639,1948 1794,1948 1796,1950 1796,1951 1798,1953 1798,1972 1943,1972 1945,1970 1946,1970 1948,1968 2365,1968 2366,1969 2366,1973 2365,1974 2365,1987 2364,1988 2364,2001 2363,2002 2363,2015 2362,2016 2362,2029 2361,2030 2361,2034 2360,2035 2263,2035 2263,2040 2258,2045 2258,2059 2253,2064 2253,2079 2248,2084 2200,2084 2195,2079 2195,2040 2190,2035 2040,2035 2035,2040 1997,2040 1997,2098 2011,2098 2016,2103 2011,2108 1823,2108 1808,2093 1808,2040 1663,2040 1658,2045 1658,2064 1653,2069 1653,2084 1651,2086 1650,2086 1648,2088 1581,2088 1579,2086 1578,2086 1576,2084 1576,2040 1426,2040 1421,2045 1421,2088 1416,2093 1102,2093 1097,2088 1097,2064 1092,2059 1092,2045 923,2045 923,2093 918,2098 904,2098 889,2113 889,2185 894,2190 894,2195 904,2205 1407,2205 1409,2207 1410,2207 1412,2209 1412,2253 1557,2253 1557,2248 1561,2244 1561,2243 1566,2238 1566,2234 1571,2229 1571,2224 1576,2219 1576,2209 1578,2207 1579,2207 1581,2205 1706,2205 1711,2200 1861,2200 1861,2195 1866,2190 1866,2180 1868,2178 1869,2178 1871,2176 1982,2176 1984,2178 1985,2178 1987,2180 1987,2195 1992,2200 2238,2200 2243,2195 2295,2195 2296,2196 2293,2199 2293,2200 2290,2203 2290,2204 2286,2208 2286,2209 2283,2212 2283,2213 2280,2216 2280,2217 2276,2221 2276,2222 2273,2225 2273,2226 2269,2230 2269,2231 2266,2234 2266,2235 2263,2238 2263,2239 2259,2243 2259,2244 2256,2247 2256,2248 2252,2252 2252,2253 2249,2256 2249,2257 2246,2260 2246,2261 2244,2263 2166,2263 2166,2301 2161,2306 1779,2306 1774,2311 1663,2311 1658,2316 1658,2350 1656,2352 1655,2352 1653,2354 1600,2354 1598,2352 1597,2352 1595,2350 1595,2316 1513,2316 1508,2311 1508,2272 1334,2272 1334,2311 1329,2316 1136,2316 1131,2311 1131,2301 981,2301 981,2311 976,2316 923,2316 918,2321 913,2321 909,2325 904,2325 904,2335 894,2345 894,2350 892,2352 891,2352 889,2354 889,2408 891,2410 892,2410 894,2412 894,2417 899,2417 904,2422 904,2427 909,2427 911,2429 911,2430 913,2432 1097,2432 1102,2437 1102,2475 1107,2480 1271,2480 1276,2475 1281,2475 1281,2437 1286,2432 1518,2432 1523,2437 1523,2471 1673,2471 1675,2469 1675,2468 1677,2466 1677,2461 1687,2451 1687,2437 1692,2432 1803,2432 1808,2427 2185,2427 2186,2428 2186,2451 2187,2452 2187,2474 2188,2475 2188,2498 2189,2499 2189,2522 2190,2523 2190,2532 2189,2533 2176,2533 2174,2531 2173,2531 2171,2529 2171,2495 2166,2490 2021,2490 2016,2495 1871,2495 1866,2500 1866,2533 1861,2538 1740,2538 1735,2533 1735,2504 1731,2500 1581,2500 1581,2533 1576,2538 1532,2538 1530,2540 1530,2541 1528,2543 1257,2543 1252,2548 923,2548 918,2553 913,2553 911,2555 911,2556 909,2558 904,2558 904,2562 894,2572 894,2582 889,2587 889,2640 894,2645 894,2649 899,2654 904,2654 909,2659 913,2659 918,2664 923,2664 928,2669 928,2707 933,2707 938,2712 1083,2712 1088,2707 1112,2707 1112,2669 1117,2664 1528,2664 1530,2662 1530,2661 1532,2659 1537,2664 1677,2664 1682,2659 1740,2659 1745,2664 1745,2674 1885,2674 1885,2664 1890,2659 2016,2659 2021,2654 2279,2654 2284,2659 2285,2659 2290,2664 2291,2664 2295,2668 2296,2668 2301,2673 2302,2673 2307,2678 2308,2678 2313,2683 2314,2683 2318,2687 2319,2687 2324,2692 2325,2692 2330,2697 2331,2697 2335,2701 2336,2701 2341,2706 2342,2706 2347,2711 2348,2711 2352,2715 2353,2715 2358,2720 2359,2720 2364,2725 2365,2725 2369,2729 2370,2729 2375,2734 2376,2734 2381,2739 2382,2739 2386,2743 2387,2743 2392,2748 2393,2748 2398,2753 2399,2753 2404,2758 2405,2758 2407,2760 2406,2761 2369,2761 2367,2763 2366,2763 2364,2765 2021,2765 2016,2770 1997,2770 1992,2765 1992,2756 1987,2751 1842,2751 1842,2765 1837,2770 1663,2770 1658,2765 1658,2756 1508,2756 1503,2761 1503,2770 1501,2772 1501,2773 1499,2775 1112,2775 1107,2770 1107,2736 1105,2734 1104,2734 1102,2732 938,2732 936,2734 935,2734 933,2736 928,2736 928,2775 923,2780 918,2780 913,2785 909,2785 904,2790 904,2794 894,2804 894,2867 899,2872 899,2886 904,2886 909,2891 913,2891 918,2896 1445,2896 1450,2891 1987,2891 1992,2886 2340,2886 2342,2884 2343,2884 2345,2882 2370,2882 2371,2883 2371,2884 2366,2889 2366,2890 2361,2895 2361,2896 2355,2902 2355,2903 2350,2908 2350,2909 2344,2915 2344,2916 2339,2921 2339,2922 2334,2927 2334,2928 2328,2934 2328,2935 2323,2940 2323,2941 2317,2947 2317,2948 2316,2949 2147,2949 2147,2993 2142,2998 1963,2998 1958,2993 1958,2959 1789,2959 1789,3017 1794,3017 1798,3021 1798,3022 1803,3027 1803,3036 1798,3041 1765,3041 1760,3036 1760,3007 1755,3002 1750,3002 1748,3000 1747,3000 1745,2998 1697,2998 1692,2993 1692,2959 1537,2959 1537,2998 1535,3000 1534,3000 1532,3002 1484,3002 1482,3000 1481,3000 1479,2998 1479,2964 1460,2964 1455,2959 1315,2959 1310,2964 1305,2964 1305,2998 1303,3000 1302,3000 1300,3002 1295,3002 1291,2998 1291,2993 1286,2988 1146,2988 1141,2993 1141,3002 1136,3007 923,3007 918,3012 913,3012 908,3017 908,3018 904,3022 904,3027 902,3029 901,3029 899,3031 899,3094 904,3099 904,3114 918,3128 1063,3128 1068,3123 1648,3123 1653,3118 1658,3123 1658,3157 1808,3157 1818,3147 1818,3143 1823,3138 1823,3123 1825,3121 1825,3120 1827,3118 2093,3118 2095,3116 2096,3116 2098,3114 2328,3114 2331,3117 2331,3118 2336,3123 2336,3124 2341,3129 2341,3130 2345,3134 2345,3135 2350,3140 2350,3141 2355,3146 2355,3147 2359,3151 2359,3152 2364,3157 2364,3158 2368,3162 2368,3163 2373,3168 2373,3169 2378,3174 2378,3175 2382,3179 2382,3180 2387,3185 2387,3186 2392,3191 2392,3192 2396,3196 2396,3197 2401,3202 2401,3203 2405,3207 2405,3208 2410,3213 2410,3214 2415,3219 2415,3220 2419,3224 2419,3225 2424,3230 2424,3231 2428,3235 2428,3236 2433,3241 2433,3242 2438,3247 2438,3248 2437,3249 2354,3249 2352,3251 2352,3252 2350,3254 2350,3264 2348,3266 2347,3266 2345,3268 2248,3268 2246,3266 2245,3266 2243,3264 2243,3201 2238,3196 2238,3195 2234,3191 2224,3191 2219,3186 2074,3186 2069,3191 2064,3191 2059,3196 2059,3230 2057,3232 2057,3233 2055,3235 1934,3235 1929,3230 1929,3196 1924,3191 1779,3191 1774,3196 1774,3235 1772,3237 1771,3237 1769,3239 1552,3239 1550,3237 1549,3237 1547,3235 1547,3201 1532,3201 1530,3199 1530,3198 1528,3196 1382,3196 1382,3235 1378,3239 1344,3239 1339,3244 1252,3244 1247,3239 1247,3201 1242,3201 1237,3196 1097,3196 1092,3201 909,3201 909,3244 904,3249 894,3249 894,3302 899,3307 894,3312 894,3365 1059,3365 1061,3363 1061,3362 1063,3360 1615,3360 1617,3358 1617,3357 1619,3355 1924,3355 1926,3353 1927,3353 1929,3351 2224,3351 2229,3346 2376,3346 2377,3347 2376,3348 2376,3349 2372,3353 2372,3354 2368,3358 2368,3359 2364,3363 2364,3364 2360,3368 2360,3369 2356,3373 2356,3374 2352,3378 2352,3379 2348,3383 2348,3384 2344,3388 2344,3389 2340,3393 2340,3394 2336,3398 2336,3399 2332,3403 2332,3404 2328,3408 2328,3409 2324,3413 2324,3414 2320,3418 2301,3418 2296,3423 2296,3449 2293,3452 2293,3453 2289,3457 2289,3458 2285,3462 2142,3462 2137,3467 1823,3467 1818,3462 1818,3428 1813,3423 1673,3423 1668,3428 1561,3428 1559,3430 1559,3431 1557,3433 1552,3433 1552,3438 1550,3440 1549,3440 1547,3442 1547,3452 1542,3457 1542,3467 1540,3469 1539,3469 1537,3471 1474,3471 1470,3467 1470,3457 1465,3452 1465,3442 1463,3440 1462,3440 1460,3438 1460,3433 1416,3433 1414,3431 1414,3430 1412,3428 1266,3428 1264,3430 1264,3431 1262,3433 1262,3467 1260,3469 1259,3469 1257,3471 1165,3471 1160,3476 909,3476 904,3481 904,3539 909,3539 911,3541 911,3542 913,3544 913,3573 908,3578 908,3579 904,3583 904,3636 918,3636 923,3641 1083,3641 1088,3636 1092,3636 1092,3592 1094,3590 1095,3590 1097,3588 1426,3588 1431,3583 1827,3583 1832,3588 1832,3631 2011,3631 2011,3588 2016,3583 2045,3583 2050,3578 2221,3578 2222,3579 2221,3580 2221,3581 2220,3582 2220,3584 2219,3585 2219,3587 2218,3588 2218,3589 2217,3590 2217,3592 2216,3593 2216,3594 2215,3595 2215,3597 2214,3598 2214,3599 2213,3600 2213,3602 2212,3603 2212,3604 2211,3605 2211,3607 2210,3608 2210,3609 2209,3610 2209,3612 2208,3613 2208,3614 2207,3615 2207,3617 2206,3618 2206,3619 2205,3620 2205,3622 2204,3623 2204,3625 2203,3626 2203,3627 2202,3628 2202,3630 2201,3631 2201,3632 2200,3633 2200,3635 2199,3636 2199,3637 2198,3638 2198,3640 2197,3641 2197,3642 2196,3643 2196,3645 2195,3646 2195,3647 2194,3648 2194,3650 2193,3651 2193,3652 2192,3653 2192,3655 2191,3656 2190,3655 2190,3646 1977,3646 1975,3648 1974,3648 1972,3650 1876,3650 1871,3655 1871,3694 1866,3699 1677,3699 1675,3697 1675,3696 1673,3694 1673,3689 1668,3684 1668,3679 1663,3674 1662,3674 1658,3670 1658,3660 1653,3655 1508,3655 1508,3660 1503,3665 1503,3679 1501,3681 1501,3682 1499,3684 1499,3694 1494,3699 1416,3699 1414,3697 1414,3696 1412,3694 1412,3655 1407,3650 1262,3650 1257,3655 1257,3694 1252,3699 1121,3699 1119,3697 1119,3696 1117,3694 1117,3660 1068,3660 1063,3655 923,3655 918,3660 913,3660 913,3723 933,3723 938,3728 938,3733 936,3735 935,3735 933,3737 913,3737 908,3742 908,3743 904,3747 904,3810 909,3815 909,3820 1155,3820 1160,3815 1170,3815 1175,3820 1324,3820 1329,3815 1470,3815 1472,3813 1472,3812 1474,3810 1489,3810 1494,3815 1644,3815 1646,3813 1646,3812 1648,3810 1731,3810 1733,3812 1733,3813 1735,3815 1735,3858 1740,3863 1885,3863 1890,3858 1914,3858 1914,3815 1919,3810 2017,3810 2018,3811 2016,3813 2015,3813 2014,3814 2013,3814 2012,3815 2011,3815 2009,3817 2008,3817 2007,3818 2006,3818 2005,3819 2004,3819 2002,3821 2001,3821 2000,3822 1999,3822 1998,3823 1997,3823 1996,3824 1995,3824 1993,3826 1992,3826 1991,3827 1990,3827 1989,3828 1988,3828 1986,3830 1985,3830 1984,3831 1983,3831 1982,3832 1981,3832 1979,3834 1978,3834 1977,3835 1976,3835 1975,3836 1974,3836 1972,3838 1971,3838 1970,3839 1969,3839 1968,3840 1967,3840 1965,3842 1964,3842 1963,3843 1962,3843 1961,3844 1960,3844 1958,3846 1957,3846 1956,3847 1955,3847 1954,3848 1953,3848 1951,3850 1950,3850 1949,3851 1948,3851 1947,3852 1946,3852 1944,3854 1943,3854 1942,3855 1941,3855 1940,3856 1939,3856 1938,3857 1937,3857 1935,3859 1934,3859 1933,3860 1932,3860 1931,3861 1930,3861 1928,3863 1927,3863 1926,3864 1925,3864 1924,3865 1923,3865 1921,3867 1920,3867 1919,3868 1918,3868 1917,3869 1916,3869 1914,3871 1913,3871 1912,3872 1911,3872 1910,3873 1909,3873 1907,3875 1906,3875 1905,3876 1904,3876 1903,3877 1902,3877 1900,3879 1899,3879 1898,3880 1897,3880 1896,3881 1895,3881 1893,3883 1892,3883 1891,3884 1890,3884 1889,3885 1888,3885 1887,3886 1886,3886 1884,3888 1883,3888 1882,3889 1881,3889 1880,3890 1879,3890 1877,3892 1876,3892 1875,3893 1874,3893 1873,3894 1872,3894 1870,3896 1869,3896 1868,3897 1867,3897 1866,3896 1866,3883 1861,3878 1639,3878 1634,3883 1634,3921 1629,3926 1547,3926 1542,3921 1542,3883 1537,3878 1378,3878 1373,3883 1373,3926 1368,3931 1117,3931 1112,3926 1112,3892 1107,3887 1107,3883 938,3883 938,3931 933,3936 928,3936 909,3955 909,3965 904,3970 904,4028 906,4030 907,4030 909,4032 913,4032 928,4047 1189,4047 1194,4042 1609,4042 1610,4043 1608,4045 1607,4045 1606,4046 1605,4046 1604,4047 1603,4047 1601,4049 1600,4049 1599,4050 1598,4050 1597,4051 1596,4051 1594,4053 1593,4053 1592,4054 1591,4054 1590,4055 1589,4055 1587,4057 1586,4057 1585,4058 1584,4058 1583,4059 1582,4059 1580,4061 1579,4061 1578,4062 1577,4062 1576,4063 1575,4063 1573,4065 1572,4065 1571,4066 1570,4066 1569,4067 1568,4067 1566,4069 1565,4069 1564,4070 1563,4070 1562,4071 1561,4071 1560,4072 1559,4072 1557,4074 1556,4074 1555,4075 1554,4075 1553,4076 1552,4076 1550,4078 1549,4078 1548,4079 1547,4079 1546,4080 1545,4080 1543,4082 1542,4082 1541,4083 1540,4083 1539,4084 1538,4084 1536,4086 1535,4086 1534,4087 1533,4087 1532,4088 1531,4088 1529,4090 1528,4090 1527,4091 1526,4091 1525,4092 1524,4092 1522,4094 1521,4094 1520,4095 1519,4095 1518,4096 1517,4096 1515,4098 1514,4098 1513,4099 1512,4099 1511,4100 1510,4100 1508,4102 1507,4102 1506,4103 1505,4103 1504,4104 1503,4104 1502,4105 1501,4105 1499,4107 1498,4107 1497,4108 1496,4108 1495,4109 1494,4109 1492,4111 1491,4111 1490,4112 1489,4112 1488,4113 1487,4113 1485,4115 1484,4115 1483,4116 1482,4116 1481,4117 1480,4117 1478,4119 1477,4119 1476,4120 1475,4120 1474,4121 1473,4121 1471,4123 1470,4123 1469,4124 1468,4124 1467,4125 1466,4125 1464,4127 1463,4127 1462,4128 1461,4128 1460,4129 1459,4129 1457,4131 1456,4131 1455,4132 1454,4132 1453,4133 1452,4133 1451,4134 1450,4134 1448,4136 1447,4136 1446,4137 1445,4137 1444,4138 1443,4138 1441,4140 1440,4140 1439,4141 1438,4141 1437,4142 1436,4142 1434,4144 1433,4144 1432,4145 1431,4145 1430,4146 1429,4146 1427,4148 1426,4148 1425,4149 1424,4149 1423,4150 1422,4150 1420,4152 1419,4152 1418,4153 1417,4153 1416,4154 1415,4154 1413,4156 1412,4156 1411,4157 1410,4157 1409,4158 1408,4158 1406,4160 1405,4160 1404,4161 1403,4161 1402,4162 1401,4162 1397,4158 1179,4158 1177,4160 1177,4161 1175,4163 909,4163 904,4168 899,4168 899,4226 909,4226 911,4228 911,4229 913,4231 913,4274 1320,4274 1322,4276 1322,4277 1324,4279 1324,4318 1470,4318 1470,4313 1477,4306 1477,4305 1484,4298 1484,4294 1489,4289 1489,4279 1494,4274 1494,4206 1489,4201 1488,4201 1484,4197 1474,4197 1472,4195 1472,4194 1470,4192 1421,4192 1416,4187 1416,4173 1411,4168 1411,4167 1406,4162 1407,4161 1408,4161 1410,4159 1411,4159 1412,4158 1413,4158 1414,4157 1415,4157 1417,4155 1418,4155 1419,4154 1420,4154 1421,4153 1422,4153 1424,4151 1425,4151 1426,4150 1427,4150 1428,4149 1429,4149 1431,4147 1432,4147 1433,4146 1434,4146 1435,4145 1436,4145 1438,4143 1439,4143 1440,4142 1441,4142 1442,4141 1443,4141 1445,4139 1446,4139 1447,4138 1448,4138 1449,4137 1450,4137 1452,4135 1453,4135 1454,4134 1455,4134 1456,4133 1457,4133 1458,4132 1459,4132 1461,4130 1462,4130 1463,4129 1464,4129 1465,4128 1466,4128 1468,4126 1469,4126 1470,4125 1471,4125 1472,4124 1473,4124 1475,4122 1476,4122 1477,4121 1478,4121 1479,4120 1480,4120 1482,4118 1483,4118 1484,4117 1485,4117 1486,4116 1487,4116 1489,4114 1490,4114 1491,4113 1492,4113 1493,4112 1494,4112 1496,4110 1497,4110 1498,4109 1499,4109 1500,4108 1501,4108 1503,4106 1504,4106 1505,4105 1506,4105 1507,4104 1508,4104 1510,4102 1511,4102 1512,4101 1513,4101 1514,4100 1515,4100 1516,4099 1517,4099 1519,4097 1520,4097 1521,4096 1522,4096 1523,4095 1524,4095 1526,4093 1527,4093 1528,4092 1529,4092 1530,4091 1531,4091 1533,4089 1534,4089 1535,4088 1536,4088 1537,4087 1538,4087 1540,4085 1541,4085 1542,4084 1543,4084 1544,4083 1545,4083 1547,4081 1548,4081 1549,4080 1550,4080 1551,4079 1552,4079 1554,4077 1555,4077 1556,4076 1557,4076 1558,4075 1559,4075 1561,4073 1562,4073 1563,4072 1564,4072 1565,4071 1566,4071 1567,4070 1568,4070 1570,4068 1571,4068 1572,4067 1573,4067 1574,4066 1575,4066 1577,4064 1578,4064 1579,4063 1580,4063 1581,4062 1582,4062 1584,4060 1585,4060 1586,4059 1587,4059 1588,4058 1589,4058 1591,4056 1592,4056 1593,4055 1594,4055 1595,4054 1596,4054 1598,4052 1599,4052 1600,4051 1601,4051 1602,4050 1603,4050 1605,4048 1606,4048 1607,4047 1608,4047 1609,4046 1610,4046 1612,4044 1613,4044 1614,4043 1615,4043 1616,4042 1958,4042 1963,4037 1968,4037 1970,4039 1970,4040 1972,4042 1972,4081 1977,4086 1982,4086 1984,4088 1985,4088 1987,4090 2151,4090 2153,4088 2154,4088 2156,4086 2161,4086 2166,4081 2171,4081 2171,4076 2176,4071 2176,4042 2178,4040 2178,4039 2180,4037 2200,4037 2205,4042 2205,4081 2350,4081 2354,4077 2354,4076 2359,4071 2359,4061 2361,4059 2362,4059 2364,4057 2364,4052 2369,4047 2369,4042 2374,4037 2446,4037 2456,4047 2456,4048 2502,4094 2502,4095 2535,4128 2534,4129 2490,4129 2490,4148 2485,4153 2354,4153 2352,4151 2352,4150 2350,4148 2350,4110 2345,4105 2195,4105 2195,4124 2190,4129 2103,4129 2098,4124 2098,4105 1943,4105 1943,4148 1941,4150 1941,4151 1939,4153 1929,4153 1924,4158 1890,4158 1885,4153 1876,4153 1871,4148 1871,4134 1663,4134 1663,4148 1658,4153 1552,4153 1547,4158 1537,4158 1530,4165 1530,4166 1523,4173 1523,4182 1518,4187 1518,4250 1528,4260 1528,4265 1532,4265 1534,4267 1535,4267 1537,4269 1547,4269 1552,4274 1692,4274 1697,4269 1924,4269 1926,4267 1927,4267 1929,4265 2229,4265 2231,4267 2232,4267 2234,4269 2234,4308 2236,4310 2236,4311 2238,4313 2243,4313 2248,4318 2403,4318 2408,4313 2432,4313 2437,4308 2437,4303 2439,4301 2439,4300 2441,4298 2441,4294 2446,4289 2446,4269 2448,4267 2449,4267 2451,4265 2571,4265 2572,4266 2572,4267 2571,4268 2571,4269 2570,4270 2570,4271 2569,4272 2569,4273 2568,4274 2568,4275 2567,4276 2567,4277 2566,4278 2566,4279 2565,4280 2565,4281 2564,4282 2564,4283 2563,4284 2563,4285 2562,4286 2562,4287 2561,4288 2561,4289 2560,4290 2560,4291 2559,4292 2559,4293 2558,4294 2558,4295 2557,4296 2557,4297 2556,4298 2556,4299 2555,4300 2555,4301 2554,4302 2554,4303 2553,4304 2553,4305 2552,4306 2552,4307 2551,4308 2551,4309 2550,4310 2550,4311 2549,4312 2549,4313 2548,4314 2548,4315 2547,4316 2547,4317 2546,4318 2546,4319 2545,4320 2545,4321 2544,4322 2544,4323 2543,4324 2543,4325 2542,4326 2542,4327 2541,4328 2541,4329 2540,4330 2540,4331 2539,4332 2539,4334 2538,4335 2538,4336 2537,4337 2537,4338 2536,4339 2536,4340 2535,4341 2535,4342 2534,4343 2534,4344 2533,4345 2533,4346 2532,4347 2532,4348 2531,4349 2531,4350 2530,4351 2530,4352 2529,4353 2529,4354 2528,4355 2528,4356 2527,4357 2527,4358 2526,4359 2526,4360 2525,4361 2525,4362 2524,4363 2524,4364 2523,4365 2523,4366 2522,4367 2522,4368 2521,4369 2521,4370 2520,4371 2446,4371 2441,4366 2441,4332 2166,4332 2166,4376 2161,4381 1852,4381 1847,4376 1847,4337 1842,4332 1677,4332 1677,4381 1673,4385 1310,4385 1308,4383 1307,4383 1305,4381 1305,4342 1300,4337 1155,4337 1150,4342 1150,4385 1148,4387 1148,4388 1146,4390 1131,4390 1126,4385 1126,4356 1117,4347 1112,4347 1107,4342 909,4342 904,4347 904,4400 909,4405 918,4405 923,4410 923,4443 918,4448 899,4448 899,4501 1291,4501 1293,4503 1293,4504 1295,4506 1295,4550 1470,4550 1470,4506 1472,4504 1472,4503 1474,4501 1615,4501 1619,4497 1953,4497 1958,4492 2267,4492 2272,4497 2272,4535 2407,4535 2408,4536 2405,4539 2405,4540 2402,4543 2402,4544 2399,4547 2399,4548 2396,4551 2396,4552 2392,4556 2392,4557 2389,4560 2389,4561 2386,4564 2386,4565 2383,4568 2383,4569 2380,4572 2380,4573 2376,4577 2376,4578 2373,4581 2373,4582 2370,4585 2370,4586 2367,4589 2367,4590 2364,4593 2364,4594 2361,4597 2361,4598 2357,4602 2357,4603 2353,4607 2352,4606 2352,4605 2350,4603 2350,4598 2345,4593 2345,4589 2330,4574 2325,4574 2323,4572 2323,4571 2321,4569 2316,4569 2311,4564 2147,4564 2142,4569 2137,4569 2132,4574 2127,4574 2122,4579 2122,4580 2118,4584 2118,4589 2116,4591 2115,4591 2113,4593 2113,4598 2108,4603 2108,4613 2103,4618 2103,4632 2098,4637 2045,4637 2040,4632 1939,4632 1934,4627 1934,4569 1779,4569 1779,4603 1774,4608 1658,4608 1653,4613 1552,4613 1547,4608 1547,4574 1542,4569 1378,4569 1368,4579 1368,4584 1363,4589 1363,4613 1358,4618 1320,4618 1315,4613 1315,4574 1068,4574 1068,4613 1063,4618 923,4618 923,4622 918,4627 918,4734 1494,4734 1499,4729 1508,4729 1513,4734 1677,4734 1682,4729 1934,4729 1939,4724 1939,4709 1943,4705 2108,4705 2127,4724 2137,4724 2151,4738 2151,4743 2166,4758 2180,4758 2185,4763 2317,4763 2318,4764 2317,4765 2317,4770 2316,4771 2316,4777 2315,4778 2315,4783 2314,4784 2314,4790 2312,4792 2185,4792 2183,4794 2182,4794 2180,4796 2180,4850 2176,4854 2098,4854 2096,4852 2095,4852 2093,4850 2093,4806 2088,4801 2088,4800 2084,4796 2079,4796 2077,4794 2076,4794 2074,4792 1789,4792 1789,4830 1784,4835 1765,4835 1760,4840 1658,4840 1653,4835 1653,4801 1610,4801 1605,4796 1441,4796 1441,4821 1439,4823 1438,4823 1436,4825 1402,4825 1400,4823 1399,4823 1397,4821 1397,4801 1392,4796 1247,4796 1247,4840 1242,4845 962,4845 957,4850 947,4850 938,4859 933,4859 933,4956 938,4961 942,4961 947,4966 1179,4966 1184,4961 1634,4961 1639,4966 1639,5000 1641,5002 1642,5002 1644,5004 1813,5004 1815,5002 1816,5002 1818,5000 1818,4961 1823,4956 2069,4956 2074,4951 2079,4951 2079,4937 2084,4932 2151,4932 2156,4927 2161,4927 2166,4932 2166,4942 2171,4942 2173,4944 2174,4944 2176,4946 2176,4951 2178,4953 2178,4954 2180,4956 2340,4956 2345,4951 2354,4951 2359,4956 2359,4957 2370,4968 2370,4969 2380,4979 2380,4980 2391,4991 2391,4992 2402,5003 2402,5004 2412,5014 2412,5015 2423,5026 2423,5027 2433,5037 2433,5038 2444,5049 2444,5050 2454,5060 2454,5061 2453,5062 2316,5062 2314,5060 2313,5060 2311,5058 2311,5033 2309,5031 2308,5031 2306,5029 2306,5024 2253,5024 2248,5019 2055,5019 2050,5024 2045,5024 2045,5062 2040,5067 1885,5067 1885,5101 1883,5103 1883,5104 1881,5106 1856,5106 1854,5104 1854,5103 1852,5101 1852,5072 1847,5072 1842,5067 1697,5067 1692,5062 1692,5033 1690,5031 1689,5031 1687,5029 1687,5024 1542,5024 1537,5029 1276,5029 1274,5031 1273,5031 1271,5033 1208,5033 1206,5035 1206,5036 1204,5038 1204,5048 1199,5053 1199,5062 1189,5072 1189,5091 1184,5096 909,5096 909,5169 1155,5169 1160,5174 1160,5188 1165,5193 1315,5193 1320,5188 1765,5188 1767,5190 1767,5191 1769,5193 1769,5227 1914,5227 1919,5222 1924,5222 1924,5212 1929,5207 1929,5193 1934,5188 2059,5188 2064,5183 2292,5183 2294,5181 2294,5180 2296,5178 2306,5178 2311,5183 2450,5183 2451,5184 2449,5186 2449,5187 2448,5188 2448,5189 2446,5191 2446,5192 2444,5194 2444,5195 2442,5197 2442,5198 2441,5199 2441,5200 2439,5202 2439,5203 2437,5205 2437,5206 2435,5208 2435,5209 2434,5210 2434,5211 2432,5213 2432,5214 2430,5216 2430,5217 2428,5219 2428,5220 2427,5221 2427,5222 2425,5224 2425,5225 2423,5227 2423,5228 2421,5230 2421,5231 2420,5232 2420,5233 2418,5235 2418,5236 2416,5238 2416,5239 2414,5241 2414,5242 2413,5243 2413,5244 2411,5246 2411,5247 2409,5249 2409,5250 2407,5252 2407,5253 2405,5255 2405,5256 2404,5257 2404,5258 2402,5260 2402,5261 2400,5263 2400,5264 2398,5266 2398,5267 2397,5268 2397,5269 2395,5271 2395,5272 2393,5274 2393,5275 2391,5277 2391,5278 2390,5279 2390,5280 2388,5282 2388,5283 2386,5285 2386,5286 2384,5288 2384,5289 2383,5290 2383,5291 2381,5293 2381,5294 2379,5296 2379,5297 2377,5299 2377,5300 2376,5301 2376,5302 2374,5304 2374,5305 2372,5307 2372,5308 2370,5310 2370,5311 2369,5312 2369,5313 2367,5315 2367,5316 2365,5318 2365,5319 2363,5321 2363,5322 2362,5323 2362,5324 2360,5326 2360,5327 2358,5329 2358,5330 2356,5332 2356,5333 2355,5334 2355,5335 2353,5337 2353,5338 2351,5340 2351,5341 2349,5343 2349,5344 2348,5345 2348,5346 2346,5348 2346,5349 2344,5351 2344,5352 2342,5354 2342,5355 2340,5357 2340,5358 2339,5359 2339,5360 2337,5362 2337,5363 2335,5365 2335,5366 2333,5368 2333,5369 2332,5370 2332,5371 2330,5373 2330,5374 2328,5376 2328,5377 2326,5379 2326,5380 2325,5381 2325,5382 2323,5384 2323,5385 2321,5387 2321,5388 2319,5390 2319,5391 2318,5392 2318,5393 2316,5395 2316,5396 2314,5398 2314,5399 2312,5401 2312,5402 2311,5403 2311,5404 2309,5406 2309,5407 2307,5409 2307,5410 2305,5412 2305,5413 2304,5414 2304,5415 2302,5417 2302,5418 2300,5420 2300,5421 2298,5423 2298,5424 2297,5425 2297,5426 2295,5428 2295,5429 2293,5431 2293,5432 2291,5434 2291,5435 2290,5436 2290,5437 2288,5439 2288,5440 2286,5442 2286,5443 2284,5445 2284,5446 2283,5447 2283,5448 2281,5450 2281,5451 2279,5453 2279,5454 2277,5456 2277,5457 2276,5458 2276,5459 2274,5461 2274,5462 2272,5464 2272,5465 2270,5467 2270,5468 2268,5470 2268,5471 2267,5472 2267,5473 2265,5475 2265,5476 2263,5478 2263,5479 2261,5481 2261,5482 2260,5483 2260,5484 2258,5486 2258,5487 2257,5488 2127,5488 2127,5527 2125,5529 2124,5529 2122,5531 2119,5531 2118,5530 2114,5530 2113,5529 2109,5529 2108,5528 2103,5528 2102,5527 2098,5527 2097,5526 2092,5526 2091,5525 2087,5525 2086,5524 2081,5524 2080,5523 2076,5523 2075,5522 2071,5522 2070,5521 2065,5521 2064,5520 2060,5520 2059,5519 2054,5519 2053,5518 2049,5518 2048,5517 2044,5517 2043,5516 2038,5516 2037,5515 2033,5515 2032,5514 2027,5514 2026,5513 2022,5513 2021,5512 2017,5512 2016,5511 2011,5511 2010,5510 2006,5510 2005,5509 2000,5509 1999,5508 1995,5508 1994,5507 1989,5507 1988,5506 1984,5506 1983,5505 1979,5505 1978,5504 1973,5504 1972,5503 1968,5503 1967,5502 1962,5502 1961,5501 1957,5501 1956,5500 1952,5500 1951,5499 1946,5499 1945,5498 1941,5498 1940,5497 1935,5497 1934,5496 1930,5496 1929,5495 1925,5495 1924,5494 1919,5494 1918,5493 1914,5493 1913,5492 1908,5492 1907,5491 1903,5491 1902,5490 1898,5490 1897,5489 1892,5489 1891,5488 1887,5488 1886,5487 1881,5487 1880,5486 1876,5486 1875,5485 1870,5485 1869,5484 1865,5484 1864,5483 1860,5483 1859,5482 1854,5482 1853,5481 1849,5481 1848,5480 1843,5480 1842,5479 1838,5479 1837,5478 1833,5478 1832,5477 1827,5477 1826,5476 1822,5476 1821,5475 1816,5475 1815,5474 1811,5474 1810,5473 1806,5473 1805,5472 1800,5472 1799,5471 1795,5471 1794,5470 1789,5470 1788,5469 1784,5469 1783,5468 1778,5468 1777,5467 1773,5467 1772,5466 1768,5466 1767,5465 1762,5465 1761,5464 1757,5464 1756,5463 1751,5463 1750,5462 1746,5462 1745,5461 1741,5461 1740,5460 1735,5460 1734,5459 1730,5459 1729,5458 1724,5458 1723,5457 1719,5457 1718,5456 1714,5456 1713,5455 1708,5455 1707,5454 1703,5454 1702,5453 1697,5453 1696,5452 1692,5452 1691,5451 1687,5451 1686,5450 1681,5450 1680,5449 1676,5449 1675,5448 1670,5448 1669,5447 1665,5447 1664,5446 1659,5446 1658,5445 1654,5445 1653,5444 1649,5444 1648,5443 1643,5443 1642,5442 1638,5442 1637,5441 1632,5441 1631,5440 1627,5440 1626,5439 1622,5439 1621,5438 1616,5438 1615,5437 1611,5437 1610,5436 1605,5436 1604,5435 1600,5435 1599,5434 1595,5434 1594,5433 1589,5433 1588,5432 1584,5432 1583,5431 1578,5431 1577,5430 1573,5430 1572,5429 1567,5429 1566,5428 1562,5428 1561,5427 1557,5427 1556,5426 1551,5426 1550,5425 1546,5425 1545,5424 1540,5424 1539,5423 1535,5423 1534,5422 1530,5422 1529,5421 1524,5421 1523,5420 1519,5420 1518,5419 1513,5419 1512,5418 1508,5418 1507,5417 1503,5417 1502,5416 1497,5416 1496,5415 1492,5415 1491,5414 1486,5414 1484,5412 1484,5353 1479,5348 1484,5343 1484,5275 1479,5270 1479,5261 1184,5261 1184,5299 1179,5304 1112,5304 1107,5299 1107,5265 1097,5265 1095,5263 1094,5263 1092,5261 933,5261 933,5304 923,5314 913,5314 911,5316 911,5317 909,5319 909,5324 907,5326 906,5326 904,5328 904,5406 909,5411 909,5415 911,5417 911,5418 913,5420 923,5420 928,5425 1078,5425 1083,5420 1131,5420 1136,5425 1276,5425 1281,5420 1320,5420 1322,5422 1322,5423 1324,5425 1470,5425 1472,5423 1472,5422 1474,5420 1479,5420 1484,5415 1486,5415 1487,5416 1491,5416 1492,5417 1496,5417 1497,5418 1502,5418 1503,5419 1507,5419 1508,5420 1513,5420 1514,5421 1518,5421 1519,5422 1523,5422 1524,5423 1529,5423 1530,5424 1534,5424 1535,5425 1540,5425 1541,5426 1545,5426 1546,5427 1550,5427 1551,5428 1556,5428 1557,5429 1561,5429 1562,5430 1567,5430 1568,5431 1572,5431 1573,5432 1577,5432 1578,5433 1583,5433 1584,5434 1588,5434 1589,5435 1594,5435 1595,5436 1599,5436 1600,5437 1605,5437 1606,5438 1610,5438 1611,5439 1615,5439 1616,5440 1621,5440 1622,5441 1626,5441 1627,5442 1632,5442 1633,5443 1637,5443 1638,5444 1642,5444 1643,5445 1648,5445 1649,5446 1653,5446 1654,5447 1659,5447 1660,5448 1664,5448 1665,5449 1669,5449 1670,5450 1675,5450 1676,5451 1680,5451 1681,5452 1686,5452 1687,5453 1691,5453 1692,5454 1697,5454 1698,5455 1702,5455 1703,5456 1707,5456 1708,5457 1713,5457 1714,5458 1718,5458 1719,5459 1724,5459 1725,5460 1729,5460 1730,5461 1734,5461 1735,5462 1740,5462 1741,5463 1745,5463 1746,5464 1751,5464 1752,5465 1756,5465 1757,5466 1761,5466 1762,5467 1767,5467 1768,5468 1772,5468 1773,5469 1778,5469 1779,5470 1783,5470 1784,5471 1788,5471 1789,5472 1794,5472 1795,5473 1799,5473 1800,5474 1805,5474 1806,5475 1810,5475 1811,5476 1816,5476 1817,5477 1821,5477 1822,5478 1826,5478 1827,5479 1832,5479 1833,5480 1837,5480 1838,5481 1843,5481 1844,5482 1848,5482 1849,5483 1853,5483 1854,5484 1859,5484 1860,5485 1864,5485 1865,5486 1870,5486 1871,5487 1875,5487 1876,5488 1880,5488 1881,5489 1886,5489 1887,5490 1891,5490 1892,5491 1897,5491 1898,5492 1902,5492 1903,5493 1908,5493 1909,5494 1913,5494 1914,5495 1918,5495 1919,5496 1924,5496 1925,5497 1929,5497 1930,5498 1935,5498 1936,5499 1940,5499 1941,5500 1945,5500 1946,5501 1951,5501 1952,5502 1956,5502 1957,5503 1962,5503 1963,5504 1967,5504 1968,5505 1972,5505 1973,5506 1978,5506 1979,5507 1983,5507 1984,5508 1989,5508 1990,5509 1994,5509 1995,5510 1999,5510 2000,5511 2005,5511 2006,5512 2010,5512 2011,5513 2016,5513 2017,5514 2021,5514 2022,5515 2027,5515 2028,5516 2032,5516 2033,5517 2037,5517 2038,5518 2043,5518 2044,5519 2048,5519 2049,5520 2054,5520 2055,5521 2059,5521 2060,5522 2064,5522 2065,5523 2070,5523 2071,5524 2075,5524 2076,5525 2081,5525 2082,5526 2086,5526 2087,5527 2091,5527 2092,5528 2097,5528 2098,5529 2102,5529 2103,5530 2102,5531 1856,5531 1852,5527 1852,5512 1847,5507 1847,5502 1845,5500 1844,5500 1842,5498 1837,5498 1832,5493 1629,5493 1629,5531 1624,5536 1542,5536 1537,5531 1537,5498 1532,5493 1532,5488 1387,5488 1382,5493 1382,5531 1380,5533 1380,5534 1378,5536 1271,5536 1266,5531 1266,5527 1264,5525 1264,5524 1262,5522 1262,5517 1257,5512 1257,5502 1255,5500 1254,5500 1252,5498 1107,5498 1107,5502 1102,5507 1102,5512 1097,5517 1097,5527 1095,5529 1094,5529 1092,5531 1092,5541 1090,5543 1090,5544 1088,5546 1088,5556 1086,5558 1085,5558 1083,5560 1083,5570 1078,5575 1073,5575 1073,5585 1071,5587 1070,5587 1068,5589 1059,5589 1054,5594 1054,5648 1056,5650 1057,5650 1059,5652 1223,5652 1228,5657 1228,5696 1252,5696 1257,5701 1397,5701 1402,5696 1402,5657 1407,5652 1905,5652 1907,5650 1908,5650 1910,5648 2288,5648 2289,5649 2289,5650 2292,5653 2292,5654 2294,5656 2294,5657 2297,5660 2297,5661 2300,5664 2300,5665 2302,5667 2302,5668 2305,5671 2305,5672 2307,5674 2307,5675 2310,5678 2310,5679 2312,5681 2312,5682 2315,5685 2315,5686 2318,5689 2318,5690 2320,5692 2320,5693 2323,5696 2323,5697 2325,5699 2325,5700 2328,5703 2328,5704 2330,5706 2330,5707 2333,5710 2333,5711 2335,5713 2335,5714 2334,5715 2195,5715 2195,5754 2190,5759 2030,5759 2028,5757 2028,5756 2026,5754 2026,5715 1871,5715 1866,5720 1702,5720 1702,5754 1697,5759 1653,5759 1648,5754 1648,5720 1646,5718 1646,5717 1644,5715 1484,5715 1484,5759 1479,5764 1474,5764 1472,5762 1472,5761 1470,5759 1470,5749 1465,5744 1320,5744 1315,5749 1315,5759 1310,5764 1068,5764 1063,5759 1063,5754 1061,5752 1061,5751 1059,5749 909,5749 904,5754 904,5764 902,5766 901,5766 899,5768 894,5768 894,5826 899,5826 909,5836 909,5875 911,5877 911,5878 913,5880 1068,5880 1073,5875 1470,5875 1472,5873 1472,5872 1474,5870 2292,5870 2294,5872 2294,5873 2296,5875 2296,5913 2427,5913 2429,5915 2429,5918 2430,5919 2430,5921 2431,5922 2431,5924 2432,5925 2432,5928 2433,5929 2433,5931 2434,5932 2434,5934 2435,5935 2435,5937 2436,5938 2436,5941 2437,5942 2437,5944 2438,5945 2438,5947 2439,5948 2439,5950 2440,5951 2440,5954 2441,5955 2441,5957 2442,5958 2442,5960 2443,5961 2443,5964 2444,5965 2444,5967 2445,5968 2445,5970 2446,5971 2446,5973 2447,5974 2447,5977 2448,5978 2448,5980 2449,5981 2449,5983 2450,5984 2450,5985 2449,5986 2354,5986 2352,5984 2352,5983 2350,5981 2200,5981 2195,5986 2185,5986 2185,5991 2180,5996 2180,6020 2178,6022 2178,6023 2176,6025 1885,6025 1883,6023 1883,6022 1881,6020 1881,6010 1876,6005 1876,5967 1871,5962 1871,5952 1866,5947 1852,5947 1847,5942 1658,5942 1653,5947 1648,5942 1378,5942 1378,5986 1373,5991 1228,5991 1223,5986 1223,5981 1218,5976 1063,5976 1063,5986 1061,5988 1061,5989 1059,5991 1015,5991 1010,5996 918,5996 904,6010 904,6015 899,6020 899,6092 904,6097 904,6102 909,6107 918,6107 923,6112 1392,6112 1397,6107 1407,6107 1412,6102 1648,6102 1653,6107 2069,6107 2074,6102 2190,6102 2195,6107 2403,6107 2408,6102 2509,6102 2514,6097 2582,6097 2587,6102 2848,6102 2853,6097 3051,6097 3056,6092 3060,6092 3065,6097 3210,6097 3215,6092 3563,6092 3565,6090 3566,6090 3568,6088 3578,6088 3580,6090 3581,6090 3583,6092 3583,6135 3729,6135 3733,6131 3733,6126 3742,6117 3742,6107 3747,6102 3747,6020 3742,6015 3742,6010 3670,6010 3665,6005 3665,5976 3500,5976 3498,5974 3498,5973 3496,5971 3496,5928 3491,5923 3351,5923 3346,5928 3331,5928 3331,5971 3326,5976 3293,5976 3288,5971 3288,5947 3283,5942 3283,5938 3273,5938 3268,5933 3085,5933 3080,5938 3075,5938 3070,5943 3069,5943 3065,5947 3065,5976 3060,5981 2935,5981 2930,5976 2930,5938 2925,5938 2915,5928 2775,5928 2770,5933 2770,5952 2765,5957 2654,5957 2654,5962 2649,5967 2645,5967 2645,5976 2640,5981 2519,5981 2514,5986 2453,5986 2451,5984 2451,5981 2450,5980 2450,5978 2449,5977 2449,5975 2448,5974 2448,5971 2447,5970 2447,5968 2446,5967 2446,5965 2445,5964 2445,5962 2444,5961 2444,5958 2443,5957 2443,5955 2442,5954 2442,5952 2441,5951 2441,5948 2440,5947 2440,5945 2439,5944 2439,5942 2438,5941 2438,5939 2437,5938 2437,5935 2436,5934 2436,5932 2435,5931 2435,5929 2434,5928 2434,5926 2433,5925 2433,5922 2432,5921 2432,5919 2431,5918 2431,5916 2430,5915 2430,5914 2431,5913 2437,5913 2451,5899 2451,5894 2456,5889 2461,5894 2461,5918 2490,5918 2495,5923 2495,5933 2635,5933 2635,5923 2640,5918 2640,5875 2645,5870 2669,5870 2674,5865 3177,5865 3179,5863 3179,5862 3181,5860 3201,5860 3206,5865 3351,5865 3353,5863 3353,5862 3355,5860 3747,5860 3754,5853 3755,5853 3762,5846 3762,5788 3757,5783 3757,5749 3747,5749 3742,5744 3742,5735 3704,5735 3699,5730 3699,5710 3697,5708 3696,5708 3694,5706 3544,5706 3544,5744 3539,5749 3428,5749 3423,5754 3418,5754 3413,5749 3413,5710 3409,5706 3259,5706 3257,5708 3256,5708 3254,5710 3254,5744 3249,5749 3201,5749 3196,5754 3191,5754 3186,5749 3186,5706 2896,5706 2894,5708 2893,5708 2891,5710 2882,5710 2882,5749 2877,5754 2456,5754 2451,5759 2446,5759 2432,5773 2432,5788 2427,5793 2394,5793 2393,5792 2393,5791 2392,5790 2392,5788 2390,5786 2390,5785 2387,5782 2387,5781 2385,5779 2385,5778 2382,5775 2382,5774 2380,5772 2380,5771 2377,5768 2377,5767 2375,5765 2375,5764 2372,5761 2372,5760 2370,5758 2370,5757 2367,5754 2367,5753 2364,5750 2364,5749 2362,5747 2362,5746 2359,5743 2359,5715 2340,5715 2336,5711 2336,5710 2334,5708 2334,5707 2331,5704 2331,5703 2328,5700 2328,5699 2326,5697 2326,5696 2323,5693 2323,5692 2321,5690 2321,5689 2318,5686 2318,5685 2316,5683 2316,5682 2313,5679 2313,5678 2310,5675 2310,5674 2308,5672 2308,5671 2305,5668 2305,5667 2303,5665 2303,5664 2300,5661 2300,5660 2298,5658 2298,5657 2295,5654 2295,5653 2292,5650 2292,5649 2293,5648 2495,5648 2500,5643 2920,5643 2925,5638 3268,5638 3273,5643 3273,5686 3520,5686 3525,5681 3525,5643 3530,5638 3679,5638 3679,5614 3684,5609 3752,5609 3757,5604 3757,5551 3752,5546 3704,5546 3699,5541 3699,5522 3694,5517 3636,5517 3631,5512 3631,5502 3486,5502 3486,5517 3481,5522 3375,5522 3370,5517 3326,5517 3324,5515 3324,5514 3322,5512 3322,5488 3312,5478 2973,5478 2971,5476 2971,5475 2969,5473 2828,5473 2826,5475 2826,5476 2824,5478 2824,5502 2819,5507 2770,5507 2770,5517 2765,5522 2645,5522 2640,5517 2640,5483 2635,5483 2630,5478 2480,5478 2475,5483 2441,5483 2441,5507 2439,5509 2439,5510 2437,5512 2345,5512 2345,5522 2340,5527 2287,5527 2282,5522 2282,5488 2262,5488 2261,5487 2261,5486 2263,5484 2263,5483 2264,5482 2264,5481 2266,5479 2266,5478 2268,5476 2268,5475 2270,5473 2270,5472 2271,5471 2271,5470 2273,5468 2273,5467 2275,5465 2275,5464 2277,5462 2277,5461 2278,5460 2278,5459 2280,5457 2280,5456 2282,5454 2282,5453 2284,5451 2284,5450 2285,5449 2285,5448 2287,5446 2287,5445 2289,5443 2289,5442 2291,5440 2291,5439 2292,5438 2292,5437 2294,5435 2294,5434 2296,5432 2296,5431 2298,5429 2298,5428 2299,5427 2299,5426 2301,5424 2301,5423 2303,5421 2303,5420 2305,5418 2305,5417 2307,5415 2307,5414 2308,5413 2308,5412 2310,5410 2310,5409 2312,5407 2312,5406 2314,5404 2314,5403 2315,5402 2315,5401 2317,5399 2317,5398 2319,5396 2319,5395 2321,5393 2321,5392 2322,5391 2322,5390 2324,5388 2324,5387 2326,5385 2326,5384 2328,5382 2328,5381 2329,5380 2329,5379 2331,5377 2331,5376 2333,5374 2333,5373 2335,5371 2335,5370 2336,5369 2336,5368 2338,5366 2338,5365 2340,5363 2340,5362 2342,5360 2342,5359 2343,5358 2343,5357 2345,5355 2345,5354 2347,5352 2347,5351 2349,5349 2349,5348 2350,5347 2350,5346 2352,5344 2352,5343 2354,5341 2354,5340 2356,5338 2356,5337 2357,5336 2357,5335 2359,5333 2359,5332 2361,5330 2361,5329 2363,5327 2363,5326 2364,5325 2364,5324 2366,5322 2366,5321 2368,5319 2368,5318 2370,5316 2370,5315 2371,5314 2371,5313 2373,5311 2373,5310 2375,5308 2375,5307 2377,5305 2377,5304 2379,5302 2379,5301 2380,5300 2380,5299 2382,5297 2382,5296 2384,5294 2384,5293 2386,5291 2386,5290 2387,5289 2387,5288 2389,5286 2389,5285 2391,5283 2391,5282 2393,5280 2393,5279 2394,5278 2394,5277 2396,5275 2396,5274 2398,5272 2398,5271 2400,5269 2400,5268 2401,5267 2401,5266 2403,5264 2403,5263 2405,5261 2405,5260 2407,5258 2407,5257 2408,5256 2408,5255 2410,5253 2410,5252 2412,5250 2412,5249 2414,5247 2414,5246 2415,5245 2415,5244 2417,5242 2417,5241 2419,5239 2419,5238 2421,5236 2421,5235 2422,5234 2422,5233 2424,5231 2424,5230 2426,5228 2426,5227 2428,5225 2428,5224 2429,5223 2429,5222 2431,5220 2431,5219 2433,5217 2433,5216 2435,5214 2435,5213 2436,5212 2436,5211 2438,5209 2438,5208 2440,5206 2440,5205 2442,5203 2442,5202 2443,5201 2443,5200 2445,5198 2445,5197 2447,5195 2447,5194 2449,5192 2449,5191 2451,5189 2451,5188 2452,5187 2452,5186 2455,5183 2466,5183 2471,5178 2558,5178 2560,5180 2560,5181 2562,5183 2562,5222 2707,5222 2712,5217 2712,5212 2717,5207 2717,5203 2722,5198 2722,5183 2727,5178 2872,5178 2877,5183 2877,5217 2882,5222 3060,5222 3060,5183 3065,5178 3297,5178 3299,5176 3300,5176 3302,5174 3307,5174 3307,5169 3312,5164 3317,5169 3317,5174 3319,5176 3320,5176 3322,5178 3467,5178 3471,5174 3699,5174 3704,5169 3757,5169 3757,5111 3752,5106 3752,5067 3747,5062 3747,5058 3665,5058 3660,5053 3660,5014 3510,5014 3510,5053 3505,5058 3471,5058 3469,5056 3469,5055 3467,5053 3467,5043 3317,5043 3317,5053 3312,5058 3311,5058 3307,5062 3297,5062 3293,5058 3293,5043 3249,5043 3244,5038 3244,5019 3239,5014 3089,5014 3089,5038 3087,5040 3087,5041 3085,5043 3041,5043 3041,5053 3036,5058 2988,5058 2986,5060 2985,5060 2983,5062 2896,5062 2894,5060 2893,5060 2891,5058 2891,5014 2577,5014 2572,5019 2567,5019 2567,5058 2565,5060 2564,5060 2562,5062 2459,5062 2450,5053 2450,5052 2440,5042 2440,5041 2429,5030 2429,5029 2419,5019 2419,5018 2408,5007 2408,5006 2397,4995 2397,4994 2387,4984 2387,4983 2376,4972 2376,4971 2366,4961 2366,4960 2358,4952 2359,4951 2480,4951 2485,4956 2485,4990 2490,4995 2674,4995 2681,4988 2681,4987 2688,4980 2693,4980 2693,4956 2698,4951 2828,4951 2833,4946 2882,4946 2884,4948 2884,4949 2886,4951 2886,4985 3031,4985 3031,4980 3035,4976 3036,4976 3041,4971 3046,4971 3046,4961 3051,4956 3051,4951 3056,4946 3602,4946 3604,4944 3605,4944 3607,4942 3747,4942 3752,4937 3752,4869 3747,4864 3723,4864 3718,4859 3718,4835 3708,4825 3491,4825 3489,4823 3488,4823 3486,4821 3486,4787 3481,4782 3331,4782 3331,4821 3329,4823 3328,4823 3326,4825 3007,4825 3002,4830 2920,4830 2915,4825 2746,4825 2741,4830 2601,4830 2596,4825 2596,4792 2591,4787 2345,4787 2340,4792 2316,4792 2315,4791 2315,4790 2316,4789 2316,4784 2317,4783 2317,4778 2318,4777 2318,4771 2319,4770 2319,4765 2321,4763 2354,4763 2359,4758 2359,4729 2364,4724 2703,4724 2705,4722 2705,4721 2707,4719 2717,4719 2722,4724 2920,4724 2925,4719 3747,4719 3752,4714 3757,4714 3762,4709 3762,4608 3752,4598 3631,4598 3626,4593 3626,4559 3624,4557 3623,4557 3621,4555 3481,4555 3479,4557 3478,4557 3476,4559 3326,4559 3324,4561 3324,4562 3322,4564 3322,4598 3317,4603 3244,4603 3239,4598 3239,4589 3237,4587 3237,4586 3235,4584 3089,4584 3087,4586 3087,4587 3085,4589 3085,4598 3080,4603 3060,4603 3058,4601 3058,4600 3056,4598 3056,4569 3046,4559 2882,4559 2877,4564 2872,4564 2867,4569 2867,4584 2862,4589 2722,4589 2717,4584 2717,4564 2712,4559 2504,4559 2502,4561 2502,4562 2500,4564 2500,4603 2495,4608 2358,4608 2357,4607 2358,4606 2358,4605 2361,4602 2361,4601 2364,4598 2364,4597 2367,4594 2367,4593 2370,4590 2370,4589 2374,4585 2374,4584 2377,4581 2377,4580 2380,4577 2380,4576 2383,4573 2383,4572 2386,4569 2386,4568 2390,4564 2390,4563 2393,4560 2393,4559 2396,4556 2396,4555 2399,4552 2399,4551 2402,4548 2402,4547 2405,4544 2405,4543 2409,4539 2409,4538 2412,4535 2422,4535 2427,4530 2432,4530 2432,4526 2437,4521 2437,4516 2439,4514 2439,4513 2441,4511 2441,4497 2446,4492 2630,4492 2635,4497 2635,4526 2637,4528 2638,4528 2640,4530 2765,4530 2770,4535 2944,4535 2949,4530 2954,4530 2954,4492 2959,4487 3500,4487 3505,4492 3505,4526 3507,4528 3508,4528 3510,4530 3515,4530 3520,4535 3670,4535 3675,4530 3694,4530 3708,4516 3708,4497 3713,4492 3742,4492 3762,4472 3762,4419 3757,4414 3757,4371 3747,4371 3742,4366 3742,4356 3740,4354 3739,4354 3737,4352 3597,4352 3595,4354 3594,4354 3592,4356 3588,4356 3588,4366 3583,4371 3530,4371 3525,4366 3525,4327 3365,4327 3365,4361 3360,4366 3307,4366 3302,4361 3302,4327 3300,4325 3299,4325 3297,4323 3138,4323 3136,4325 3135,4325 3133,4327 3128,4327 3128,4361 3123,4366 3022,4366 3017,4361 3017,4327 2853,4327 2853,4366 2848,4371 2785,4371 2775,4381 2770,4381 2770,4410 2768,4412 2767,4412 2765,4414 2751,4414 2749,4412 2748,4412 2746,4410 2746,4390 2741,4385 2741,4381 2736,4376 2736,4371 2524,4371 2523,4370 2523,4369 2524,4368 2524,4367 2525,4366 2525,4365 2526,4364 2526,4362 2527,4361 2527,4360 2528,4359 2528,4358 2529,4357 2529,4356 2530,4355 2530,4354 2531,4353 2531,4352 2532,4351 2532,4350 2533,4349 2533,4348 2534,4347 2534,4346 2535,4345 2535,4344 2536,4343 2536,4342 2537,4341 2537,4340 2538,4339 2538,4338 2539,4337 2539,4336 2540,4335 2540,4334 2541,4333 2541,4332 2542,4331 2542,4330 2543,4329 2543,4328 2544,4327 2544,4326 2545,4325 2545,4324 2546,4323 2546,4322 2547,4321 2547,4320 2548,4319 2548,4318 2549,4317 2549,4316 2550,4315 2550,4314 2551,4313 2551,4312 2552,4311 2552,4310 2553,4309 2553,4308 2554,4307 2554,4306 2555,4305 2555,4304 2556,4303 2556,4302 2557,4301 2557,4300 2558,4299 2558,4298 2559,4297 2559,4296 2560,4295 2560,4294 2561,4293 2561,4292 2562,4291 2562,4290 2563,4289 2563,4287 2564,4286 2564,4285 2565,4284 2565,4283 2566,4282 2566,4281 2567,4280 2567,4279 2568,4278 2568,4277 2569,4276 2569,4275 2570,4274 2570,4273 2571,4272 2571,4271 2572,4270 2572,4269 2573,4268 2573,4267 2575,4265 2645,4265 2647,4263 2647,4262 2649,4260 2712,4260 2717,4255 2722,4255 2727,4260 3104,4260 3109,4255 3307,4255 3312,4250 3317,4250 3321,4246 3321,4245 3326,4240 3331,4245 3331,4250 3336,4255 3588,4255 3590,4257 3590,4258 3592,4260 3742,4260 3747,4255 3752,4255 3757,4250 3757,4182 3752,4177 3752,4148 3747,4148 3745,4146 3744,4146 3742,4144 3588,4144 3586,4146 3585,4146 3583,4148 3530,4148 3528,4146 3527,4146 3525,4144 3525,4095 3355,4095 3355,4144 3351,4148 3346,4148 3341,4153 3336,4153 3331,4158 3331,4168 3326,4173 3324,4171 3324,4170 3322,4168 3322,4158 3312,4148 3302,4148 3300,4146 3299,4146 3297,4144 2993,4144 2991,4146 2990,4146 2988,4148 2732,4148 2722,4158 2717,4153 2659,4153 2654,4148 2645,4148 2643,4146 2642,4146 2640,4144 2640,4129 2539,4129 2524,4114 2524,4113 2477,4066 2477,4065 2450,4038 2451,4037 2703,4037 2705,4039 2705,4040 2707,4042 2707,4081 2712,4086 2872,4086 2877,4081 2877,4037 2882,4032 3588,4032 3592,4028 3713,4028 3713,4008 3718,4003 3752,4003 3752,3999 3757,3994 3757,3941 3752,3936 3699,3936 3694,3931 3694,3916 3592,3916 3588,3912 3588,3873 3423,3873 3423,3916 3418,3921 3326,3921 3324,3919 3324,3918 3322,3916 3322,3892 3317,3887 3317,3868 3162,3868 3162,3912 3160,3914 3159,3914 3157,3916 3080,3916 3078,3914 3077,3914 3075,3912 3075,3897 3031,3897 3029,3895 3029,3894 3027,3892 3027,3878 3022,3873 2877,3873 2877,3887 2872,3892 2872,3916 2867,3921 2746,3921 2741,3926 2688,3926 2683,3921 2674,3921 2669,3916 2669,3907 2664,3902 2664,3897 2519,3897 2519,3902 2514,3907 2471,3907 2471,3916 2466,3921 2350,3921 2345,3926 2343,3926 2337,3920 2337,3919 2327,3909 2327,3908 2317,3898 2317,3897 2307,3887 2307,3886 2297,3876 2297,3875 2287,3865 2287,3864 2277,3854 2277,3853 2267,3843 2267,3842 2257,3832 2257,3831 2247,3821 2247,3820 2238,3811 2239,3810 2248,3810 2253,3805 2441,3805 2446,3810 2446,3849 2596,3849 2601,3844 2601,3834 2606,3829 2606,3824 2608,3822 2609,3822 2611,3820 2611,3805 2616,3800 2712,3800 2717,3805 2954,3805 2959,3800 3360,3800 3365,3795 3530,3795 3532,3797 3532,3798 3534,3800 3675,3800 3677,3798 3677,3797 3679,3795 3713,3795 3713,3781 3718,3776 3762,3776 3762,3708 3708,3708 3704,3704 3704,3689 3699,3684 3268,3684 3266,3682 3266,3681 3264,3679 3264,3641 3259,3636 3099,3636 3099,3679 3094,3684 3089,3684 3087,3682 3087,3681 3085,3679 3085,3646 3080,3641 2940,3641 2935,3646 2935,3660 2930,3665 2930,3679 2925,3684 2911,3684 2906,3679 2906,3650 2904,3648 2903,3648 2901,3646 2901,3641 2616,3641 2611,3646 2606,3641 2345,3641 2340,3646 2335,3646 2335,3689 2330,3694 2200,3694 2195,3689 2195,3679 2193,3677 2192,3677 2190,3675 2190,3663 2191,3662 2191,3661 2192,3660 2192,3658 2193,3657 2193,3656 2194,3655 2194,3653 2195,3652 2195,3651 2196,3650 2196,3648 2197,3647 2197,3645 2198,3644 2198,3643 2199,3642 2199,3640 2200,3639 2200,3638 2201,3637 2201,3635 2202,3634 2202,3633 2203,3632 2203,3630 2204,3629 2204,3628 2205,3627 2205,3625 2206,3624 2206,3623 2207,3622 2207,3620 2208,3619 2208,3618 2209,3617 2209,3615 2210,3614 2210,3612 2211,3611 2211,3610 2212,3609 2212,3607 2213,3606 2213,3605 2214,3604 2214,3602 2215,3601 2215,3600 2216,3599 2216,3597 2217,3596 2217,3595 2218,3594 2218,3592 2219,3591 2219,3590 2220,3589 2220,3587 2221,3586 2221,3585 2222,3584 2222,3582 2223,3581 2223,3580 2225,3578 2500,3578 2502,3576 2502,3575 2504,3573 2645,3573 2647,3575 2647,3576 2649,3578 2649,3621 2799,3621 2801,3619 2802,3619 2804,3617 2809,3617 2809,3612 2814,3607 2814,3592 2816,3590 2817,3590 2819,3588 2819,3578 2824,3573 3031,3573 3036,3568 3114,3568 3116,3570 3116,3571 3118,3573 3118,3617 3120,3619 3121,3619 3123,3621 3283,3621 3285,3619 3286,3619 3288,3617 3297,3617 3297,3573 3302,3568 3737,3568 3741,3564 3742,3564 3747,3559 3747,3491 3737,3481 3592,3481 3590,3483 3590,3484 3588,3486 3583,3481 3583,3404 3351,3404 3346,3409 3346,3452 3341,3457 3196,3457 3191,3452 3191,3442 3041,3442 3041,3452 3036,3457 2983,3457 2978,3462 2824,3462 2819,3457 2819,3418 2814,3418 2809,3413 2809,3409 2664,3409 2664,3413 2659,3418 2659,3457 2654,3462 2471,3462 2466,3457 2466,3433 2461,3428 2461,3418 2325,3418 2324,3417 2328,3413 2328,3412 2332,3408 2332,3407 2336,3403 2336,3402 2340,3398 2340,3397 2344,3393 2344,3392 2348,3388 2348,3387 2352,3383 2352,3382 2356,3378 2356,3377 2360,3373 2360,3372 2364,3368 2364,3367 2368,3363 2368,3362 2372,3358 2372,3357 2376,3353 2376,3352 2380,3348 2380,3347 2381,3346 2383,3346 2388,3341 2388,3337 2392,3333 2392,3332 2395,3329 2395,3328 2399,3324 2399,3323 2400,3322 2509,3322 2513,3326 2514,3326 2519,3331 2519,3336 2524,3341 2533,3341 2538,3346 2707,3346 2712,3351 2712,3384 2853,3384 2867,3370 2867,3365 2872,3360 2872,3346 2877,3341 3239,3341 3244,3336 3264,3336 3266,3338 3266,3339 3268,3341 3268,3380 3293,3380 3297,3384 3438,3384 3442,3380 3442,3341 3447,3336 3752,3336 3752,3268 3742,3268 3740,3266 3739,3266 3737,3264 3737,3225 3735,3223 3735,3222 3733,3220 3723,3220 3718,3215 3670,3215 3665,3210 3665,3177 3496,3177 3496,3210 3491,3215 3447,3215 3442,3220 3360,3220 3355,3215 3355,3206 3353,3204 3353,3203 3351,3201 3210,3201 3208,3203 3208,3204 3206,3206 3206,3215 3201,3220 3196,3215 3196,3186 3191,3181 3036,3181 3036,3220 3031,3225 2804,3225 2799,3220 2799,3201 2780,3201 2775,3196 2775,3186 2770,3181 2548,3181 2543,3186 2529,3186 2517,3198 2516,3198 2504,3210 2504,3215 2502,3217 2502,3218 2500,3220 2500,3244 2495,3249 2443,3249 2437,3243 2437,3242 2433,3238 2433,3237 2428,3232 2428,3231 2423,3226 2423,3225 2419,3221 2419,3220 2414,3215 2414,3214 2409,3209 2409,3208 2405,3204 2405,3203 2400,3198 2400,3197 2396,3193 2396,3192 2391,3187 2391,3186 2386,3181 2386,3180 2382,3176 2382,3175 2377,3170 2377,3169 2373,3165 2373,3164 2368,3159 2368,3158 2363,3153 2363,3152 2359,3148 2359,3147 2354,3142 2354,3141 2349,3136 2349,3135 2345,3131 2345,3130 2340,3125 2340,3124 2336,3120 2336,3119 2332,3115 2333,3114 2591,3114 2596,3109 2833,3109 2838,3104 3249,3104 3254,3109 3254,3147 3438,3147 3438,3109 3440,3107 3440,3106 3442,3104 3471,3104 3471,3099 3476,3094 3733,3094 3735,3092 3735,3091 3737,3089 3747,3089 3747,3085 3752,3080 3752,2998 3737,2983 3679,2983 3677,2981 3677,2980 3675,2978 3675,2944 3673,2942 3672,2942 3670,2940 3471,2940 3467,2944 3457,2944 3457,2978 3452,2983 3365,2983 3360,2988 3249,2988 3244,2983 3027,2983 3022,2978 3022,2954 3017,2949 3017,2944 2853,2944 2853,2988 2848,2993 2838,2993 2828,2983 2828,2973 2790,2973 2788,2971 2787,2971 2785,2969 2785,2954 2780,2949 2446,2949 2441,2954 2441,2988 2439,2990 2439,2991 2437,2993 2364,2993 2359,2988 2359,2954 2354,2949 2321,2949 2320,2948 2322,2946 2322,2945 2327,2940 2327,2939 2333,2933 2333,2932 2338,2927 2338,2926 2343,2921 2343,2920 2349,2914 2349,2913 2354,2908 2354,2907 2360,2901 2360,2900 2365,2895 2365,2894 2370,2889 2370,2888 2376,2882 2524,2882 2526,2884 2527,2884 2529,2886 2529,2925 2712,2925 2712,2886 2714,2884 2715,2884 2717,2882 2775,2882 2780,2877 3056,2877 3058,2875 3058,2874 3060,2872 3104,2872 3104,2853 3109,2848 3244,2848 3249,2843 3283,2843 3288,2848 3288,2872 3728,2872 3733,2867 3742,2867 3742,2862 3746,2858 3747,2858 3752,2853 3752,2794 3750,2792 3749,2792 3747,2790 3747,2751 3684,2751 3679,2746 3679,2707 3530,2707 3530,2712 3525,2717 3525,2746 3520,2751 3510,2751 3505,2746 3505,2722 3500,2717 3500,2712 3268,2712 3266,2714 3266,2715 3264,2717 3259,2717 3259,2775 3254,2780 3215,2780 3210,2775 3070,2775 3065,2770 3065,2765 3060,2765 3056,2761 2993,2761 2988,2756 2988,2717 2983,2712 2828,2712 2826,2714 2826,2715 2824,2717 2824,2756 2819,2761 2649,2761 2645,2765 2625,2765 2623,2763 2622,2763 2620,2761 2620,2717 2480,2717 2480,2756 2475,2761 2412,2761 2409,2758 2408,2758 2403,2753 2402,2753 2398,2749 2397,2749 2392,2744 2391,2744 2386,2739 2385,2739 2381,2735 2380,2735 2375,2730 2374,2730 2369,2725 2368,2725 2364,2721 2363,2721 2358,2716 2357,2716 2352,2711 2351,2711 2347,2707 2346,2707 2341,2702 2340,2702 2335,2697 2334,2697 2329,2692 2328,2692 2324,2688 2323,2688 2318,2683 2317,2683 2312,2678 2311,2678 2307,2674 2306,2674 2301,2669 2300,2669 2295,2664 2294,2664 2290,2660 2289,2660 2284,2655 2285,2654 2495,2654 2500,2649 2717,2649 2722,2654 2722,2688 2867,2688 2872,2683 2872,2678 2874,2676 2875,2676 2877,2674 2877,2669 2882,2664 2882,2649 2886,2645 3235,2645 3237,2643 3237,2642 3239,2640 3723,2640 3728,2635 3733,2635 3735,2633 3735,2632 3737,2630 3737,2625 3742,2620 3742,2533 3733,2524 3684,2524 3679,2519 3525,2519 3520,2524 3259,2524 3254,2529 3239,2529 3237,2527 3237,2526 3235,2524 3181,2524 3179,2522 3179,2521 3177,2519 3177,2485 3172,2480 3031,2480 3029,2482 3029,2483 3027,2485 3022,2485 3022,2524 3017,2529 2959,2529 2957,2531 2956,2531 2954,2533 2819,2533 2817,2531 2816,2531 2814,2529 2751,2529 2746,2524 2746,2490 2601,2490 2601,2500 2599,2502 2598,2502 2596,2504 2596,2529 2594,2531 2593,2531 2591,2533 2437,2533 2435,2531 2434,2531 2432,2529 2432,2495 2427,2495 2422,2490 2263,2490 2258,2495 2258,2529 2256,2531 2255,2531 2253,2533 2193,2533 2192,2532 2192,2523 2191,2522 2191,2499 2190,2498 2190,2475 2189,2474 2189,2452 2188,2451 2188,2428 2189,2427 2248,2427 2253,2422 2862,2422 2867,2417 3128,2417 3133,2412 3728,2412 3730,2410 3731,2410 3733,2408 3737,2408 3742,2403 3742,2398 3747,2393 3747,2325 3745,2323 3744,2323 3742,2321 3742,2296 3740,2294 3739,2294 3737,2292 3684,2292 3679,2287 3679,2258 3677,2256 3677,2255 3675,2253 3675,2248 3530,2248 3525,2253 3525,2292 3523,2294 3522,2294 3520,2296 3467,2296 3465,2294 3464,2294 3462,2292 3462,2253 3302,2253 3302,2277 3297,2282 3186,2282 3186,2292 3177,2301 3133,2301 3128,2296 2872,2296 2870,2294 2869,2294 2867,2292 2867,2263 2862,2263 2857,2258 2717,2258 2712,2263 2703,2263 2703,2282 2698,2287 2587,2287 2582,2292 2582,2301 2577,2306 2340,2306 2335,2301 2335,2296 2333,2294 2332,2294 2330,2292 2330,2267 2328,2265 2327,2265 2325,2263 2249,2263 2248,2262 2249,2261 2249,2260 2253,2256 2253,2255 2256,2252 2256,2251 2259,2248 2259,2247 2263,2243 2263,2242 2266,2239 2266,2238 2270,2234 2270,2233 2273,2230 2273,2229 2276,2226 2276,2225 2280,2221 2280,2220 2283,2217 2283,2216 2287,2212 2287,2211 2290,2208 2290,2207 2293,2204 2293,2203 2297,2199 2297,2198 2300,2195 2485,2195 2490,2190 2490,2176 2495,2171 2591,2171 2595,2175 2596,2175 2601,2180 2606,2180 2616,2190 2862,2190 2867,2195 2867,2229 3012,2229 3017,2224 3017,2219 3022,2214 3022,2209 3024,2207 3025,2207 3027,2205 3027,2200 3029,2198 3029,2197 3031,2195 3031,2190 3036,2185 3568,2185 3573,2190 3573,2219 3718,2219 3725,2212 3726,2212 3733,2205 3733,2190 3735,2188 3735,2187 3737,2185 3737,2180 3739,2178 3740,2178 3742,2176 3742,2118 3737,2113 3737,2108 3735,2106 3735,2105 3733,2103 3699,2103 3694,2098 3694,2064 3471,2064 3469,2066 3469,2067 3467,2069 3462,2064 3462,2021 3317,2021 3312,2026 3312,2059 3307,2064 3259,2064 3254,2069 2988,2069 2983,2074 2959,2074 2954,2069 2954,2030 2804,2030 2804,2035 2799,2040 2794,2035 2790,2035 2785,2030 2625,2030 2620,2035 2616,2035 2596,2055 2596,2059 2591,2064 2591,2069 2589,2071 2589,2072 2587,2074 2587,2098 2582,2103 2509,2103 2504,2098 2504,2050 2502,2048 2502,2047 2500,2045 2500,2040 2495,2040 2490,2035 2364,2035 2363,2034 2363,2030 2364,2029 2364,2016 2365,2015 2365,2002 2366,2001 2366,1988 2367,1987 2367,1974 2368,1973 2368,1969 2369,1968 2371,1970 2372,1970 2374,1972 2374,2006 2524,2006 2529,2001 2529,1992 2531,1990 2531,1989 2533,1987 2533,1982 2538,1977 2538,1972 2540,1970 2541,1970 2543,1968 2620,1968 2625,1963 3114,1963 3116,1961 3116,1960 3118,1958 3423,1958 3428,1953 3704,1953 3704,1934 3706,1932 3706,1931 3708,1929 3742,1929 3747,1924 3747,1885 3749,1883 3750,1883 3752,1881 3786,1881 3791,1876 3795,1876 3800,1871 3805,1871 3810,1866 3820,1866 3824,1862 3824,1861 3828,1857 3828,1798 3824,1794 3805,1794 3800,1789 3800,1774 3655,1774 3650,1779 3650,1784 3636,1798 3631,1798 3631,1808 3626,1813 3626,1827 3621,1832 3534,1832 3532,1834 3532,1835 3530,1837 3452,1837 3452,1842 3447,1847 3360,1847 3360,1876 3355,1881 3278,1881 3276,1883 3275,1883 3273,1885 3225,1885 3223,1883 3222,1883 3220,1881 3220,1847 2998,1847 2993,1842 2993,1803 2988,1798 2843,1798 2838,1803 2838,1842 2833,1847 2785,1847 2780,1852 2514,1852 2512,1854 2511,1854 2509,1856 2471,1856 2471,1885 2466,1890 2461,1890 2456,1885 2456,1856 2384,1856 2383,1855 2383,1854 2384,1853 2384,1851 2385,1850 2385,1848 2386,1847 2386,1845 2387,1844 2387,1842 2388,1841 2388,1838 2389,1837 2389,1835 2390,1834 2390,1832 2391,1831 2391,1829 2392,1828 2392,1826 2393,1825 2393,1823 2394,1822 2394,1820 2395,1819 2395,1817 2396,1816 2396,1814 2397,1813 2397,1811 2398,1810 2398,1807 2399,1806 2399,1804 2400,1803 2400,1801 2401,1800 2401,1798 2402,1797 2402,1795 2403,1794 2403,1792 2404,1791 2404,1789 2405,1788 2405,1786 2406,1785 2406,1783 2407,1782 2407,1780 2408,1779 2408,1776 2409,1775 2409,1773 2410,1772 2410,1770 2411,1769 2411,1767 2412,1766 2412,1764 2413,1763 2413,1761 2414,1760 2414,1758 2415,1757 2415,1755 2416,1754 2416,1752 2417,1751 2417,1749 2418,1748 2418,1745 2419,1744 2419,1742 2420,1741 2420,1739 2421,1738 2421,1736 2422,1735 2422,1733 2423,1732 2423,1730 2424,1729 2424,1727 2425,1726 2425,1724 2426,1723 2426,1721 2427,1720 2427,1718 2428,1717 2428,1714 2429,1713 2429,1712 2430,1711 2553,1711 2558,1716 2558,1731 2562,1735 2703,1735 2707,1731 3012,1731 3014,1733 3015,1733 3017,1735 3017,1765 3019,1767 3020,1767 3022,1769 3027,1769 3031,1773 3031,1774 3036,1779 3206,1779 3206,1774 3208,1772 3208,1771 3210,1769 3215,1769 3219,1765 3220,1765 3225,1760 3225,1731 3230,1726 3496,1726 3498,1724 3498,1723 3500,1721 3563,1721 3568,1726 3568,1760 3718,1760 3728,1750 3728,1740 3733,1735 3733,1726 3735,1724 3735,1723 3737,1721 3737,1653 3735,1651 3735,1650 3733,1648 3728,1648 3726,1646 3725,1646 3723,1644 3655,1644 3650,1639 3650,1615 3645,1610 3645,1609 3641,1605 3307,1605 3307,1610 3302,1615 3133,1615 3128,1610 3128,1566 2978,1566 2973,1571 2602,1571 2601,1570 2602,1569 2603,1569 2605,1567 2606,1567 2608,1565 2609,1565 2610,1564 2611,1564 2613,1562 2614,1562 2615,1561 2616,1561 2618,1559 2619,1559 2621,1557 2622,1557 2623,1556 2624,1556 2626,1554 2627,1554 2628,1553 2629,1553 2631,1551 2632,1551 2634,1549 2635,1549 2636,1548 2637,1548 2639,1546 2640,1546 2642,1544 2643,1544 2644,1543 2645,1543 2647,1541 2648,1541 2649,1540 2650,1540 2652,1538 2653,1538 2655,1536 2656,1536 2657,1535 2658,1535 2660,1533 2661,1533 2663,1531 2664,1531 2665,1530 2666,1530 2668,1528 2669,1528 2670,1527 2671,1527 2673,1525 2674,1525 2676,1523 2677,1523 2678,1522 2679,1522 2681,1520 2682,1520 2683,1519 2684,1519 2686,1517 2687,1517 2689,1515 2690,1515 2691,1514 2692,1514 2694,1512 2695,1512 2697,1510 2698,1510 2699,1509 2700,1509 2701,1508 2746,1508 2751,1503 2809,1503 2811,1501 2812,1501 2814,1499 2819,1499 2824,1494 2833,1494 2833,1484 2838,1479 2944,1479 2949,1484 2949,1489 2959,1499 2964,1499 2966,1501 2967,1501 2969,1503 3244,1503 3246,1501 3247,1501 3249,1499 3317,1499 3319,1501 3320,1501 3322,1503 3322,1547 3326,1547 3331,1552 3486,1552 3491,1547 3496,1547 3496,1499 3498,1497 3498,1496 3500,1494 3559,1494 3561,1496 3561,1497 3563,1499 3563,1532 3713,1532 3717,1528 3718,1528 3723,1523 3723,1518 3728,1513 3728,1503 3730,1501 3731,1501 3733,1499 3733,1431 3728,1426 3728,1421 3723,1416 3655,1416 3653,1414 3652,1414 3650,1412 3650,1402 3648,1400 3648,1399 3646,1397 3646,1392 3641,1387 3631,1387 3626,1382 3471,1382 3469,1384 3469,1385 3467,1387 3365,1387 3360,1382 3360,1368 3355,1363 3210,1363 3208,1365 3208,1366 3206,1368 3206,1382 3201,1387 3196,1382 3196,1349 3186,1339 2988,1339 2983,1344 2965,1344 2964,1343 2963,1343 2962,1344 2961,1344 2959,1346 2958,1346 2957,1347 2956,1347 2954,1349 2953,1349 2951,1351 2950,1351 2949,1352 2948,1352 2946,1354 2945,1354 2943,1356 2942,1356 2941,1357 2940,1357 2938,1359 2937,1359 2936,1360 2935,1360 2933,1362 2932,1362 2930,1364 2929,1364 2928,1365 2927,1365 2925,1367 2924,1367 2923,1368 2922,1368 2920,1370 2919,1370 2917,1372 2916,1372 2915,1373 2914,1373 2912,1375 2911,1375 2909,1377 2908,1377 2907,1378 2906,1378 2904,1380 2903,1380 2902,1381 2901,1381 2899,1383 2898,1383 2896,1385 2895,1385 2894,1386 2893,1386 2891,1388 2890,1388 2888,1390 2887,1390 2886,1391 2885,1391 2883,1393 2882,1393 2881,1394 2880,1394 2878,1396 2877,1396 2875,1398 2874,1398 2873,1399 2872,1399 2870,1401 2869,1401 2868,1402 2867,1402 2865,1404 2864,1404 2862,1406 2861,1406 2860,1407 2859,1407 2857,1409 2856,1409 2854,1411 2853,1411 2852,1412 2770,1412 2770,1416 2765,1421 2763,1419 2763,1418 2761,1416 2761,1397 2756,1392 2756,1344 2606,1344 2606,1387 2601,1392 2466,1392 2461,1397 2451,1397 2446,1402 2441,1397 2441,1353 2437,1349 2287,1349 2285,1351 2284,1351 2282,1353 2277,1353 2275,1351 2274,1351 2272,1349 2113,1349 2111,1351 2110,1351 2108,1353 2103,1353 2088,1368 2088,1373 2079,1382 2079,1392 2074,1397 2074,1416 2069,1421 2059,1421 2057,1419 2057,1418 2055,1416 1948,1416 1946,1414 1945,1414 1943,1412 1943,1363 1941,1361 1941,1360 1939,1358 1941,1356 1941,1355 1943,1353 1982,1353 1982,1329 1987,1324 2011,1324 2011,1300 2016,1295 2021,1295 2023,1293 2024,1293 2026,1291 2055,1291 2055,1286 2057,1284 2057,1283 2059,1281 2572,1281 2577,1276 2582,1276 2582,1262 2587,1257 2683,1257 2688,1252 2746,1252 2751,1257 2751,1271 3505,1271 3510,1266 3718,1266 3720,1264 3721,1264 3723,1262 3723,1257 3728,1252 3733,1252 3733,1184 3588,1184 3583,1179 3583,1155 3486,1155 3481,1150 3481,1117 3360,1117 3355,1112 3355,1107 3201,1107 3201,1150 3196,1155 3085,1155 3080,1160 3036,1160 3031,1155 3031,1107"/><TextEquiv><Unicode/></TextEquiv><TextLine id="r2_l001"><Coords points="1908,1326 1908,1325 1908,1300 1907,1300 1409,1304 1409,1305 1409,1314 1408,1314 1369,1315 1369,1314 1369,1311 1368,1311 946,1314 946,1314 946,1278 945,1277 838,1278 837,1278 836,1145 837,1144 879,1144 880,1143 880,1143 880,1153 880,1154 2155,1143 2156,1142 2951,1135 2951,1134 2951,1132 2952,1132 2966,1132 2966,1132 2966,1134 2967,1135 3288,1132 3288,1132 3288,1142 3289,1143 3414,1142 3414,1142 3414,1150 3415,1151 3827,1147 3827,1148 3829,1303 3828,1303 3827,1303 3827,1303 3826,1263 3827,1262 3827,1246 3827,1245 2504,1257 2503,1258 1990,1262 1989,1263 1989,1268 1989,1268 1959,1268 1958,1269 1958,1273 1958,1273 1948,1273 1948,1274 1948,1289 1947,1289 1943,1289 1943,1290 1943,1299 1942,1300 1913,1300 1913,1300 1913,1325 1912,1326"/><TextEquiv index="1"><Unicode>jeu auprs de madame. -- Monseieur...</Unicode></TextEquiv></TextLine><TextLine id="r2_l002"><Coords points="839,1369 3830,1343 3832,1563 841,1589"/><TextEquiv index="1"><Unicode>me le promet? --Oui, oui. -- C'est que,</Unicode></TextEquiv></TextLine><TextLine id="r2_l003"><Coords points="841,1595 3832,1569 3833,1771 843,1797"/><TextEquiv index="1"><Unicode>si madame savait!... -- Elle l'ignorera,</Unicode></TextEquiv></TextLine><TextLine id="r2_l004"><Coords points="3832,1868 3830,1868 3829,1867 3827,1867 3827,1867 3827,1858 3826,1857 3701,1858 3701,1858 3701,1849 3700,1848 3696,1848 3696,1848 3696,1839 3696,1838 3700,1838 3700,1838 3700,1836 3701,1835 3701,1824 3702,1823 3707,1823 3707,1823 3707,1813 3708,1812 3712,1812 3712,1812 3712,1808 3713,1807 3717,1807 3717,1807 3717,1803 3718,1802 3722,1802 3722,1801 3722,1797 3723,1797 3827,1796 3827,1796 3827,1771 3827,1770 3832,1770 3833,1771 3834,1869 3833,1869"/><TextEquiv index="1"><Unicode></Unicode></TextEquiv></TextLine><TextLine id="r2_l005"><Coords points="844,2016 844,2016 842,1834 843,1833 850,1833 851,1832 880,1832 880,1832 880,1839 880,1840 2226,1828 2227,1829 2921,1823 2921,1823 2921,1827 2922,1828 2926,1828 2926,1828 2927,1863 2927,1864 3605,1858 3606,1859 3606,1863 3606,1863 3615,1863 3616,1863 3616,1868 3616,1869 3829,1867 3830,1868 3832,1868 3834,1870 3835,1980 3834,1980 3829,1980 3828,1981 3827,1981 3827,1981 3826,1950 3827,1949 3827,1932 3827,1931 2554,1942 2553,1943 2473,1944 2472,1944 2472,1953 2472,1954 2468,1954 2467,1954 2467,1955 2466,1956 2467,1963 2466,1964 2462,1964 2462,1964 2462,1978 2461,1979 2457,1979 2457,1980 2457,1984 2456,1984 2442,1984 2442,1984 2441,1946 2441,1945 880,1959 880,1959 880,1964 879,1965 880,2015 879,2016"/><TextEquiv index="1"><Unicode>dis donc? -- Eh bien, monsieur .... ma-</Unicode></TextEquiv></TextLine><TextLine id="r2_l006"><Coords points="845,2061 3836,2035 3837,2230 847,2257"/><TextEquiv index="1"><Unicode>dame a jou. -- Jou? -- Oui, monsieur,</Unicode></TextEquiv></TextLine><TextLine id="r2_l007"><Coords points="847,2282 3838,2255 3839,2445 848,2472"/><TextEquiv index="1"><Unicode>et perdu, non-seulement les cent louis</Unicode></TextEquiv></TextLine><TextLine id="r2_l008"><Coords points="3827,2672 3827,2672 3827,2656 3826,2655 2790,2664 2790,2664 2789,2641 2789,2640 1042,2655 1042,2656 1042,2684 1041,2684 1017,2685 1017,2685 1017,2688 1016,2689 1006,2689 1006,2688 1006,2684 1005,2684 996,2684 996,2683 995,2650 995,2650 850,2651 849,2651 848,2518 849,2517 880,2517 880,2517 880,2523 880,2524 3097,2504 3098,2503 3827,2497 3827,2497 3827,2482 3828,2481 3839,2481 3839,2481 3841,2671 3840,2672"/><TextEquiv index="1"><Unicode>que monsieur lui a donns, mais encore</Unicode></TextEquiv></TextLine><TextLine id="r2_l009"><Coords points="852,2932 852,2932 850,2753 851,2752 880,2752 880,2752 880,2754 880,2755 1032,2754 1032,2754 1032,2759 1033,2759 1037,2759 1037,2760 1038,2800 1038,2800 1091,2800 1092,2801 1261,2799 1262,2800 1376,2799 1377,2800 1570,2799 1571,2798 1571,2785 1571,2785 1575,2785 1576,2784 1576,2780 1576,2780 1590,2780 1591,2780 1591,2795 1591,2796 1660,2795 1661,2796 1907,2794 1908,2793 1908,2775 1908,2775 1917,2775 1918,2775 1918,2779 1918,2780 1922,2780 1923,2780 1923,2794 1923,2795 1937,2795 1938,2796 2089,2794 2090,2794 2090,2791 2090,2790 2104,2790 2105,2791 2285,2790 2286,2791 2436,2789 2437,2789 2437,2786 2437,2785 2451,2785 2452,2786 2452,2790 2452,2790 2522,2789 2523,2790 2548,2790 2549,2790 2548,2740 2549,2739 2553,2739 2553,2740 2554,2790 2554,2790 2718,2789 2719,2788 2719,2785 2719,2785 2728,2785 2729,2786 2890,2784 2891,2784 2890,2740 2891,2739 2895,2739 2895,2739 2895,2735 2896,2734 2916,2734 2916,2735 2916,2739 2917,2739 2921,2739 2921,2740 2922,2785 2922,2785 2980,2784 2981,2785 2985,2785 2986,2786 2986,2790 2986,2790 2995,2790 2996,2791 2996,2800 2996,2800 3000,2800 3001,2801 3141,2800 3142,2801 3142,2805 3142,2805 3209,2804 3210,2805 3328,2804 3329,2804 3328,2754 3329,2753 3329,2740 3330,2739 3334,2739 3334,2739 3334,2735 3335,2734 3434,2734 3434,2734 3434,2743 3435,2744 3438,2744 3439,2744 3440,2744 3440,2745 3441,2780 3441,2780 3539,2780 3540,2779 3540,2775 3540,2775 3544,2775 3545,2776 3591,2775 3592,2775 3591,2740 3592,2739 3596,2739 3596,2739 3596,2730 3597,2729 3611,2729 3611,2729 3612,2774 3612,2775 3667,2775 3668,2775 3680,2775 3681,2776 3681,2820 3682,2820 3827,2819 3827,2819 3826,2752 3827,2751 3827,2718 3828,2717 3836,2717 3837,2718 3841,2718 3841,2718 3843,2902 3842,2903 3827,2903 3827,2903 3826,2830 3826,2829 3682,2830 3681,2831 3681,2835 3681,2835 3677,2835 3676,2836 3676,2840 3676,2840 3667,2841 3666,2841 3666,2844 3666,2845 3555,2845 3554,2844 3451,2845 3450,2844 3355,2845 3354,2845 3354,2820 3354,2819 3179,2821 3178,2821 3178,2824 3178,2825 3038,2826 3037,2827 3037,2845 3037,2845 2987,2845 2986,2846 2986,2850 2986,2850 2982,2850 2981,2849 2896,2850 2895,2849 2710,2851 2709,2851 2709,2854 2709,2855 2644,2855 2643,2856 2644,2901 2643,2901 2608,2902 2608,2902 2608,2904 2606,2906 2603,2906 2603,2905 2603,2901 2602,2901 2598,2901 2598,2900 2597,2855 2597,2855 2524,2855 2523,2854 2428,2855 2427,2854 2300,2855 2272,2856 2271,2856 2271,2859 2271,2860 2191,2860 2190,2859 2085,2860 2084,2859 1919,2861 1918,2861 1918,2864 1918,2865 1836,2865 1835,2864 1748,2865 1747,2864 1632,2865 1631,2864 1380,2866 1379,2867 1379,2870 1379,2870 1378,2870 1377,2869 1360,2870 1359,2869 1149,2870 1148,2869 1034,2870 1033,2869 880,2871 880,2871 880,2880 879,2881 880,2931 879,2932"/><TextEquiv index="1"><Unicode>deux cents autres sur sa parole. -- Trois</Unicode></TextEquiv></TextLine><TextLine id="r2_l010"><Coords points="853,2971 3844,2944 3845,3136 854,3163"/><TextEquiv index="1"><Unicode>cents louis, bon dieu! Et dans quelle</Unicode></TextEquiv></TextLine><TextLine id="r2_l011"><Coords points="855,3207 3846,3180 3847,3378 857,3405"/><TextEquiv index="1"><Unicode>inernale maison? ... -- Oh, ce n'est pas la</Unicode></TextEquiv></TextLine><TextLine id="r2_l012"><Coords points="3827,3604 3827,3604 3827,3591 3826,3590 3193,3596 3193,3595 3193,3592 3192,3592 1943,3603 1943,3603 1943,3605 1942,3606 1898,3606 1898,3605 1898,3573 1897,3573 858,3582 858,3582 856,3440 857,3439 880,3439 880,3439 880,3452 880,3453 2734,3437 2734,3436 2734,3434 2735,3434 2739,3434 2740,3435 3442,3428 3443,3429 3515,3429 3515,3429 3516,3444 3516,3445 3847,3442 3848,3442 3849,3603 3848,3604"/><TextEquiv index="1"><Unicode>premire fois que madame joue et perd!...</Unicode></TextEquiv></TextLine><TextLine id="r2_l013"><Coords points="859,3681 858,3681 858,3583 858,3582 980,3581 981,3580 1005,3580 1006,3580 1006,3595 1006,3596 1011,3596 1012,3596 1012,3605 1012,3606 1021,3606 1022,3606 1022,3610 1021,3611 1017,3611 1017,3611 1017,3615 1016,3616 880,3617 880,3617 880,3680 880,3681"/><TextEquiv index="1"><Unicode></Unicode></TextEquiv></TextLine><TextLine id="r2_l014"><Coords points="3827,3838 3827,3838 3826,3783 3827,3782 3827,3776 3827,3775 2544,3786 2543,3787 2543,3789 2542,3790 2543,3797 2542,3797 2538,3797 2538,3798 2538,3807 2537,3807 2533,3807 2533,3808 2533,3817 2532,3817 2528,3817 2528,3818 2528,3821 2527,3821 1848,3827 1848,3828 1848,3832 1847,3832 1817,3833 1817,3833 1817,3836 1816,3837 880,3845 880,3845 880,3860 880,3861 861,3861 860,3861 859,3698 859,3697 875,3697 876,3696 980,3695 981,3694 981,3686 981,3686 990,3686 991,3685 990,3683 991,3682 991,3681 992,3681 1329,3678 1329,3677 1329,3676 1330,3676 2427,3666 2428,3667 3827,3655 3827,3655 3827,3642 3828,3641 3849,3641 3849,3641 3851,3837 3850,3838"/><TextEquiv index="1"><Unicode>Je suis sr qu'elle a dj laiss chez ma-</Unicode></TextEquiv></TextLine><TextLine id="r2_l015"><Coords points="861,3898 3852,3871 3853,4059 863,4086"/><TextEquiv index="1"><Unicode>dame des Etanges, cette prtendue ba-</Unicode></TextEquiv></TextLine><TextLine id="r2_l016"><Coords points="3827,4292 3827,4292 3826,4242 3827,4241 3827,4235 3827,4234 3676,4235 3675,4234 3662,4235 3661,4234 3661,4231 3661,4231 2377,4242 2376,4242 2377,4265 2376,4266 2372,4266 2372,4266 2372,4275 2371,4276 2367,4276 2367,4276 2367,4280 2366,4281 2362,4281 2362,4281 2362,4285 2361,4286 2335,4286 2335,4287 2335,4291 2334,4291 2316,4291 2316,4291 2316,4287 2315,4286 2306,4286 2306,4286 2306,4284 2305,4283 880,4296 880,4296 880,4309 879,4310 873,4310 872,4309 864,4309 864,4309 862,4125 863,4124 880,4124 880,4124 880,4139 880,4140 2029,4130 2029,4130 2029,4131 2030,4132 3827,4116 3827,4116 3827,4112 3828,4111 3848,4111 3849,4112 3853,4112 3853,4112 3855,4291 3854,4292"/><TextEquiv index="1"><Unicode>ronne, cette intrigante connue dans</Unicode></TextEquiv></TextLine><TextLine id="r2_l017"><Coords points="3828,4535 3827,4535 3826,4447 3826,4446 3692,4447 3691,4448 3691,4452 3691,4452 3687,4452 3686,4453 3686,4457 3686,4457 3682,4457 3681,4458 3681,4462 3681,4462 3677,4462 3676,4463 3676,4466 3676,4466 3641,4467 3640,4467 3641,4491 3640,4492 3636,4492 3636,4492 3636,4496 3635,4497 3631,4497 3631,4497 3631,4501 3630,4502 3626,4502 3626,4502 3626,4506 3625,4507 3601,4507 3601,4508 3601,4512 3600,4512 3586,4512 3586,4512 3586,4508 3585,4507 3576,4507 3576,4507 3576,4503 3575,4502 3571,4502 3571,4502 3570,4462 3570,4461 3448,4462 3447,4461 3380,4462 3379,4461 3229,4462 3228,4461 3189,4462 3188,4461 2885,4463 2884,4464 2885,4507 2884,4507 2875,4507 2875,4508 2875,4511 2874,4511 2840,4512 2840,4511 2840,4506 2839,4506 2709,4507 2709,4506 2709,4503 2708,4503 2704,4503 2704,4502 2703,4466 2703,4466 2569,4467 2568,4466 2373,4468 2372,4468 2372,4477 2371,4478 2372,4486 2371,4487 2367,4487 2367,4487 2367,4496 2366,4497 2362,4497 2362,4497 2362,4506 2361,4507 2356,4507 2356,4508 2356,4512 2355,4512 2341,4512 2341,4512 2340,4467 2340,4466 2232,4467 2231,4466 2075,4467 2074,4466 1908,4468 1884,4468 1883,4469 1883,4472 1883,4472 1874,4472 1873,4471 1738,4472 1737,4471 1546,4473 1545,4474 1545,4477 1545,4477 1536,4477 1535,4476 1404,4477 1403,4478 1404,4523 1403,4523 1386,4523 1385,4522 1364,4523 1364,4522 1363,4477 1363,4477 1272,4477 1271,4476 1209,4477 1208,4476 1078,4477 1077,4476 880,4478 880,4478 880,4484 879,4485 880,4545 880,4546 867,4546 866,4546 864,4310 864,4309 872,4309 873,4310 879,4310 880,4310 880,4366 880,4367 1037,4366 1037,4366 1037,4370 1038,4371 1041,4370 1042,4371 1046,4371 1047,4372 1047,4376 1047,4376 1051,4376 1052,4377 1052,4382 1052,4382 1056,4382 1057,4383 1057,4412 1057,4412 1217,4411 1218,4410 1217,4369 1218,4368 1218,4366 1219,4366 1223,4366 1223,4365 1223,4361 1224,4361 1233,4361 1233,4361 1233,4365 1234,4366 1238,4366 1238,4366 1239,4407 1239,4408 1373,4407 1374,4408 1484,4407 1485,4408 1613,4406 1614,4407 1747,4406 1748,4406 1747,4357 1748,4356 1772,4356 1772,4357 1772,4361 1773,4361 1777,4361 1777,4362 1778,4402 1778,4402 1837,4402 1838,4403 1932,4402 1933,4403 2028,4402 2029,4403 2235,4401 2236,4401 2235,4365 2236,4364 2236,4357 2237,4356 2251,4356 2252,4357 2372,4356 2372,4356 2373,4397 2373,4398 2527,4397 2528,4398 2587,4397 2588,4398 2668,4397 2669,4398 2669,4402 2669,4402 2673,4402 2674,4403 2674,4412 2674,4412 2678,4412 2679,4413 2679,4437 2680,4437 2840,4436 2840,4435 2840,4402 2840,4402 2849,4402 2850,4401 2850,4397 2850,4397 2920,4396 2921,4396 2920,4361 2921,4360 2921,4352 2922,4351 2951,4351 2951,4351 2952,4392 2952,4393 3198,4391 3199,4390 3198,4351 3199,4351 3208,4351 3208,4350 3208,4346 3209,4346 3218,4345 3219,4346 3228,4346 3228,4347 3228,4351 3229,4351 3233,4351 3233,4352 3234,4393 3234,4393 3433,4392 3434,4391 3433,4358 3434,4357 3434,4351 3435,4351 3447,4350 3448,4351 3455,4351 3455,4352 3456,4397 3456,4397 3655,4396 3656,4395 3656,4382 3656,4382 3665,4382 3666,4381 3666,4376 3666,4376 3670,4376 3671,4376 3671,4381 3671,4382 3675,4381 3676,4382 3676,4397 3676,4397 3690,4397 3691,4398 3691,4442 3692,4442 3827,4441 3827,4441 3826,4356 3827,4355 3827,4324 3828,4323 3855,4323 3855,4323 3857,4532 3857,4533 3855,4533 3854,4534 3836,4534 3835,4535"/><TextEquiv index="1"><Unicode>Paris pour donner  jouer, plus de vingt</Unicode></TextEquiv></TextLine><TextLine id="r2_l018"><Coords points="867,4581 3858,4554 3859,4753 869,4780"/><TextEquiv index="1"><Unicode>mille francs! -- Que dis-tu? et o les</Unicode></TextEquiv></TextLine><TextLine id="r2_l019"><Coords points="869,4813 3860,4786 3861,4979 871,5006"/><TextEquiv index="1"><Unicode>aurait-elle pris? -- Je l'ignore, monsieur.</Unicode></TextEquiv></TextLine><TextLine id="r2_l020"><Coords points="871,5043 3862,5016 3863,5207 873,5233"/><TextEquiv index="1"><Unicode>-- Ah bien, voil un joli petit train</Unicode></TextEquiv></TextLine><TextLine id="r2_l021"><Coords points="873,5276 1415,5272 1416,5456 875,5460"/><TextEquiv index="1"><Unicode>de vie!</Unicode></TextEquiv></TextLine><TextLine id="r2_l022"><Coords points="875,5474 3866,5448 3867,5676 877,5702"/><TextEquiv index="1"><Unicode>A peine Bernard est-il sorti de l'appar-</Unicode></TextEquiv></TextLine><TextLine id="r2_l023"><Coords points="877,5722 3868,5696 3869,5900 879,5926"/><TextEquiv index="1"><Unicode>tement de Briceval, que celui - ci voit</Unicode></TextEquiv></TextLine><TextLine id="r2_l024"><Coords points="879,5958 3870,5932 3871,6134 880,6160"/><TextEquiv index="1"><Unicode>entrer M. B..... son notaire. Pardon,</Unicode></TextEquiv></TextLine></TextRegion></Page></PcGts>