4266 7737
2075 892 2559 1053 a
941 1106 3672 1292 tant d'expérience, vous donnez de pa-
936 1339 3672 1478 reilles sommes à une femme sans la si-
942 1568 3682 1746 gnature de son mari! et vous croyez à ses
936 1795 3667 1978 mensonges!... Mais elle me ruinera si
941 2013 3667 2204 elle a affaire à des gens aussi confians
936 2251 3667 2430 que vous!... Je vous défends de lui don-
931 2483 3667 2666 ner une obole sans ma permission. --
935 2709 3662 2886 Monsieur, si j'avais cru.... -- Laissez-
941 2895 3667 3120 moi, monsieur, je suis au désespoir!...
1091 3168 3662 3342 Le notaire se retire, et Briceval, fu-
941 3392 3667 3565 rieux, veut entrer chez sa femme. Elle
941 3625 3672 3824 est sortie; un grand déjeûner l'appelle
941 3854 3672 3994 chez une femme dont le nom seul est un
936 4084 3666 4261 opprobre!... Quelle journée passe Brice-
941 4312 3672 4494 val!... Il veut voir M. de Verneuil pour
936 4542 3667 4723 implorer le crédit qu'il a sur l'esprit de
941 4767 3667 4908 Jeannette! Briceval se rend chez cet hom-
940 4996 3662 5169 me estimable, et lui confie tous ses cha-
941 5227 3672 5407 grins. M. de Verneuil n'en paraît pas
941 5459 3662 5640 étonné. Il sait tout cela; il en gémit, et
936 5687 3657 5870 pense, comme Briceval, que sa femme a
940 5919 3667 6106 l'esprit perdu, le cœur gâté par les mau-
