4266 7715
1199 1480 3478 1645 HAPITRE XXXV.
1159 1480 1294 1547 L
1436 1787 3233 1902 Scène violente. Conclusion.
2103 934 2595 1094 L..
993 2022 1179 2096 L
988 2082 3734 2248 Leux jours s'écoulent sans que madame
983 2304 3720 2481 reparaisse dans l'hôtel: elle rentre enfin;
993 2525 3731 2708 et son époux, outré de fureur, ne veut
983 2760 3729 2920 pas entrer chez elle, dans la crainte de
1003 2938 3734 3158 s'emporter. Il fait monter Bernard. D'où
998 3215 3724 3383 viens-tu? lui dit-il; où ta maîtresse a-
988 3440 3739 3620 t-elle passé ces deux jours-ci? -- Hélas,
993 3665 3749 3839 mon cher maître, ne me le demandez
1003 3897 3729 4075 pas! -- Je veux le savoir, ou je te chasse.
998 4119 3735 4291 -- Monsieur! -- Parle, vil complaisant
998 4340 3735 4516 des désordres d'une femme coupable! --
1003 4572 3735 4761 Je suis perdu, monsieur, si madame
1003 4810 3740 4984 sait .... -- Choisis, dix louis, ou cent
1008 5040 3734 5225 coups de bâton et ton compte? -- Eh
1004 5265 3745 5447 bien, monsieur, si vous l'exigez, je
1008 5485 3744 5663 choisirai les dix louis, et je vous dirai
1013 5716 3744 5902 que nous avons été à la campagne chez
1013 5943 3740 6130 cette madame des Etanges.... Il y avait
