4266 7867
505 1121 3279 1338 grande socit .... Madame y a jou,
496 1356 3279 1573 perdu tout, jusqu' ses bijoux. -- Quelle
496 1586 3284 1803 horreur! mais ce got du jeu, elle ne
486 1820 3274 2033 l'avait pas autrefois? -- Oh que pardon-
485 2053 3270 2265 nez-moi, monsieur; je m'en suis aperu,
475 2294 3269 2508 moi qui ne suis qu'un ignorant, sur-tout
478 2530 3268 2741 pendant l'anne que vous avez t ab-
469 2760 3264 2964 sent. A Chartres, madame avait des so-
474 2994 3254 3200 cits o elle allait jouer, le soir,  l'insu
474 3227 3238 3440 de sa mre. -- C'est cela qui l'a perdue!
469 3461 3248 3671 et elle a engag ses diamans? -- Eh puis
469 3686 3228 3852 encore .... -- Hoin? -- Ah! monsieur va
464 3912 3238 4116 se fcher! -- Dis tout, maraud? -- Eh
455 4143 3231 4342 puis encore une somme qu'un jeune mon-
459 4367 3233 4588 sieur lui a prte bien galamment, oh
455 4614 3226 4798 ca... -- Un jeune monsieur? -- Que ma-
454 4833 3228 5050 dame trouve bien aimable, et qui a bien
448 5059 3223 5278 des soins pour elle. -- Retire-toi, mal-
449 5290 1236 5428 heureux!...
618 5531 3219 5750 Bernard, effray, se sauve. Briceval
438 5756 3218 5992 est dsespr: il connat, pour la pre-
437 5984 3208 6224 mire fois, les transports de la jalou-
