4266 7774
910 1138 3663 1325 sie.... Il marche  grands pas; il frappe
916 1362 3660 1568 les meubles; il est dans un tat affreux.
919 1591 3660 1794 Enfin, il se dcide  entrer chez sa femme.
929 1819 3670 2028 Madame.... je sais tout! -- Tout, mon-
934 2047 3681 2259 sieur! eh quoi donc? -- Qui est ce jeune
939 2276 3813 2492 homme qui vous suit par - tout chez la
949 2503 3691 2717 des Etanges, cette vile crature chez qui
951 2735 3691 2949 vous avez pass deux jours? -- Ce... jeune
957 2963 3691 3167 homme, monsieur! -- Vous vous trou-
966 3188 3701 3402 blez!... -- Qui a pu vous dire? -- Je sais
965 3420 3701 3633 tous vos dportemens, vous dis - je! --
971 3653 3709 3856 Qu'appelez-vous, monsieur, mes dpor-
975 3875 3711 4089 temens? ne suis-je pas la matresse de
980 4101 3716 4313 mes actions? -- Femme indigne! vous
980 4329 3721 4549 me forcez enfin  regretter Ccile! -- Il
980 4559 3726 4775 vous sied bien de prononcer devant moi
994 4784 3721 5001 ce nom qui devrait vous faire rougir!
990 5011 3726 5225 -- Ah! c'est  moi de rougir! eh bien,
999 5244 3731 5459 madame, vos procds ont vaincu ma
1004 5468 3731 5691 haine pour le divorce. C'est trop souffrir;
1009 5692 3737 5901 il faut une fin  ceci, et je vous prie de
1015 5916 3757 6145 consentir.... -- Jamais, monsieur. Le
