4266 7774
2005 981 2632 1171 .
926 1191 3664 1382 bien, madame, nous verrons! nous ver-
925 1451 1457 1574 rons!...
1082 1642 3664 1857 Briceval sort furieux; il va faire quel-
925 1887 3664 2085 ques tours dans la rue, comme un ou,
925 2119 3669 2302 comme un insens!... Il balance, il h-
929 2344 3664 2538 site; enfin, il se rend chez son notaire,
925 2576 3674 2774 qu'il consulte. Ce notaire l'affermit dans
929 2799 3670 2994 son projet de divorce, et ne le quitte pas
935 3031 3663 3223 qu'il ne l'ait men chez le juge-de-paix,
929 3252 3670 3452 o Briceval, plus mort que vif, signe
926 3484 3669 3680 l'acte que le notaire fait dresser. Tous
925 3719 3668 3881 deux reviennent  l'htel avec le juge-de-
935 3952 3658 4124 paix. Jeannette n'est point sortie. Le no-
935 4173 3664 4369 taire lui adresse des reproches assez vifs,
930 4401 3664 4604 l'engage  signer. Elle s'emporte, elle
924 4633 3669 4829 crie, elle donne de nouvelles preuves d'un
924 4852 3669 5054 caractre pre, violent, et elle signe enfin
929 5097 3665 5292 l'acte de divorce par consentement mu-
935 5328 3690 5528 tuel. Ce n'est pas le tout, dit le notaire
934 5562 3660 5755 en tirant un autre acte de son porte-
930 5791 3674 5992 fenille: pour consolider cette sparation,
