4266 7683
979 1064 3695 1200 instant de mriter votre estime. -- Osez-
985 1294 3701 1467 vous, interrompt Briceval? -- Laissez-
984 1535 1760 1696 moi parler?
1140 1754 3701 1928 Vous vous rappelez ce jour, ce jour
979 1984 3715 2155 fatal o Ccile reconnut Saint-Ange dans
980 2220 3696 2391 mon poux? quelle douleur me it res-
979 2446 3690 2609 sentir cette fatale lumire! j'tais la ri-
975 2658 3696 2843 vale de mon amie! je lui avais enlev
974 2905 3700 3075 pour jamais tout espoir de bonheur! les
979 3130 3690 3294 plus violens combats s'lvent soudain
979 3359 3700 3485 dans mon cur! D'un ct la tendresse
980 3576 3691 3758 et l'estime que j'avais pour mon poux,
974 3819 3700 3944 me fesaient frmir  la seule ide de le
969 4051 3680 4206 perdre. De l'autre, la reconnaissance,
969 4275 3685 4443 l'amiti que j'avais voues  mademoiselle
970 4501 3686 4663 d'Eranville; tout me faisait une loi de
964 4726 3685 4891 lui rendre son amant. Elle est mre, me
970 4956 3686 5126 dis-je, Ccile! ses droits sont plus forts
934 5186 3680 5346 que les miens. Sans les cinquante francs
970 5406 3681 5581 qu'elle m'a donns, je n'aurais pu faire le
969 5642 3690 5811 voyage de Chartres; je n'aurais pas re-
975 5873 3691 6049 trouv ma famille, pous l'amant de
2029 826 2656 1051 .
