4266 7629
2727 6007 2929 6255 L
665 1073 3359 1243 mon amie. Son malheur est donc son pro-
665 1305 3357 1474 pre ouvrage! il faut tout rparer, lui ren
665 1524 3349 1708 dre un poux, donner un pre  son enant!
660 1752 3357 1886 Mais comment m'y prendre? M. de Bri-
655 1976 3353 2113 ceval abhorre le divorce: il me le dit sou-
655 2206 3353 2390 vent; il est impossible qu'il consente au
660 2430 3349 2611 sacrifice que je lui proposerai de sa main
655 2652 3348 2801 en aveur d'une autre. Ccile aussi ne
655 2878 3343 3063 voudra pas tre heureuse aux dpens de
655 3101 3343 3286 son amie. Soyons assez adroite pour les
655 3332 3334 3512 forcer tous les deux  s'unir, pour rendre,
655 3563 3338 3745 malgr lui, la libert  mon poux? Ce
655 3793 3337 3948 projet fut la suite de mille rlexions
655 4002 3338 4198 cruelles; mais enfin je m'y arrtai, et rien
655 4244 2568 4417 ne me cota pour l'excuter!
804 4473 3338 4654 Ce qui me rpugnait le plus, c'tait
650 4695 3333 4838 d'afecter de la froideur envers mon amie
650 4919 3338 5102 que je chrissais davantage, me voyant
645 5146 3328 5287 la cause de son malheur! J'en eus la for-
655 5372 3432 5560 ce; j'eus celle aussi de susciter des que-
650 5602 3328 5783 relles  mon mari, de prendre le ton
650 5818 3338 6008 d'une coquette, de feindre la dissipation,
1778 859 2255 1023 a.
