4266 7629
629 1062 3328 1268 l'approuver; en un mot, j'ai l'orguoil de
540 1257 3308 1452 me dire une coupable très-vertueuse; et si
600 1451 3313 1646 ce rôle désagréable m'a fait souffrir, j'en
599 1642 3303 1838 suis bien dédommagée par votre bonheur,
594 1830 1918 2013 qui en est l'ouvrage.
749 2030 3298 2178 Tout le monde reste muet d'étonne-
589 2223 3314 2415 ment: Cécile rompt le silence: Je le sa-
584 2407 3309 2603 vais bien, moi, dit-elle, qu'elle ne pou-
579 2601 3299 2797 vait être coupable! -- Femme généreuse,
584 2773 3294 2987 s'écrie Briceval! Eh quoi, j'ai pu!...
584 2981 3289 3178 Quelle honte pour moi! mais je réparerai
579 3175 3278 3369 ma faute: tu seras mon épouse, ange du
580 3371 3298 3563 ciel! je reprendrai tes doux liens. -- Im-
575 3570 3288 3749 possible, monsieur, répond Jeannette,
584 3761 3273 3946 (souriant) nous avons divorcé; oh, l'acte
574 3950 3269 4148 est signé; (d'un ton plus sérieux) et puis
559 4147 3254 4342 vous avez signé aussi la promesse d'épou-
565 4332 3264 4484 ser Cécile! -- Moi? -- La voici: c'est
564 4530 3259 4720 le papier que M. B.... vous a présenté
575 4727 1253 4846 en second.
713 4919 3268 5105 Briceval se tait. Cécile se jette dans les
549 5111 3243 5303 bras de son amie: elle ne veut point proſi-
555 5302 3253 5494 ter de tant de générosité; et il s'élève alors,
550 5496 3239 5677 entre Cécile, Briceval et Jeannette, un
544 5685 3248 5887 débat où brillent la délicatesse ensemble
554 5877 3239 6069 et la plus touchante amitié. Jeannette
1709 874 2176 1033 (a.
