4266 7629
829 5573 2945 5727 Fin du second et dernier Tome.
559 1159 3249 1316 fixer désormais un bonheur constant.
712 1354 3269 1558 Le juge-de-paix attendri lui-même de
554 1547 3269 1747 la noblesse du procédé de Jeannette, pres-
554 1743 3264 1936 crivit aux uns et aux autres ce qu'ils
560 1937 3258 2138 avaient à faire pour suivre les loix du di-
549 2128 3264 2324 vorce et conclure les deux mariages pro-
551 2321 3263 2518 jetés; puis tous ces amis partirent pour
559 2511 3264 2710 Chartres, où ils furent reçus avec la plus
549 2700 3263 2897 vive tendresse par l'estimable madame
548 2892 3259 3091 Déricourt, qui approuva tout, et ne cessa
521 3081 3254 3297 de ſaire l'éloge de la conduite de sa fille,
554 3275 2773 3468 de la bonne et généreuse Jannette.
713 3473 3254 3670 Au bout du terme prescrit par les loix,
553 3657 3264 3856 Briceval épousa Cécile, et Jeannette fut
554 3849 3259 4051 l'épouse de M. de Verneuil. Cécile, un
555 4042 3385 4251 an après, devint mère d'une jeune et jolie
559 4234 3258 4436 petite fille qu'elle nourrit: ces quatre
555 4430 3264 4624 amis vivent encore aujourd'hui dans la
559 4619 3264 4838 plus grande intimité, et sont heureux
554 4812 3259 5012 par le sacrifice surnaturel de l'un d'en-
559 5004 3259 5198 tr'eux, de Jeannette, le modèle touchant
559 5193 2867 5354 de l'amitié et de la reconnaissance!
